1781 3192
383 190 543 228 Lnfflst
575 187 876 228 SECUNDUS.
929 186 1028 225 cap.
1063 184 1208 224 XXIV.
1442 181 1533 220 255

70 308 170 344 sitos
202 307 227 346 i.
261 317 299 343 e.
332 301 438 355 apud
470 301 657 340 conditos
691 305 904 350 canerent,
939 311 1019 337 non
1043 299 1071 335 ii
1105 298 1246 347 etiam,
1279 296 1345 347 qni
1370 296 1526 346 inipso

69 363 216 401 sunere
245 361 357 398 tibiis
389 363 593 397 canerent.

181 430 337 468 genas
378 429 438 454 ne
470 412 717 463 radnnto]
785 412 971 450 Eandem
1011 411 1082 449 Xll
1124 408 1349 448 tabularum
1392 405 1525 457 legem

70 480 113 513 et
152 475 263 512 Fest.
308 486 345 524 p.
380 473 478 512 227.
517 475 809 509 commemorat
847 467 1032 522 (genas
1076 467 1264 505 radere
1306 465 1525 503 uetitum

71 536 150 569 est
180 532 227 567 in
261 528 383 578 lege
418 529 484 566 xl!
516 529 544 567 i.
578 540 613 567 e.
656 527 856 575 unguibus
898 523 1113 576 scindere)
1155 529 1196 561 et
1236 522 1341 561 Plin.
1381 521 1434 559 11.
1475 520 1526 559 N.

69 588 138 636 ΧΙ,
171 585 236 625 37.
271 585 362 632 58.;
395 584 648 635 eandemque
679 584 717 620 in
752 584 997 620 sententiam
1028 579 1264 630 accipienda
1285 583 1379 616 sunt
1403 576 1528 614 uerba

69 643 202 680 Seruii
235 640 284 678 ad
316 643 412 680 Aen.
450 641 534 691 xn,
568 640 662 681 606.
696 637 926 692 (cantum
961 637 1079 687 lege
1108 637 1174 674 Ml
1215 633 1526 682 tabularum,

64 710 124 735 ne
155 696 419 735 mulieres
453 695 964 749 carperentsaciem,
998 693 1306 732 hisnerbis:
1341 689 1528 728 mulier

63 753 248 791 faciem
281 767 341 791 ne
375 752 618 806 carpito).
687 753 827 803 ltaque
867 766 945 790 non
986 749 1214 789 andiendus
1254 753 1317 786 est
1355 747 1524 795 Lbinns,

65 811 157 859 qui,
197 810 289 859 quia
330 810 522 848 mulieres
561 822 686 861 genas
727 814 947 861 carperent
989 807 1235 857 forcipibus,
1282 817 1361 841 non
1401 814 1525 853 genas

63 865 283 915 raderent,
331 879 378 903 ex
425 868 568 904 Seruio
612 868 794 904 restitnit
846 869 1116 916 carpuntO.
1189 860 1390 900 Similiter
1433 864 1527 896 ante

63 922 232 973 Stepli.:
265 921 460 961 mulier
490 936 651 973 genas
684 935 744 960 ne
777 924 1001 974 carpit0.
1075 919 1186 957 ldem
1216 917 1323 957 Plut.
1360 922 1526 954 anctore

61 976 90 1016 l.
122 977 147 1017 l.
183 980 354 1016 uetitum
388 985 476 1017 erat
508 982 548 1017 in
581 978 673 1029 lege
707 978 884 1018 Solonis.

174 1047 513 1098 interpretes
550 1060 605 1086 sc.
631 1047 700 1085 xli
733 1046 975 1086 tabularum.
1039 1046 1080 1083 S.
1106 1043 1290 1082 Aelius
1315 1041 1524 1089 Paetus,

61 1114 181 1152 quem
223 1103 270 1140 ab
302 1104 436 1141 Ennio
493 1109 664 1154 propter
714 1102 960 1154 singularem
1015 1101 1213 1152 quandam
1262 1097 1525 1150 prudentiam

61 1164 229 1196 catum
281 1165 323 1197 et
371 1161 586 1210 egregie
638 1159 910 1198 cordatum
950 1157 1197 1209 appellatum
1242 1167 1335 1193 esse
1380 1153 1525 1190 Cicero

62 1221 203 1252 auctor
243 1221 306 1252 est
346 1215 396 1253 de
428 1217 532 1266 Rep,
567 1211 600 1264 I,
643 1215 706 1256 18.
747 1229 828 1254 cos,
861 1216 941 1253 suit
972 1228 1061 1252 cnm
1095 1214 1146 1252 T.
1180 1212 1384 1250 Flaminio
1416 1222 1448 1247 a.
1484 1221 1526 1246 u.

60 1270 157 1311 556.
217 1272 295 1309 Hic
324 1273 432 1310 idem
467 1277 545 1321 est,
581 1285 698 1322 quem
731 1272 981 1322 Pomponius
1024 1272 1062 1308 in
1099 1271 1187 1320 Dig.
1219 1264 1254 1318 Ι,
1288 1268 1328 1307 2.
1362 1266 1400 1305 7.
1434 1269 1527 1317 post

60 1326 246 1366 Flauium
293 1327 380 1367 aliis
424 1330 607 1366 actiones
649 1330 930 1380 composuisse
963 1328 1064 1366 dicit
1100 1333 1143 1364 et
1185 1324 1329 1362 librum
1373 1321 1525 1374 populo

61 1383 244 1434 dedisse,
278 1387 344 1434 qui
380 1384 661 1436 appellaretur
692 1387 754 1423 ins
786 1384 1013 1423 Aelianum.
1082 1383 1130 1423 L.
1171 1379 1414 1428 Acilium,
1458 1379 1526 1429 qui

61 1439 139 1476 hoc
170 1453 248 1477 nno
289 1440 380 1478 loeo
422 1443 460 1477 in
502 1440 888 1479 iurisconsultorum
930 1452 1099 1478 numero
1141 1439 1336 1486 habetur,
1375 1436 1526 1472 merito

62 1494 237 1533 eundem
271 1509 364 1534 esse
395 1496 576 1534 indicant
609 1496 789 1535 Orellius
821 1494 887 1551 (in
921 1494 1096 1549 Onom.)
1125 1503 1167 1533 et
1186 1493 1313 1545 Seyff.
1341 1491 1390 1530 ad
1412 1490 1525 1531 Lael.

59 1564 99 1602 p.
134 1549 218 1601 ⁶29„
253 1566 372 1603 quem
403 1554 441 1590 in
473 1552 588 1591 Lael.
622 1553 662 1603 2,
695 1552 732 1594 6.
767 1553 872 1605 apud
904 1558 1046 1605 patres
1080 1553 1307 1603 sapientem
1342 1547 1525 1600 appella-

60 1612 144 1644 tum
179 1620 272 1646 esse
305 1609 422 1659 dixit,
456 1611 544 1659 quia
577 1609 757 1661 prudens
800 1623 892 1648 esse
932 1611 971 1647 in
1015 1610 1104 1647 iure
1145 1605 1256 1646 ciuili
1293 1610 1524 1658 putaretur.

57 1662 144 1701 hec
176 1669 312 1702 tamen
344 1666 422 1703 hoc
452 1667 586 1717 potins
618 1665 708 1704 loco
751 1666 1036 1717 corrigendum
1075 1669 1172 1717 puto
1216 1664 1261 1703 L.
1292 1660 1524 1711 Atilium,

59 1732 178 1770 quam
209 1719 280 1758 illo
312 1721 359 1759 L.
392 1721 642 1772 Aeilinm,
676 1725 769 1774 qnia
800 1723 839 1763 h.
871 1722 896 1762 l.
932 1722 1054 1761 codd.
1089 1734 1231 1759 omnes
1255 1720 1526 1770 pertinaciter

56 1781 204 1814 tenent
232 1776 455 1815 Acilium
487 1779 680 1829 idemque
712 1778 851 1830 plnres
881 1779 1002 1817 codd.
1042 1780 1082 1816 in
1126 1776 1268 1816 Laelio
1307 1776 1524 1828 praebent.

56 1832 106 1870 L.
134 1832 338 1871 Aelium
373 1834 657 1885 Stilonem,
703 1837 832 1874 uirum
868 1841 910 1874 et
942 1836 1101 1885 graecis
1135 1838 1176 1872 et
1202 1833 1340 1871 latinis
1371 1830 1524 1871 litteris

57 1888 262 1928 eruditum
297 1891 611 1942 Stoicorumque
644 1891 886 1944 disciplinae
919 1891 1121 1942 deditum,
1153 1890 1352 1928 Uarronis
1393 1889 1523 1939 magi-

56 1950 218 1996 strum,
268 1952 310 1985 ut
364 1949 619 1998 antiquitatis
666 1962 861 1987 romanae
915 1948 1103 1986 litterate
1153 1948 1331 1999 peritum
1378 1945 1524 1983 Cicero

55 2008 350 2042 commemorat
380 2005 420 2042 in
454 2005 569 2043 Brut.
603 2018 639 2044 c.
673 2006 739 2046 56.
776 2011 817 2043 et
851 2005 981 2043 Uarro
1020 2006 1061 2042 in
1101 2004 1190 2043 Cic.
1234 2003 1305 2041 Ac.
1340 1997 1375 2052 I,
1411 2001 1449 2042 2.
1483 2000 1524 2041 8.

54 2059 253 2097 Eiusdem
285 2073 408 2112 saepe
441 2062 695 2100 mentionem
728 2062 888 2100 faciunt
919 2062 1036 2100 Fest.
1071 2065 1113 2098 et
1143 2061 1291 2099 Uarro.

92 2158 105 2170 ι
167 2127 385 2167 Lessum
418 2150 472 2157 —
505 2128 764 2178 habento]
827 2129 1049 2166 Lessum
1082 2128 1275 2165 habere
1305 2124 1356 2162 de
1398 2123 1525 2162 eiula-

55 2184 167 2221 tione
202 2184 353 2223 dicitnr
385 2184 437 2223 de
468 2183 672 2223 industria
708 2185 833 2235 sacta,
866 2184 916 2222 ad
948 2197 1064 2235 qnam
1096 2183 1300 2235 praeficae
1338 2179 1525 2219 solebant

57 2238 260 2290 adhiberi,
292 2253 394 2291 quae
424 2241 613 2292 plauctus
645 2242 855 2293 principes
887 2242 1070 2290 suerunt,
1103 2253 1182 2278 non
1226 2237 1395 2277 doloris.
1458 2238 1524 2277 Cf.

55 2293 165 2331 Fest¹
210 2308 244 2332 s.
285 2309 323 2334 u.
363 2297 662 2347 praeficae.
726 2298 844 2336 varr.
877 2298 922 2338 L.
954 2297 1000 2337 L.
1033 2296 1129 2348 Vll,
1163 2295 1228 2337 ΤΟ.
1296 2296 1328 2333 Α
1372 2292 1524 2332 Solone

56 2351 153 2387 item
189 2349 452 2389 eiulationem
487 2364 580 2390 esse
615 2354 785 2391 uetitam
818 2353 927 2391 Plut.
959 2358 1098 2391 narrat
1128 2354 1170 2391 in
1202 2353 1277 2391 nit.
1310 2349 1397 2389 sol.
1429 2349 1457 2388 l.
1491 2350 1523 2391 l.

168 2418 279 2469 ipsa
311 2431 404 2457 uox
438 2421 466 2457 i.
502 2432 539 2457 e.
573 2418 646 2457 der
677 2420 781 2458 Laut
812 2420 885 2458 des
918 2420 1081 2459 Wortes
1121 2419 1272 2458 selber.
1337 2420 1425 2468 Quo
1457 2421 1522 2458 in-

54 2484 182 2523 dicari
224 2499 320 2525 uere
361 2487 510 2525 Bakius
551 2488 679 2537 dicit,
718 2487 912 2526 lessum
957 2500 1050 2527 esse
1091 2472 1522 2538 ὂνοματοπεποῑη

52 2540 232 2600 μένον.

167 2610 384 2654 XXIV.
448 2610 482 2660 ᾗ.
516 2608 586 2651 60.
655 2613 864 2649 mortuo
904 2622 966 2648 ne
1002 2623 1118 2650 ossa
1156 2609 1351 2662 legito]
1419 2610 1525 2649 Ossa

11 2663 164 2704 -lecta
218 2664 410 2717 plerique
459 2669 785 2718 interpretantur
831 2668 1014 2705 membra
1058 2669 1238 2707 abscissa
1286 2672 1328 2706 et
1378 2672 1523 2719 postea

57 2725 167 2760 terra
203 2723 447 2773 obtegenda,
480 2724 622 2761 nescio
655 2722 752 2775 quid
775 2723 1024 2762 discriminis
1046 2725 1156 2763 inter
1179 2737 1260 2763 oss
1275 2738 1294 2763 a
1318 2728 1451 2761 mort
1466 2735 1521 2760 uo

62 2786 105 2816 et
137 2790 257 2817 ossa
286 2782 481 2820 mortni
513 2778 701 2831 legere
731 2784 978 2823 statuentes.
1037 2781 1089 2820 At
1118 2793 1196 2819 nec
1223 2782 1415 2819 uniuerse
1432 2791 1524 2817 ossa

1258 2853 1306 2872 ’λ’-’ξ-
