1781 3192
422 195 578 233 numu
615 192 874 231 TERTIUS.
925 192 1025 229 Cae.
1062 189 1165 227 vm.
1438 183 1523 220 277

69 310 266 362 expediit.
328 308 410 346 Sed
446 309 533 358 ipsa
566 304 716 343 locutio
750 315 1011 341 conuersa
1040 305 1119 340 est
1148 297 1250 338 nihil
1280 295 1527 336 insolentiae

67 368 203 406 habet.
249 365 311 405 (ts.
345 365 426 404 (tic.
461 362 513 401 de
541 362 630 400 Fin.
664 357 742 410 ΙΙΙ,
778 361 815 399 7.
851 358 916 399 24.
951 359 1217 410 sapientia
1250 357 1298 393 in
1331 366 1385 391 se
1416 357 1528 390 tota

68 435 332 462 conuersa
376 426 471 459 est.
533 418 745 457 Sententia
778 422 940 465 autem,
982 428 1098 466 quam
1139 408 1409 464 probabiliter
1447 410 1528 446 iam

73 482 199 519 Turn.
235 477 474 528 explicauit,
506 476 606 512 haec
630 478 718 511 est:
752 478 1045 524 „posteaquam
1074 470 1120 508 ad
1146 468 1405 507 immodicum
1426 463 1531 502 iliud

71 539 132 575 ius
168 532 383 572 consulare
427 538 522 570 nata
572 531 823 569 tribunorum
873 535 1078 580 potestate
1124 525 1283 564 modica
1333 521 1530 573 quaedam

76 591 318 642 temperatio
360 590 558 637 accessit,
601 593 644 624 ut
683 599 760 624 non
807 586 854 624 ad
900 587 1108 622 arbitrium
1143 584 1352 619 ciuitatem
1387 591 1532 628 regere

73 655 194 697 atque
227 644 293 682 uel
326 644 486 696 plebem
520 656 707 696 premere
742 643 805 680 uel
839 644 1021 694 patriciis
1055 641 1196 677 fauere
1229 641 1426 689 possent:
1467 633 1534 671 lex

73 715 276 742 conuersa
309 702 347 738 iu
379 714 523 739 omnes
556 706 620 738 est
650 702 674 740 i.
707 713 741 737 e.
775 704 815 736 et
847 697 1036 736 consules
1072 702 1114 734 et
1154 695 1345 746 patricios
1386 692 1532 738 tenuit,

75 771 206 810 eoque
239 758 400 795 demum
435 771 533 796 uera
565 758 710 796 euasit.
764 756 824 793 Cs.
865 756 1026 805 Fragm.
1061 754 1144 792 Cic.
1187 751 1238 789 de
1274 751 1377 800 nep.
1428 745 1536 798 apud

75 817 188 855 Lact.
223 811 323 854 lust.
358 811 436 864 Vl,
470 815 508 855 8.
544 818 623 852 est
662 812 867 864 quidem
916 825 1036 850 uera
1071 809 1153 847 lex
1192 811 1340 845 recta
1377 805 1536 852 ratio,

73 876 306 909 naturae
341 882 661 921 congruens,
705 870 913 907 dissusa
954 869 1001 905 in
1041 877 1214 905 omnes
1251 869 1329 901 cet.
1410 860 1540 898 Periit

73 933 206 966 autem
243 926 390 964 lacuna
422 928 609 978 sequenti
652 931 816 977 praeter
859 938 927 975 ea,
969 936 1069 974 quae
1108 922 1286 960 sortasse
1324 923 1540 970 praeterea

75 985 127 1022 de
161 985 464 1033 magistratibus
497 984 736 1034 ‹lisputauit,
769 984 900 1020 omnis
932 979 1068 1029 legum
1104 979 1307 1016 enarratio
1329 987 1457 1025 usque
1489 971 1539 1009 ad

76 1042 180 1079 hanc
214 1040 345 1090 legem
382 1045 412 1090 ᾖ,
448 1037 496 1078 9:
530 1040 723 1077 domum
759 1052 860 1076 cum
893 1036 1051 1074 laude
1083 1035 1355 1072 redeuntO.

196 1097 364 1139 VH}-
426 1101 457 1146 §-
497 1097 558 1136 Ιὸ.
608 1094 887 1145 redeunte]
937 1093 1080 1130 Omnis
1110 1091 1186 1128 hac
1215 1089 1267 1127 de
1289 1089 1541 1133 coniectura,

78 1166 180 1204 quae
224 1153 374 1190 mendo
417 1152 635 1189 meliorum
678 1150 862 1188 codicum
908 1150 1076 1196 nititur,
1119 1146 1319 1184 dubitatio
1352 1143 1544 1180 eximitur

80 1223 145 1259 eo,
178 1208 286 1259 quod
317 1208 426 1245 idem
461 1209 630 1245 uerbum
665 1209 703 1244 in
737 1206 829 1256 lege
859 1210 924 1242 est
951 1204 982 1254 ᾗ.
1015 1202 1039 1242 9
1071 1208 1114 1240 et
1136 1214 1259 1252 saepe
1281 1196 1542 1251 explicationi

79 1269 168 1318 ipsa
202 1265 308 1314 legis
340 1265 463 1302 uerba
485 1265 818 1315 praemittuntur.
852 1261 915 1301 Cs.
942 1261 974 1310 ᾇ
994 1258 1061 1300 28.
1085 1258 1151 1299 30.
1176 1258 1242 1298 38.
1265 1255 1333 1296 40,
1381 1255 1544 1304 Repe-

78 1321 319 1370 daudum,
353 1320 461 1371 quod
491 1329 556 1358 est
581 1322 621 1357 in
646 1318 767 1359 codd.
791 1317 1051 1366 melioribus,
1093 1315 1293 1352 correctio
1317 1317 1381 1350 est
1403 1322 1544 1362 parum

80 1376 328 1428 probabiliS,
370 1378 531 1415 etiamsi
564 1389 705 1415 uerum
739 1376 817 1424 sit,
859 1373 966 1424 quod
996 1373 1145 1410 Festus
1181 1377 1223 1408 et
1254 1369 1409 1407 Nonius
1443 1379 1474 1403 s.
1507 1378 1545 1404 u.

82 1432 345 1482 repedare
400 1431 598 1482 tradunt,
650 1430 911 1482 repedare
960 1429 1190 1479 antiquitus
1249 1425 1402 1463 dictum
1453 1433 1546 1460 esse

83 1501 155 1541 pro
189 1486 457 1527 recedere.

198 1548 433 1594 apertum
468 1548 544 1581 est
574 1542 825 1595 profecto
857 1540 960 1591 cet.]
1029 1541 1149 1578 Hunc
1181 1539 1400 1576 uerborum
1435 1533 1547 1572 ordi-

84 1612 177 1638 nem
212 1612 300 1636 curn
336 1599 443 1640 Uict.
479 1602 578 1638 Dan.
610 1599 717 1638 Mos.
749 1598 876 1636 Bakio
914 1598 1077 1649 recepi,
1119 1597 1210 1646 quia
1249 1595 1402 1632 maiore
1444 1590 1547 1630 dett.

85 1655 206 1695 codd.
239 1662 356 1706 parte
386 1656 620 1695 confirmari
654 1655 842 1704 uidetur,
875 1666 952 1692 nec
992 1652 1163 1691 multum
1208 1651 1259 1689 ad
1299 1648 1549 1687 sententiam

86 1714 277 1761 interest,
311 1716 445 1750 utrum
477 1712 585 1750 hunc
617 1710 803 1749 ordinem
836 1711 986 1762 probes
1018 1722 1066 1746 an
1100 1707 1231 1757 illum,
1264 1718 1380 1757 quem
1403 1703 1547 1754 Steph.

87 1769 195 1807 Man.
228 1769 368 1806 bamb.
398 1768 497 1808 ΕΓΗ.
529 1768 672 1818 Wagn.
696 1768 889 1806 Schuetz.
922 1771 1169 1816 receperunt
1191 1762 1380 1816 (apert.
1414 1758 1548 1811 prof.

86 1822 204 1877 est).
264 1824 364 1862 Sine
395 1827 502 1863 iusta
532 1837 654 1862 causa
687 1824 814 1861 Gzius
845 1824 965 1861 etiam
998 1823 1038 1861 h.
1072 1820 1098 1860 l.
1132 1819 1318 1858 uoculam
1352 1823 1433 1855 est
1473 1815 1549 1852 de-

89 1881 205 1930 leuit,
246 1893 363 1931 quam
406 1881 604 1931 deinceps
645 1881 792 1917 merito
834 1892 976 1916 omnes
1017 1876 1224 1916 delerunt.
1292 1876 1378 1923 Qua
1418 1872 1552 1924 posita

88 1938 256 1990 (quam
297 1942 381 1975 est
410 1949 711 1988 quemquam
743 1932 850 1989 cet.)
892 1949 967 1973 nec
1004 1944 1306 1986 quemquam
1347 1934 1463 1968 recte
1505 1938 1553 1964 se

91 1995 268 2033 haberet
300 1991 406 2047 (dici
438 1998 649 2045 oporteret
681 1989 991 2044 quempiam)
1016 1995 1058 2028 et
1079 1989 1211 2028 aliena
1234 1991 1347 2025 esset
1367 1985 1554 2036 exceptio

90 2050 192 2088 nisi
220 2051 297 2088 rei
328 2049 574 2101 publicae
608 2061 778 2088 cansa.
838 2049 925 2086 Nec
963 2049 1172 2099 quicquam
1213 2046 1450 2082 iuuaremur
1487 2052 1553 2077 as-

91 2110 224 2144 sumto
263 2107 507 2158 pronomine
546 2106 625 2143 hoc
666 2104 832 2157 (quam
874 2105 968 2142 hoc
1009 2100 1141 2156 est),
1193 2101 1234 2138 id
1278 2099 1385 2150 quod
1423 2097 1552 2134 Gzius

94 2161 237 2200 uocula
268 2161 338 2201 illa
367 2167 548 2201 assumta
579 2160 812 2198 addendum
856 2172 950 2198 esse
984 2159 1100 2199 dixit.
1160 2158 1375 2195 Exstincta
1416 2157 1553 2191 autem

93 2218 237 2257 uocula
275 2224 355 2257 est
394 2220 552 2271 optime
589 2230 635 2256 se
669 2218 824 2255 habere
864 2227 1200 2268 quemquam,
1240 2225 1314 2265 pro
1346 2224 1422 2262 quo
1452 2209 1553 2247 Gzio

94 2281 260 2312 auctore
298 2275 391 2314 Sch.
437 2275 542 2314 Mos.
581 2275 649 2313 Or.
705 2286 754 2312 ex
799 2275 939 2324 paucis
988 2270 1228 2322 quibusdam
1278 2268 1381 2308 dett.
1431 2264 1553 2304 codd.

97 2336 345 2381 receperunt
386 2332 696 2381 quempiam,
735 2329 1059 2367 demonstratum
1099 2332 1164 2366 est
1205 2340 1226 2363 a
1266 2324 1477 2373 Maduigio
1512 2323 1553 2358 in

97 2399 234 2438 progr·
272 2400 313 2438 p·
351 2386 414 2426 11.
454 2391 497 2424 et
534 2385 585 2423 de
625 2386 713 2423 Fin.
756 2398 795 2435 p.
838 2384 936 2425 471.
1013 2384 1132 2422 Adde
1174 2383 1300 2433 Seyff.
1348 2380 1398 2419 ad
1439 2376 1554 2416 Lael-

98 2456 139 2494 p.
171 2442 239 2483 41.
299 2443 499 2480 [Nimirum
531 2442 758 2480 subiectum
790 2442 976 2479 infinitae
1003 2443 1235 2479 sententiae
1258 2435 1451 2489 generale
1475 2440 1556 2482 est,

98 2513 175 2538 nec
204 2498 388 2536 infinitae
421 2498 590 2536 alicuius
621 2511 824 2548 personae
856 2499 967 2535 notio
998 2499 1055 2535 ita
1096 2498 1347 2547 concipitur,
1390 2498 1435 2531 ut
1465 2503 1557 2528 esse

99 2569 187 2595 eam
220 2556 465 2595 indicemus,
516 2554 581 2592 Cf.
616 2550 695 2603 ΙΙΙ,
735 2556 797 2594 lb'.
828 2553 895 2595 42.
937 2558 979 2592 et
1009 2567 1110 2605 quae
1142 2553 1223 2590 dixi
1253 2551 1304 2590 ad
1336 2547 1390 2590 II.
1424 2548 1456 2598 ᾗ.
1489 2545 1555 2588 66.

211 2611 406 2664 legari]
469 2612 561 2649 Mos
587 2610 692 2663 apud
720 2612 926 2649 Romanos
949 2611 1193 2660 inualuerat,
1218 2613 1260 2646 ut
1284 2606 1557 2653 senatoribus,

101 2670 167 2721 qui
208 2671 248 2708 in
290 2670 524 2721 prouincias
559 2668 609 2706 ad
654 2680 719 2706 res
750 2680 843 2706 suas
874 2667 1150 2719 procurandas
1181 2666 1558 2718 proficiscerentur,

103 2735 146 2765 et
187 2739 334 2765 nomen
373 2731 416 2763 et
457 2727 519 2763 ius
560 2723 786 2775 legatorum
829 2737 851 2761 a
891 2729 1033 2762 senatu
1075 2725 1347 2771 tribueretur,
1395 2730 1474 2770 quo
1517 2722 1560 2754 et

100 2784 257 2822 honore
300 2784 455 2821 maiore
498 2786 541 2820 et
581 2787 714 2820 sumtu
758 2782 915 2819 minore
951 2793 1016 2818 res
1057 2793 1150 2818 suas
1196 2778 1558 2831 persequerentur.
