1743 3202
218 187 283 222 Lu
814 181 1100 218 PRAEFATIO.

232 292 483 332 cedaemone
526 291 616 327 sine
659 301 777 327 causa
819 292 986 341 regibus
1031 292 1206 343 ephoros
1249 304 1324 328 nec
1357 292 1513 330 Romae
1545 289 1704 330 consuli

236 361 448 413 oppositos
478 369 572 396 esse
603 357 818 406 tribun0s3
848 369 1024 409 namque
1057 372 1105 397 eo
1138 357 1246 409 quod
1270 359 1492 408 exstiterit,
1523 360 1614 410 ipse
1635 359 1703 409 qui

232 425 437 466 consulari
468 426 643 476 imperio
674 437 752 462 non
786 430 1002 464 teneretur
1043 424 1295 477 reliquisque
1327 424 1482 464 consuli
1514 438 1596 464 non
1627 439 1701 477 pa-

233 495 422 534 rentibus
455 490 644 530 auxilium
680 492 826 529 afferre
857 498 1017 544 posset,
1051 494 1110 530 ius
1141 492 1358 531 consulare
1381 505 1474 530 esse
1501 494 1702 531 minutum

237 573 410 612 eamque
442 559 655 598 exstitisse
686 560 746 597 rei
777 559 966 611 publicae
989 562 1349 610 temperationem,
1379 565 1422 599 ut
1448 561 1539 598 iure
1561 552 1702 599 omnes

239 633 493 667 tenerentur.
545 630 582 674 ς.
618 626 678 667 15.
715 626 780 667 16.
847 625 1018 678 Reliqua
1060 629 1135 666 hac
1182 628 1233 665 ‹le
1274 640 1319 665 re
1364 627 1587 679 disputatio
1626 641 1733 667 una,

240 711 328 735 cum
362 696 537 734 maxima
570 693 855 746 explicationis
885 698 1002 746 parte
1033 694 1175 733 lacuna
1214 696 1351 747 periit.
1412 696 1524 743 Quae
1557 700 1729 748 super-¹

238 771 299 804 est
333 763 550 816 explicatio
582 763 622 799 in
654 763 783 814 ipsius
811 763 915 813 legis
948 761 1253 815 descriptione,
1294 763 1359 800 ubi
1401 775 1502 814 opus
1534 762 1704 802 uideba-

237 842 317 885 tur,
349 832 530 871 indicata
564 834 640 868 est.
702 830 786 869 Sed
819 830 1006 868 consecto
1039 832 1117 868 iam
1149 842 1341 868 sermone
1373 829 1426 867 de
1453 832 1704 882 magistrati-

234 904 309 940 bus
349 900 474 939 Attici
515 902 659 948 rogatu
701 897 753 936 de
784 902 1038 950 potestatum
1080 900 1170 936 iure
1201 910 1245 935 se
1278 909 1370 935 esse
1401 897 1700 950 disputaturum
1738 903 1743 948 1⁴

235 967 477 1021 pollicetur,
511 968 553 1005 in
588 980 636 1005 eo
666 967 756 1018 ipso
788 979 869 1004 non
900 980 1026 1017 noua>
1058 963 1132 1004 sed
1164 969 1305 1003 uetera
1335 963 1609 1004 Romanorum
1640 966 1706 1004 in·
1740 954 1743 995 ἵ

237 1037 381 1074 stituta
422 1039 655 1073 secuturum
699 1035 733 1080 ἕ.
773 1032 842 1076 48.
880 1032 950 1075 49.
1012 1033 1094 1072 Sed
1136 1039 1178 1071 et
1220 1032 1322 1069 haec
1365 1038 1406 1070 et
1444 1031 1599 1083 reliqua
1631 1044 1703 1083 pe-
1740 1047 1743 1060 ⁴

237 1104 405 1142 rierunt.
