1781 3192
456 213 615 252 Limen
649 212 869 252 PRlMUS.
919 213 1020 251 CAP.
1056 213 1158 251 Xlll.
1477 210 1537 248 (39

73 331 195 368 timus
228 327 423 364 orationis
454 337 693 376 progressus
728 324 794 362 hic
827 329 964 362 esset:
998 338 1108 373 „nec
1141 329 1276 362 tamen
1310 337 1355 362 ea
1381 335 1537 374 ponere

74 384 182 434 uolo,
217 388 260 420 ut
290 383 477 420 omnibus
509 382 748 433 probentur,
781 380 853 418 sed
887 386 929 418 ut
967 382 1041 429 iis,
1082 382 1146 430 qui
1190 382 1325 418 omnia
1363 380 1538 417 honesta

75 454 149 493 per
187 451 231 477 se
264 437 496 489 expetenda
526 437 748 486 duxerunt,
790 438 879 474 siue
918 439 958 474 in
999 437 1218 475 Academia
1260 441 1404 475 uetere
1448 448 1537 472 cum

76 496 322 548 Speusippo,
351 494 595 542 Xenocrate,
626 492 851 530 Polemone
874 497 1127 542 manserunt,
1160 495 1247 530 siue
1271 490 1535 531 Aristotelem

77 552 204 591 secuti
238 554 347 599 sunt,
381 552 470 586 siue
503 555 546 587 ut
575 551 733 586 Zenoni
764 551 894 586 uisum
929 554 1008 598 est,
1050 550 1169 586 rebus
1200 562 1279 586 non
1314 553 1540 587 commuta-

77 611 129 647 tis
172 608 491 644 immutauerunt
532 603 751 653 uocabula,
791 606 880 641 siue
920 607 1040 642 etiam
1081 606 1283 642 Aristonis
1328 603 1539 642 difficilem

77 669 198 714 atque
231 662 420 711 arduam,
468 661 542 699 sed
573 663 650 698 iam
682 667 816 698 tamen
849 661 1017 698 fractam
1053 666 1094 697 et
1125 662 1352 698 conuictam
1387 665 1540 698 sectam

77 719 206 757 secuti
249 719 392 757 snnt⁴‘.
457 717 539 755 Sed
577 722 671 768 post
711 718 874 766 generis
932 717 1213 754 definitionem
1257 717 1412 754 duabus
1455 717 1541 752 eius

76 776 218 813 formis
253 775 503 822 constitutis,
538 775 628 823 quia
661 778 702 810 et
734 772 989 823 probandi
1022 775 1133 810 notio
1165 774 1284 810 nimis
1319 775 1396 810 iam
1422 771 1542 809 uide-

78 833 195 869 batur
226 832 438 868 obscurata
473 842 580 878 csse,
616 835 656 866 et
698 829 895 879 singuIOS,
941 831 1007 879 qui
1047 829 1192 866 formis
1234 828 1313 866 illis
1356 829 1542 866 contine-

77 892 234 935 rentur,
268 887 499 924 accuratius
542 886 781 923 describere
823 885 1010 934 uolebat,
1056 885 1283 935 legitimam
1327 886 1542 923 uerborum

78 948 321 981 structuram
355 944 531 980 mutauit
562 948 603 980 et
634 943 882 979 sententiam
918 955 1021 991 eam,
1055 955 1173 992 quae,
1207 944 1237 980 si
1268 947 1380 980 recte
1415 941 1544 978 oratio

78 999 350 1051 procederet,
393 998 566 1036 deberet
606 1011 697 1035 esse
747 998 1016 1047 secundaria,
1067 1011 1113 1035 ex
1162 1011 1267 1035 nexu
1322 997 1546 1036 uindicauit

78 1057 258 1105 fecitque
291 1056 550 1104 primariam3
595 1053 796 1103 simulque
826 1055 881 1091 ita
911 1054 1062 1091 leuiter
1091 1055 1250 1092 inflexit
1280 1055 1545 1100 sententiam,

79 1116 122 1150 ut
168 1124 246 1148 non
289 1110 386 1160 quid
425 1111 474 1147 iis
507 1111 680 1160 probare
715 1109 855 1159 uellet,
889 1111 1070 1159 diceret,
1112 1111 1185 1148 sed
1223 1111 1318 1161 quid
1356 1113 1407 1148 iis
1448 1122 1545 1160 pro-

78 1170 242 1206 baretur
271 1168 430 1203 ratione
458 1166 596 1203 habita
627 1179 782 1215 eorum,
815 1180 917 1216 quae
947 1168 1023 1203 iam
1059 1167 1243 1204 dixisset.

191 1228 552 1272 congruentes
592 1223 662 1273 re]
737 1224 856 1260 Ilunc
901 1224 1116 1260 uerborum
1160 1223 1372 1271 ordinem,
1425 1235 1543 1273 quem

79 1280 304 1318 chiasmum
346 1283 494 1316 uocant
535 1279 604 1325 (cf.
638 1278 1040 1329 Naegelsbach-Lat.
1083 1278 1171 1317 Stil.
1213 1292 1253 1330 p.
1287 1278 1432 1330 323),
1472 1292 1548 1328 ego

80 1335 334 1383 cum‚Bakio
373 1336 534 1373 restitui
577 1348 625 1372 ex
665 1336 896 1383 codicibus3
942 1334 1193 1386 reliquorum
1241 1337 1442 1386 scriptura
1491 1348 1545 1372 re

80 1395 436 1442 congruentes
468 1404 489 1428 a
517 1392 727 1429 codicibus
760 1394 1046 1429 auctoritatem
1070 1404 1150 1429 non
1172 1393 1311 1431 habet.
1353 1392 1544 1430 Ceterum

80 1449 154 1485 hac
196 1448 387 1485 Antiochi
419 1449 653 1496 sententia,
704 1461 822 1498 quam
865 1460 976 1489 suam
1026 1448 1149 1498 fecit,
1196 1449 1359 1499 saepius
1401 1449 1547 1487 Cicero

83 1505 212 1541 utitur
250 1505 489 1541 interiorem
543 1508 804 1554 utrorumque
854 1506 1146 1555 proprietatem
1196 1517 1337 1556 parum
1385 1518 1547 1543 curans-

83 1560 204 1599 Acad.
230 1559 260 1608 Ι,
282 1559 321 1598 5.
352 1559 412 1599 15.
447 1556 482 1609 Ι,
515 1558 577 1599 18.
612 1560 679 1600 22.
710 1561 762 1599 de
784 1561 874 1599 Fin.
901 1561 970 1612 lv,
1004 1561 1044 1601 2.
1077 1562 1113 1601 5.
1149 1562 1273 1600 Tusc.
1298 1560 1348 1613 V,
1384 1562 1450 1601 11.
1477 1560 1548 1601 32.

83 1616 188 1653 Uide
219 1617 342 1653 etiam
375 1616 404 1654 Ι.
436 1617 466 1665 ᾖ
500 1615 569 1656 53.

195 1672 287 1708 iam
322 1671 513 1721 tamen]
563 1672 742 1710 Temere
774 1673 900 1711 Gzius
934 1676 1043 1722 iam,
1067 1675 1217 1712 Bakius
1248 1679 1420 1712 tamen
1450 1687 1549 1712 con-

82 1733 144 1766 tra
175 1727 341 1765 codices
366 1727 653 1779 expellendum
684 1729 891 1768 iudicauit.
943 1730 1115 1768 Addidit
1143 1737 1330 1781 tamen,
1364 1744 1415 1768 ne
1443 1732 1547 1780 quiS,

83 1797 171 1822 cum
202 1783 368 1821 arduam
413 1788 455 1821 et
496 1784 708 1822 difficilem
748 1790 901 1823 sectam
943 1786 1141 1837 dixisset,
1187 1800 1276 1824 eam
1323 1789 1549 1825 etiamtunc

82 1853 247 1878 manere
275 1841 552 1889 existimaret,
600 1847 643 1878 ut
682 1841 733 1879 de
773 1842 849 1880 Off.
890 1839 924 1892 I,
965 1844 1030 1882 12.
1064 1843 1130 1884 38.
1175 1842 1305 1896 (cum
1340 1858 1462 1882 uero
1494 1866 1548 1870 —-

83 1892 285 1948 causas)
319 1900 489 1933 tamen
524 1896 686 1934 additur
716 1896 766 1934 ad
792 1898 1093 1948 infringendam
1125 1913 1265 1937 eorum
1297 1902 1549 1951 opinionem,

84 1953 250 2001 quihus,
294 1964 387 1988 cum
430 1951 480 1988 de
522 1952 651 2002 gloria
691 1954 950 2003 decertetur,
991 1955 1033 1992 id
1071 1955 1191 1993 aliter
1228 1959 1361 2007 possit
1402 1956 1551 1993 uideri.

85 2007 259 2045 Arduam
292 2014 425 2044 autem
459 2013 500 2044 et
525 2009 735 2046 difficilem
760 2011 964 2048 Aristonis
991 2017 1146 2049 sectam
1174 2012 1355 2064 appellat
1379 2019 1550 2064 propter

84 2062 293 2100 difficilem
325 2063 375 2100 ad
409 2077 496 2100 eam
532 2065 707 2114 aditum3
749 2068 966 2104 uirtutibus
1005 2070 1111 2105 enim
1147 2071 1328 2119 exceptis
1362 2074 1404 2107 et
1437 2070 1546 2107 uitiis

84 2120 219 2157 onmia
249 2120 286 2156 ei
331 2119 575 2157 uidebantur
613 2123 651 2158 in
696 2135 852 2160 summa
890 2124 1133 2174 aequalitate
1170 2127 1305 2175 posita
1340 2138 1461 2174 esse,
1507 2130 1551 2162 ut

83 2174 183 2212 nihil
215 2173 336 2226 plaut·
369 2177 572 2214 interesse
605 2178 778 2227 diceret,
814 2186 944 2217 utrum
972 2180 1169 2218 adessent
1192 2194 1335 2219 necne.
1372 2182 1436 2220 Cf.
1461 2182 1548 2219 Cic.

83 2231 203 2271 Acad.
246 2228 305 2280 ll,
347 2231 413 2272 42.
456 2232 546 2272 130.
590 2234 641 2272 de
672 2236 767 2273 Fin.
801 2231 860 2286 ΙΙ,
905 2236 967 2276 13.
998 2236 1067 2277 43.
1110 2233 1191 2287 ΙΙΙ,
1230 2238 1273 2277 11
1308 2244 1349 2276 et
1385 2237 1446 2278 12.
1481 2238 1549 2287 lv,

80 2288 146 2328 43.
181 2284 234 2325 V.
269 2288 336 2327 73.
369 2289 449 2326 Off.
483 2290 512 2338 l,
544 2289 585 2329 6.

197 2344 226 2393 ᾗ.
259 2342 324 2384 39.
386 2347 597 2384 etiamsi
629 2360 750 2385 uera
782 2348 983 2399 dicunt]
1050 2349 1243 2389 Excludit
1275 2351 1322 2389 ab
1354 2351 1432 2388 hac
1463 2350 1549 2387 dis-

84 2401 298 2452 putatione
337 2405 457 2451 atque
498 2404 545 2440 ab
588 2405 699 2441 omni
738 2405 937 2442 societate
978 2406 1035 2442 rei
1077 2406 1265 2457 publicae
1306 2408 1548 2458 Epicureos,

84 2470 160 2494 uon
192 2456 298 2507 quod
333 2470 469 2495 eorum
507 2457 559 2495 de
591 2472 750 2498 summo
792 2462 896 2499 bono
939 2465 1188 2501 sententiam
1233 2477 1396 2514 prauam
1438 2463 1548 2501 iudi-

82 2521 165 2563 cet,
196 2536 252 2541 ——-
284 2527 434 2551 uerane
462 2516 515 2551 sit
536 2528 682 2565 necne,
706 2530 785 2555 non
813 2517 1024 2567 diiudicat,
1057 2520 1133 2558 sed
1156 2521 1273 2570 fingit
1297 2534 1385 2558 eam
1410 2533 1546 2558 ueram

85 2582 177 2608 esse
207 2592 262 2597 —
294 2570 369 2608 sed
409 2572 501 2621 quia
544 2573 618 2622 ipsi
661 2586 739 2611 nec
781 2576 929 2612 uersati
972 2577 1056 2613 sint
1098 2578 1139 2614 in
1180 2590 1228 2614 re
1268 2576 1431 2628 publica
1471 2589 1549 2614 nec

84 2625 214 2664 uelint
244 2628 409 2665 uersari.
471 2627 536 2666 Cf.
580 2642 697 2678 quem
731 2630 831 2668 Dau.
864 2628 1047 2669 laudauit
1079 2633 1315 2683 Menagium
1347 2632 1397 2670 ad
1428 2634 1548 2682 Diog.

86 2682 214 2722 Laert.
253 2683 313 2733 X,
358 2682 452 2723 119.
501 2690 542 2722 et
578 2684 690 2723 Plut.
730 2685 819 2725 adu.
861 2686 996 2724 Colot.
1036 2703 1078 2740 p.
1122 2688 1244 2730 1127.
1283 2704 1304 2727 a
1351 2689 1548 2726 Turnebo

87 2738 268 2777 citatum.
326 2740 428 2777 Nam
461 2741 569 2791 quod
600 2742 639 2778 in
672 2741 861 2791 hortulis,
895 2756 993 2793 quos
1026 2746 1200 2784 Athenis
1232 2747 1413 2783 moriens
1445 2745 1547 2793 Epi-

85 2805 203 2831 curus
240 2793 452 2849 discipulis
488 2797 732 2849 reliquerat,
772 2799 962 2838 iubentur
998 2801 1163 2852 dicere,
1210 2803 1250 2839 in
1299 2799 1545 2839 umbraculis
