1781 3192
232 177 324 218 230
801 181 872 219 DE
904 180 1138 220 LEGIBUS

231 292 396 343 probari
426 295 582 343 potest.
643 290 806 330 Deinde
837 290 1035 344 pluralem
1067 294 1322 346 pronominis
1353 307 1563 336 numerum
1588 295 1692 352 (ea-

232 346 370 400 dem)
401 348 507 385 haud
540 350 625 386 scio
658 362 705 386 an
737 350 937 400 posuerit,
969 354 1015 389 ut
1044 351 1193 389 iisdem
1227 350 1279 388 de
1316 353 1438 391 rebus
1476 355 1691 405 pontifices

235 405 356 442 etiam
390 405 431 441 in
466 416 513 442 eo
546 404 787 442 decreuisse
817 405 1033 458 indicaret,
1064 409 1131 458 qui
1162 409 1204 444 in
1229 409 1329 445 mari
1353 413 1538 448 mortuus
1562 415 1692 461 esset,

232 459 306 497 sed
346 460 403 497 ita
441 472 535 498 esse
577 460 787 500 decretum
837 475 915 501 nec
961 477 1123 515 porcam
1172 476 1267 502 esse
1320 469 1570 503 contractam
1617 477 1694 504 nec

229 515 442 554 habendas
474 517 616 555 ferias.
678 519 932 569 Quamquam
964 522 1021 558 ita
1052 522 1299 558 breuitatem
1333 526 1497 560 secutus
1522 520 1694 560 insulsi-

228 575 355 609 tatem
404 585 486 611 non
541 574 698 624 effugit.
768 575 907 613 Rathii
957 578 1192 615 coniectura
1241 576 1380 616 idem
1418 576 1694 617 insulsitatem

230 632 368 678 auget,
399 642 480 668 non
513 632 676 668 minuit.
740 631 858 681 Quod
901 638 1035 671 autem
1078 634 1127 672 P.
1158 634 1320 672 Mucius
1355 635 1397 672 in
1434 647 1508 685 eo,
1551 637 1617 685 qui
1652 636 1695 673 in

229 686 322 722 naui
354 691 524 725 necatus
557 686 708 725 deinde
736 689 776 726 in
803 701 914 726 mare
938 692 1148 740 proiectus
1176 695 1304 740 esset,
1339 690 1528 729 decreuit
1547 691 1696 729 heredi

227 754 391 793 porcam
424 756 517 781 esse
549 749 800 782 contractam
844 751 886 783 et
922 745 1130 784 habendas
1169 746 1350 784 triduum
1390 748 1541 797 ferias,
1582 746 1693 786 idem

229 810 310 835 non
352 798 539 838 decreuit
578 801 618 838 in
658 813 732 850 eo,
773 803 839 852 qui
883 803 922 840 in
964 804 1066 840 mari
1108 808 1219 841 esset
1255 808 1463 854 mortuus,
1507 805 1595 843 eius
1632 804 1696 842 rei

232 866 354 892 causa
392 861 507 895 recte
543 858 641 895 uiris
674 857 808 896 doctis
838 859 933 896 hinc
965 859 1131 898 uidetur
1160 859 1388 911 repetenda
1429 873 1556 912 esse,
1587 859 1698 912 quod

228 909 341 948 illius
375 925 447 963 os,
489 918 706 965 antequam
751 916 791 952 in
832 928 944 953 mare
980 917 1279 968 proiiceretur,
1320 917 1502 956 rescindi
1541 918 1694 970 potuit,

226 968 344 1006 huius
376 972 541 1008 omni-no
573 984 652 1008 non
685 973 834 1022 potuit.

342 1036 570 1080 XXIII.
633 1039 666 1089 gi.
700 1038 769 1080 58.
842 1040 1176 1093 ecquidnam]
1257 1042 1372 1081 Haec
1411 1040 1505 1082 Aldi
1555 1043 1697 1082 conie-

229 1096 359 1141 ctura,
393 1106 494 1142 quae
525 1094 694 1134 Dauisio
724 1096 883 1148 placuit
915 1103 958 1136 et
990 1098 1140 1148 Bakio,
1169 1103 1223 1136 ·et
1252 1099 1402 1137 mendo
1435 1100 1699 1137 confirmatur

229 1149 351 1188 codd.
384 1148 598 1190 meliorum
633 1156 683 1190 et
716 1153 843 1204 quid
886 1159 928 1192 et
958 1155 1089 1205 ipsius
1121 1155 1250 1193 Marci
1282 1168 1506 1207 responso3
1541 1168 1589 1193 ex
1620 1168 1696 1206 quo

231 1206 394 1256 quidem
428 1207 611 1246 Atticum
636 1206 683 1263 s)
717 1223 913 1261 quaerere
947 1210 1098 1261 elucet,
1141 1225 1221 1249 non
1256 1212 1353 1263 quid
1384 1213 1453 1262 sit,
1496 1211 1566 1250 sed
1600 1224 1697 1250 num

226 1262 321 1313 quid
356 1262 409 1299 sit
440 1263 479 1300 in
508 1263 685 1316 legibus.
746 1266 909 1318 Reliqui
945 1281 1114 1318 prauam
1151 1268 1259 1307 dett.
1304 1267 1426 1306 codd.
1470 1269 1697 1307 correctio-

224 1331 316 1357 nem
361 1319 597 1368 quidnam
638 1324 878 1373 probarunt.
938 1324 999 1361 De
1047 1324 1255 1375 frequenti
1295 1323 1464 1362 uoculae
1505 1325 1697 1376 ecquid

227 1388 316 1413 cum
350 1379 404 1411 et
435 1377 554 1424 quid
587 1379 830 1417 confusione
874 1378 970 1416 uide
1010 1381 1176 1431 Zumpt.
1217 1379 1269 1418 ad
1309 1381 1396 1419 Cic.
1436 1381 1475 1418 in
1507 1381 1628 1421 Verr.
1661 1377 1696 1433 l,

224 1430 293 1471 24.
329 1429 400 1471 62.
434 1427 491 1481 Π,
525 1431 566 1473 4.
603 1434 669 1474 11.
703 1432 761 1486 ΙΙ,
801 1435 865 1475 10.
897 1433 969 1476 26.

340 1499 392 1536 in
421 1498 516 1551 ΧΗ]
577 1501 721 1540 Lamb.
763 1502 865 1540 Ern.
908 1502 1054 1553 Vi'agn.
1094 1507 1252 1541 temere
1295 1505 1426 1542 secuti
1468 1507 1563 1542 sunt
1604 1517 1697 1543 cor-

226 1555 456 1593 rectionem
507 1558 548 1594 in
589 1556 680 1596 cod.
705 1563 946 1597 retentatam
988 1563 1030 1597 et
1068 1560 1109 1596 in
1148 1565 1251 1598 uett.
1293 1560 1532 1611 quibusdam
1575 1560 1696 1600 editt.

228 1611 345 1665 (Asc.
382 1611 419 1652 1.
452 1610 592 1668 Junt.)
636 1626 873 1666 expressam
913 1617 965 1653 in
1004 1615 1075 1653 ΧΗ
1109 1615 1324 1655 tabulis.
1385 1617 1600 1668 Frequens
1633 1622 1697 1656 est

222 1668 345 1706 huius
378 1671 557 1708 nominis
595 1669 771 1723 ellipsis.
819 1672 884 1710 Cf.
919 1669 975 1710 II.
1011 1672 1045 1722 ξ.
1077 1671 1146 1712 59.
1180 1674 1213 1723 ᾗ.
1247 1672 1316 1713 60.

338 1735 425 1773 uel
455 1740 707 1791 propter]
769 1739 831 1777 Ex
860 1738 1045 1790 pluribus
1070 1740 1219 1788 causis,
1252 1752 1348 1790 quas
1375 1740 1522 1777 afferre
1546 1744 1696 1791 potue-

224 1792 302 1842 rit,
342 1805 440 1830 uere
477 1795 667 1834 Moserus
709 1797 765 1834 ait
797 1808 915 1834 unam
950 1797 1133 1847 expromi
1166 1800 1208 1832 et
1237 1808 1324 1833 eam
1360 1795 1550 1846 quidem,
1592 1809 1697 1847 quae

224 1847 276 1886 ad
308 1851 493 1900 corporis
527 1853 851 1891 combustionem
897 1854 1117 1903 pertineat.
1179 1852 1268 1900 Quo
1307 1853 1348 1889 in
1387 1864 1564 1903 genere,
1606 1853 1695 1892 siue

226 1917 316 1943 rem
345 1905 517 1956 reliquis
549 1910 781 1959 grauiorem
812 1909 1037 1959 afferimus,
1079 1913 1123 1946 ut
1154 1904 1235 1946 Ill.
1268 1908 1299 1959 ᾗ.
1336 1907 1405 1958 23,
1438 1909 1526 1947 siue
1558 1907 1693 1948 leuio-

222 1974 334 2013 rem,
372 1961 510 2002 uelut:
551 1979 696 2016 quam
740 1967 814 2004 sis
845 1978 1085 2004 morosus
1117 1963 1204 2003 uel
1236 1977 1293 2003 ex
1322 1965 1417 2003 hoc
1447 1963 1695 2017 intelligi

221 2022 433 2069 potest,
475 2021 561 2060 uel
600 2024 861 2061 tritissimum
904 2026 980 2062 est.
1051 2022 1093 2060 ln
1134 2022 1293 2060 leuiore
1335 2034 1381 2059 re
1418 2022 1696 2073 expromenda

220 2087 297 2113 nos
330 2076 527 2127 particula
558 2079 720 2116 sehon
754 2081 814 2116 uti
846 2078 956 2116 idem
989 2079 1178 2116 Moserus
1211 2078 1514 2119 animaduertit.
1584 2078 1719 2118 cae-.
1779 2067 1781 2111 ἶ

224 2132 409 2170 cutiebat
438 2138 481 2171 et
510 2133 681 2184 Lbinus,
715 2136 783 2185 qui
816 2135 1055 2172 Turnebum
1090 2135 1127 2170 in
1163 2146 1307 2173 comm.
1350 2138 1482 2184 primo
1524 2139 1690 2173 secutus

223 2188 401 2227 coniecit
431 2189 593 2228 credo
625 2189 893 2229 uidelicet
925 2195 967 2228 et
995 2189 1184 2228 Dauisius
1220 2189 1475 2240 Bakiusque,
1520 2203 1690 2241 quorum

221 2244 295 2284 ille
327 2244 525 2283 aduocato
558 2242 719 2285 Isidoro
752 2247 865 2298 orig.
902 2246 990 2298 XV,
1028 2247 1091 2288 11.
1125 2247 1304 2284 coniecit
1339 2244 1426 2284 uel
1466 2251 1692 2299 propter

223 2300 537 2340 cadauerum
572 2302 839 2342 foetorem
874 2302 957 2342 uel
988 2308 1241 2356 propter,
1280 2302 1348 2340 hic
1387 2302 1483 2352 quid
1515 2303 1692 2343 excidis-

223 2362 312 2408 set,
345 2371 424 2396 non
458 2371 556 2397 sane
586 2360 801 2410 iudicauit,
835 2359 911 2399 sed
946 2360 1150 2399 excidisse
1182 2363 1318 2397 tamen
1337 2358 1507 2399 alteram
1530 2373 1692 2399 causam

218 2416 514 2467 pronuntiauit.

335 2481 486 2533 quid,
518 2483 604 2533 qui
639 2504 689 2510 —
719 2481 851 2522 clari
888 2483 1044 2535 uiri?]
1108 2483 1240 2522 Recte
1281 2485 1340 2522 sic
1381 2483 1500 2525 codd.
1542 2483 1690 2522 melio-

223 2551 308 2578 reS.
367 2539 454 2577 Nec
492 2539 598 2589 fuit,
636 2552 708 2578 cur
738 2540 879 2580 Madu.
921 2542 962 2579 in
1003 2553 1142 2592 progr.
1186 2554 1224 2591 p.
1258 2540 1324 2581 25.
1358 2537 1511 2591 quid?
1552 2541 1689 2591 quod

225 2595 481 2646 requireret3
509 2594 552 2634 id
585 2596 691 2647 quod
717 2597 764 2635 ab
795 2598 835 2638 h.
867 2596 894 2638 l.
926 2596 1107 2636 alienum
1140 2602 1253 2650 puto.
1314 2597 1403 2635 Non
1445 2598 1553 2635 enim
1593 2610 1688 2648 gra-

309 2739 341 2781 ·)
368 2738 475 2773 Attici
497 2741 588 2774 haec
615 2742 726 2776 uerba
752 2754 830 2776 esse
857 2743 1017 2783 uideo.
1046 2755 1103 2787 qu
1120 2753 1174 2775 ac
1201 2744 1266 2775 cct.
1305 2740 1337 2774 in
1377 2741 1569 2774 uerborum
1603 2752 1687 2775 con-

218 2789 315 2820 textu
343 2790 467 2820 notare
495 2787 651 2831 neglexi.
