1743 3202
642 205 934 240 PRAEFA'I'IO.
1440 205 1519 236 xm

38 312 173 354 ciuilia
196 311 428 364 complecti,
464 311 504 349 id
537 309 645 361 quod
670 315 827 348 temere
853 308 1002 346 Bakius
1028 306 1243 346 contendit
1267 321 1309 360 p.
1329 307 1511 358 XXVIII,

39 384 126 421 eius
159 383 217 420 rei
254 381 499 419 documenta
539 379 750 416 inuenisse
789 377 865 415 sibi
900 379 1011 414 uisus
1054 378 1094 414 in
1143 376 1206 414 his
1250 376 1511 427 potissimum

38 451 166 490 locis:
207 447 243 500 I,
278 449 342 490 16.
384 444 419 498 Ῑ,
458 445 517 487 18.
562 441 597 496 I,
629 445 699 495 20¹,
733 441 790 495 Π,
823 443 890 485 46.
951 444 1063 492 Quae
1104 443 1266 494 quidem
1310 443 1513 495 quomodo

40 532 132 557 cum
166 531 230 568 eo,
263 516 370 567 quod
401 519 565 553 secutus
589 517 716 562 esset,
761 510 932 549 consilio
957 512 1174 549 coniuncta
1198 517 1355 563 essent,
1386 526 1512 564 expo-

40 588 162 625 situm
190 589 254 623 est
286 585 325 621 in
354 583 583 633 argumenti
608 579 905 629 descriptione.
968 578 1086 628 Quod
1110 584 1245 616 autem
1271 580 1367 617 hinc
1389 580 1511 617 etiam

38 655 126 691 iura
157 650 294 690 ciuilia
329 665 350 689 a
382 648 519 689 Tullio
552 651 800 701 pertractata
836 660 928 684 esse
958 645 1129 697 colligit,
1163 646 1272 697 quod
1310 646 1414 684 libro
1448 646 1509 684 al-

37 726 128 758 tero
175 717 272 756 inde
312 731 333 756 a
365 731 455 769 cap.
489 715 558 757 24'.
599 717 689 754 iura
715 713 875 764 ciuilia,
916 727 1019 764 quae
1051 727 1143 752 cum
1176 713 1377 764 religione
1409 727 1508 752 con-

36 789 175 826 iuncta
196 789 353 835 essent,
381 784 618 836 explicauit,
642 783 721 820 hoc
747 783 877 833 ipsum
906 783 1004 819 iuris
1030 780 1161 819 ciuilis
1187 780 1503 832 explicationem

39 867 225 894 summae
278 853 570 904 disputationis
614 856 819 901 tamquam
861 848 1059 888 leuiorem
1098 849 1298 900 quandam
1335 854 1511 901 partem,

37 936 119 962 non
165 923 279 973 quasi
332 925 455 972 caput
500 918 702 970 quoddam
752 918 985 958 adiunctum
1028 917 1159 956 fuisse
1202 919 1347 970 arguit.
1423 918 1511 957 Cfr.

40 1004 86 1042 p.
122 988 348 1029 XXXVIII.

157 1068 265 1115 Quas
299 1071 434 1104 autem
469 1078 559 1103 cum
593 1064 778 1102 omnibus
809 1064 974 1116 populis
1015 1064 1181 1115 liberis,
1227 1071 1308 1103 tum
1343 1077 1509 1103 romano

35 1133 188 1187 populo
219 1133 334 1185 leges
366 1134 561 1183 scripsit,
603 1144 670 1168 eas
704 1132 820 1168 firmo
852 1132 1025 1182 quodam
1068 1147 1114 1170 ac
1145 1130 1321 1169 naturali
1362 1131 1511 1168 funda-

36 1207 178 1240 mento
240 1202 316 1238 niti
368 1199 496 1238 uoluit
548 1213 568 1236 a
607 1198 870 1250 philosophia
912 1202 1104 1252 repetito.
1167 1201 1366 1249 Quocirca
1406 1198 1511 1237 libro

36 1271 171 1322 primo
203 1269 282 1318 ius,
315 1267 422 1318 quod
462 1267 563 1318 ipsis
603 1264 764 1316 legibus
796 1269 1143 1317 constitueretur,
1184 1270 1224 1305 in
1259 1271 1404 1305 natura
1435 1280 1511 1318 po-

31 1338 163 1374 situm
197 1348 305 1385 esse,
336 1348 418 1373 non
448 1335 490 1371 in
522 1334 714 1384 opinione
746 1332 957 1373 disseruit.
1022 1337 1109 1385 Qua
1149 1336 1190 1372 in
1231 1334 1512 1386 disputatione

39 1417 130 1442 eum
174 1403 335 1441 Stoicos
377 1402 492 1452 sequi
532 1406 720 1439 auctores
763 1400 866 1438 adeo
909 1403 1170 1441 manifestum
1206 1406 1296 1452 est,
1337 1408 1403 1452 ut,
1444 1402 1511 1453 qui

37 1476 180 1509 nostra
209 1470 251 1508 id
284 1475 435 1519 aetate,
469 1474 510 1507 ut
542 1469 703 1519 quidam
738 1470 968 1520 superiore,
1001 1482 1155 1521 negare
1188 1469 1330 1520 uellet,
1362 1471 1511 1508 merito

39 1540 82 1576 iu
113 1539 481 1589 reprehensionem
512 1538 744 1574 incurreret
774 1537 969 1574 omnium.
1030 1538 1164 1589 Atque
1188 1540 1267 1576 uisi
1291 1540 1423 1576 omnis
1445 1551 1512 1575 re-

42 1618 129 1643 rum
186 1605 404 1657 explicatio
460 1604 503 1642 id
555 1603 788 1642 luculenter
851 1605 1160 1656 comprobaret,
1221 1609 1311 1657 ipse
1367 1606 1513 1643 Cicero

43 1667 100 1720 II,
134 1670 203 1712 36.
256 1672 299 1709 id
337 1675 435 1710 satis
478 1677 620 1723 aperte
667 1671 934 1721 significaret.
1003 1672 1169 1712 Etenim
1214 1675 1279 1724 qui
1317 1678 1412 1710 sunt
1443 1672 1512 1710 alii

39 1739 296 1792 philosophi,
320 1753 419 1790 quos
441 1744 604 1778 secutos
623 1752 667 1777 se
686 1752 778 1777 esse
795 1738 911 1789 dicit,
935 1741 1000 1790 qui
1020 1747 1161 1780 contra
1179 1755 1225 1779 ac
1244 1746 1408 1779 ueteres
1428 1741 1453 1778 i.
1471 1753 1509 1778 e.

39 1806 277 1846 Academici
309 1813 351 1845 et
381 1807 650 1859 Peripatetici
683 1808 797 1858 quasi
830 1807 1019 1846 officinas
1050 1809 1244 1860 quasdam
1283 1810 1509 1860 sapientiae

38 1875 323 1911 instruxerunt
354 1879 474 1923 atque
506 1886 569 1923 ea,
603 1888 704 1924 quae
735 1875 826 1912 fuse
859 1874 956 1913 olim
989 1876 1321 1927 disputabantur,
1357 1877 1509 1914 articu-

41 1941 159 1978 latim
195 1947 238 1978 et
277 1940 473 1978 distincte
501 1940 670 1992 dicunt,
704 1956 820 1993 quam
855 1940 1011 1980 Stoici?
1072 1944 1252 1991 Quorum
1287 1956 1403 1994 quem
1435 1956 1510 1994 po-

42 2009 246 2046 tissimum
284 2014 446 2046 secutus
480 2010 549 2058 sit,
584 2011 617 2047 si
641 2011 819 2060 quaeris,
853 2011 930 2048 etsi
955 2009 1075 2048 multi
1098 2010 1345 2060 Stoicorum,
1379 2009 1507 2048 ueluti

40 2076 154 2113 Zeno
187 2076 322 2125 (Diog.
356 2076 493 2114 Laert.
518 2077 606 2126 VII,
634 2078 671 2117 1.
694 2076 778 2131 4.),
810 2078 1010 2115 Persaeus
1043 2078 1177 2129 (Diog.
1211 2079 1300 2128 ΥΠ,
1338 2078 1374 2118 1.
1397 2075 1508 2131 31.),

39 2141 262 2182 Cleanthes
293 2139 436 2197 (Diog.
469 2143 557 2194 VII,
590 2144 630 2184 5.
663 2143 740 2196 6.),
779 2143 848 2182 alii
879 2136 994 2193 περι
1033 2131 1201 2194 νόμου
1235 2147 1507 2197 scripserunt,

39 2211 128 2247 ueri
174 2209 311 2248 simile
358 2216 498 2249 tamen
539 2216 624 2261 est,
665 2212 708 2250 id
747 2211 856 2262 quod
895 2214 1052 2263 primus
1089 2214 1347 2252 Goerenzius
1391 2213 1507 2263 dixit,

39 2278 261 2330 Chrysippi
292 2281 468 2318 maxime
499 2279 647 2318 librum
679 2286 796 2329 περὶ
835 2287 1002 2327 VOJMOU
1037 2283 1084 2320 ab
1118 2295 1166 2320 eo
1199 2294 1293 2320 esse
1333 2294 1507 2333 usurpa-

37 2348 150 2394 tum,
183 2358 301 2395 quem
334 2351 377 2385 et
408 2346 500 2386 aliis
533 2350 574 2386 in
607 2348 723 2386 libris
755 2355 960 2388 auctorem
994 2352 1179 2401 sequitur
1209 2355 1251 2388 et
1278 2351 1391 2389 cuius
1415 2362 1507 2387 cum

40 2411 177 2448 uerbis
210 2412 407 2461 quaedam
438 2417 494 2453 ita
525 2418 802 2466 consentiunt,
835 2422 878 2455 ut
910 2417 961 2455 ad
991 2420 1160 2457 uerbum
1195 2419 1415 2457 uideantur
1437 2430 1506 2455 ex—

37 2489 181 2528 pressa
225 2491 319 2516 esse
350 2483 402 2527 ⁹⁶).
474 2484 587 2532 Quae
632 2489 766 2523 autem
807 2484 910 2523 libro
947 2487 1080 2538 primo
1124 2486 1355 2539 Chrysippo
1402 2484 1508 2524 duce

35 2585 345 2594 —mm
357 2589 483 2596 —-—.

125 2649 156 2691 ⁸)
192 2651 287 2693 Quia
312 2663 377 2685 nec
401 2655 527 2696 paucis
548 2656 639 2689 illud
664 2655 714 2690 ita
737 2661 858 2700 potest
882 2659 1123 2702 comprobari,
1150 2662 1190 2692 ut
1212 2659 1335 2692 nullus
1365 2657 1508 2691 omniuo

38 2705 85 2738 sit
114 2707 302 2740 dubitandi
328 2710 451 2752 locus,
488 2724 551 2745 nec
578 2713 722 2757 longius
748 2725 842 2746 nunc
867 2716 1034 2759 persequi
1060 2728 1123 2759 per
1147 2717 1218 2750 loci
1245 2714 1433 2759 angustias
1461 2714 1504 2745 li—

39 2769 113 2797 cet:
146 2765 217 2798 alio
244 2766 277 2799 id
304 2768 383 2800 loco
404 2770 613 2812 propediem
640 2772 841 2805 accuratius
866 2773 1041 2806 tractabo.

1264 2832 1287 2851 ἦ·
