1781 3192
546 197 708 237 Limen
742 196 960 237 PIUMUS.
1011 198 1111 236 Gn.
1147 198 1174 235 Ι.
1568 199 1595 236 3

129 314 303 353 diuinam
338 309 506 350 laudans
543 312 620 349 sibi
652 312 741 362 ipse
783 311 994 361 suflragari
1026 312 1051 349 i.
1076 323 1113 349 e.
1143 321 1238 348 suae
1261 307 1372 347 laudi
1394 310 1595 350 inseruiie

128 373 293 423 poterat
323 369 472 408 uideri.

241 450 272 496 ᾇ.
305 449 345 489 2.
407 460 578 486 uerum
615 444 805 494 tamen]
836 442 1019 482 Alterum
1050 458 1225 484 uerum
1249 468 1298 474 —
1325 458 1416 483 nam
1451 445 1590 497 dupli-

129 511 218 545 cata
246 495 289 543 111
322 504 413 543 cod.
447 504 558 542 arch.
591 502 660 542 illa
690 514 765 540 uox
797 502 875 539 suit
898 523 952 528 —-
983 507 1051 539 aut
1073 504 1275 541 correctio
1300 507 1364 539 est
1383 509 1451 540 aut
1472 515 1587 540 men-

128 563 222 601 dum
253 574 300 599 ex
332 560 611 611 dittographia
641 563 798 606 natum,
830 556 873 595 id
904 558 1009 608 quod
1042 558 1108 597 uel
1139 572 1186 596 ex
1219 558 1356 597 addita
1389 558 1589 610 particula

127 613 367 656 itaelucet
397 620 593 667 reeteque
625 617 673 654 ab
703 614 890 652 omnibus
924 616 1220 666 interpretibus
1240 620 1335 666 post
1358 615 1588 653 Manutium

125 679 306 726 spretum
341 677 415 711 est.
478 673 592 711 Unus
625 673 723 711 Dau.
764 683 959 721 peruerse
994 674 1196 710 coniecit:
1240 673 1311 709 sit
1351 672 1424 709 ita
1465 684 1587 709 sane

126 728 304 779 uelim3
338 728 560 781 optandi
593 730 699 767 enim
733 728 794 765 uis
816 741 986 779 prorsus
1010 729 1057 766 ab
1080 727 1271 766 hocloco
1295 725 1441 777 aliena,
1475 741 1587 766 con-

125 785 347 825 cedendi
379 784 465 824 sola
498 788 592 837 apta
626 789 706 823 est.

197 864 310 903 dum
341 863 472 904 latin
487 867 561 917 ae]
579 862 800 903 meliorum
819 861 1022 914 codicum,
1043 865 1108 914 qui
1128 863 1217 901 fere
1238 862 1368 902 latin
1383 876 1404 901 e
1427 868 1586 913 tenent,

123 923 409 960 auctoritatem
439 921 544 960 nihil
568 921 609 959 h.
628 919 655 962 l.
675 932 795 969 cui-0,
827 932 915 957 eum
938 932 991 959 ae
1014 926 1055 958 et
1080 933 1102 960 e
1127 919 1191 958 uel
1212 922 1252 958 in
1275 921 1440 971 optimis
1465 921 1586 960 codd.

122 990 410 1029 usquequaque
450 979 674 1030 permutari
706 980 892 1024 constet,
936 979 1147 1015 sententia
1189 982 1323 1014 autem
1353 976 1472 1015 huius
1504 977 1586 1015 loci

121 1034 383 1072 adiectiui
421 1035 595 1073 ior-mam
637 1035 817 1081 flagitet,
853 1036 895 1068 ut
933 1039 1047 1071 recte
1086 1037 1182 1084 post
1222 1033 1359 1071 Lamb.
1402 1038 1443 1071 et
1482 1034 1585 1072 Ern.

119 1088 266 1126 Bakius
311 1090 437 1139 uidit,
485 1104 573 1128 cum
614 1087 759 1138 reliqui
805 1087 1054 1126 aduerbii
1101 1089 1272 1127 sormam
1318 1090 1586 1140 recepissent.

118 1145 218 1183 Nam
250 1144 498 1196 litterae,
532 1147 723 1184 uniuerse
756 1144 790 1180 si
822 1143 1019 1194 dicimus,
1069 1149 1164 1183 sunt
1199 1144 1585 1184 wissenschaf-

119 1206 230 1252 ten,
280 1215 383 1251 quae
421 1202 501 1241 dici
543 1215 623 1240 non
663 1204 838 1252 possunt
874 1199 952 1237 hoc
990 1200 1057 1238 uel
1100 1201 1170 1240 illo
1214 1214 1404 1240 sermone
1449 1200 1583 1254 loqui3

118 1256 234 1295 libris
266 1261 530 1297 continentur
552 1257 593 1297 et
614 1258 790 1307 ingeniis
815 1257 1042 1295 hominum.
1100 1258 1286 1296 Litterae
1313 1263 1450 1296 autem
1482 1262 1584 1298 certi

119 1313 327 1352 cniusdam
359 1314 518 1367 populi,
551 1314 676 1353 ueluti
708 1312 876 1362 latinae,
904 1326 1091 1365 graecae,
1126 1318 1220 1353 sunt
1251 1316 1405 1365 ingenii
1437 1328 1583 1354 monu-

115 1374 255 1408 menta
287 1372 451 1410 condita
485 1384 675 1410 sermone
707 1371 794 1408 eius
827 1368 982 1421 populi,
1015 1373 1080 1421 qui
1114 1371 1276 1409 adiecto
1308 1373 1475 1411 nomine
1506 1373 1582 1411 de-

115 1427 315 1476 signatur.
376 1429 441 1466 Cf.
482 1429 596 1466 Brut.
631 1428 670 1477 5,
706 1424 772 1466 19.
814 1425 864 1463 ad
894 1427 1010 1465 Fam.
1045 1428 1095 1478 V,
1133 1426 1197 1468 19.
1231 1428 1270 1468 2.
1310 1425 1403 1478 XV,
1436 1427 1478 1469 4.
1517 1429 1582 1469 12.

116 1482 257 1520 Madu.
276 1482 329 1520 de
346 1484 439 1524 Fin.
460 1485 491 1534 1,
508 1483 550 1525 4.
572 1483 637 1524 12.
669 1484 725 1521 Et
740 1483 813 1520 has
830 1481 990 1520 litteras
1013 1490 1128 1534 patet
1148 1498 1222 1536 per
1239 1487 1581 1537 prosopopoeiam

117 1538 315 1588 quandam
362 1553 441 1578 non
480 1542 612 1578 minus
652 1544 766 1578 recte
807 1538 888 1576 dici
928 1552 1051 1590 posse
1083 1540 1153 1579 uel
1183 1540 1296 1592 loqui
1327 1541 1394 1579 uel
1426 1548 1579 1592 tacere,

115 1608 232 1645 qnam
277 1596 351 1634 Off,
382 1598 414 1646 1,
447 1595 514 1637 45,
560 1595 650 1637 159.
704 1596 888 1633 facere
925 1595 1077 1646 aliquid
1117 1597 1269 1635 dicitur
1312 1600 1580 1649 sapientia.

113 1651 354 1701 Loquuntur
384 1658 538 1702 autem,
569 1666 687 1703 quam
720 1651 787 1689 diu
819 1657 1002 1702 manent,
1035 1659 1175 1692 tacent
1207 1655 1446 1694 exstinctae.
1495 1656 1577 1695 lam

112 1720 201 1745 cum
235 1707 367 1746 Mario
399 1720 573 1760 quercus
604 1709 813 1747 Marianae
841 1710 1077 1757 memoriam
1111 1712 1328 1761 propagari
1355 1711 1480 1762 dicat,
1512 1715 1577 1751 111-

112 1763 211 1801 dere
241 1762 340 1802 licet
373 1767 566 1814 Quintum
598 1765 730 1803 Mario
761 1763 901 1802 fratris
933 1769 1111 1804 aetatem
1144 1768 1325 1806 tribuere
1365 1768 1573 1820 aequalem

111 1818 261 1858 litteris
290 1819 444 1860 latinis.

194 1891 247 1923 ut
279 1887 354 1923 ait
385 1887 665 1939 Scaeuola]
704 1888 852 1926 Bakius
884 1888 1082 1928 aduocata
1114 1891 1257 1930 Orellii
1292 1891 1574 1945 disputatione

111 1943 152 1979 in
186 1939 301 1980 Anal.
332 1942 381 1980 ad
413 1944 498 1984 Cic.
535 1946 640 1996 Opp.
674 1945 743 1993 lv,
778 1945 817 1984 2.
848 1958 887 1996 p.
922 1944 1018 1986 593.
1057 1949 1193 1986 uerbis
1226 1950 1481 1989 Scaeuola
1515 1951 1574 1989 de

110 1997 305 2035 fratris
344 2001 441 2038 mei
482 2001 654 2039 Mario
693 2002 799 2039 hanc
834 2003 914 2039 uim
957 2004 1124 2042 tribuit:
1171 2006 1240 2045 Sc.
1279 2007 1327 2044 in
1377 2007 1573 2046 fratris

109 2054 205 2090 mei
246 2053 424 2096 Mario.
486 2057 569 2095 Sed
605 2057 752 2095 cadere
789 2059 866 2095 ista
905 2058 1126 2110 disputatio
1171 2067 1327 2101 tantum
1371 2065 1410 2101 in
1451 2066 1574 2103 uerba

107 2109 291 2160 uidetur,
324 2124 424 2161 quae
457 2112 508 2151 de
539 2115 727 2165 poemate
756 2115 921 2165 possint
952 2115 1166 2167 depromi,
1200 2117 1329 2157 ueluti
1362 2120 1488 2159 Tusc.
1520 2122 1572 2170 V,

106 2164 175 2205 23.
203 2164 270 2207 53,
302 2166 396 2206 illa
429 2167 490 2207 de
521 2169 905 2209 Andromacha.
939 2172 1019 2210 Off.
1045 2173 1111 2223 111,
1145 2173 1210 2214 21.
1246 2174 1316 2216 82.
1351 2189 1570 2227 graecos

106 2234 292 2260 uersus
325 2222 385 2262 de
417 2225 756 2266 Phoenissis.
789 2226 894 2278 Rep.
926 2228 954 2277 1,
993 2228 1057 2269 18.
1090 2229 1184 2281 30.‚
1218 2233 1355 2270 autin
1390 2245 1461 2271 eos
1492 2234 1570 2272 ho-

103 2280 249 2328 mines,
280 2281 347 2330 qui
379 2284 507 2334 magis
538 2295 713 2334 persona
746 2283 880 2334 aliqua
911 2291 1118 2337 suscepta,
1152 2301 1269 2338 quam
1292 2301 1364 2327 sua
1385 2291 1568 2341 ipsorum

104 2336 347 2373 auctoritate
384 2339 662 2389 innotuerint,
703 2339 833 2378 ueluti
877 2340 970 2378 ilie
1009 2341 1069 2380 de
1099 2344 1321 2383 Homero
1354 2346 1569 2386 Thersi-

102 2395 204 2440 tes,
236 2403 316 2429 non
349 2393 390 2430 in
421 2394 610 2433 homines
643 2409 730 2446 eos,
766 2397 830 2446 qui
863 2396 993 2435 multo
1012 2397 1104 2450 plus
1128 2413 1200 2439 sua
1222 2402 1400 2453 ipsorum
1425 2409 1568 2442 aucto-

101 2448 226 2485 ritate
267 2446 454 2500 ualeant,
497 2464 613 2501 quam
647 2465 722 2502 eo,
767 2452 875 2503 quod
906 2455 947 2492 in
979 2457 1159 2495 carmine
1190 2456 1407 2509 loquentes
1441 2459 1565 2498 indu-

100 2507 258 2542 cuntur.
337 2506 596 2559 Quapropter
644 2509 744 2547 haec
789 2509 1015 2549 Scaeuolae
1058 2514 1185 2551 uerba
1235 2528 1326 2553 cum
1373 2516 1567 2555 Turnebo

98 2559 248 2598 referri
277 2573 454 2600 necesse
488 2568 553 2602 est
584 2563 633 2602 ad
667 2566 916 2617 epigramma
946 2566 1110 2619 aliquod
1142 2571 1190 2608 ab
1219 2572 1309 2623 ipso
1349 2571 1565 2623 relictum;

98 2628 190 2654 nam
230 2619 446 2668 quominus
486 2619 537 2658 ad
579 2622 703 2659 uerba
739 2623 824 2660 eius
855 2628 1046 2675 putemus
1078 2631 1290 2679 spectare,
1329 2642 1432 2680 quae
1470 2629 1566 2668 data

101 2674 317 2711 occasione
349 2674 498 2714 dixerit
528 2676 769 2728 aliquando,
800 2681 966 2719 uerbum
1001 2683 1075 2720 ait
1103 2685 1310 2735 prohibet.
1372 2686 1564 2724 Canes-

99 2740 218 2766 cere
257 2734 417 2783 autem,
460 2733 567 2784 quod
597 2734 692 2773 alibi
725 2733 861 2788 (Brut.
896 2737 937 2787 2,
968 2736 1031 2780 8.)
1070 2739 1121 2777 de
1154 2742 1353 2780 orationis
1394 2744 1563 2780 maturi-

98 2788 182 2822 tate
208 2783 371 2838 dicitur,
404 2801 482 2827 non
515 2792 655 2843 inepte
689 2792 730 2831 11.
755 2791 777 2831 l.
813 2793 1059 2833 transfertur
1092 2795 1141 2834 ad
1175 2799 1366 2835 carminis
1400 2799 1562 2837 diutur-

1301 2868 1346 2909 ¹3(-
