1781 3192
457 210 612 248 ciuica
645 207 946 245 SECUNDUS.
999 207 1095 244 (λιν,
1135 204 1182 242 V.
1462 201 1547 240 135)

86 323 267 363 malum
303 321 501 372 negligi
543 322 581 358 in
624 332 711 357 cam
750 319 996 356 sententiam
1029 316 1196 364 dicitur,
1230 318 1273 352 ut
1304 314 1360 351 sit
1390 313 1542 349 maxi-

85 394 209 418 mum
255 379 439 416 malum
481 375 686 426 negligi
728 388 816 424 per
854 386 905 411 se
956 372 1234 410 absurdum
1281 374 1383 407 est:
1424 381 1540 418 quam

87 437 334 473 seutentiam
373 435 558 483 flagitant
599 445 646 469 ea
684 443 788 481 quae
827 435 1054 479 sequuntur
1095 429 1240 465 uerba:
1281 424 1370 463 sed
1412 437 1543 475 quac

88 497 372 543 praeterea
408 491 540 527 ratio
573 484 685 525 est?
726 488 936 536 Recte-que
977 499 1022 522 se
1061 486 1208 532 habet,
1249 481 1355 533 quod
1397 480 1546 518 dicitur

87 548 137 586 ad
178 549 291 584 Fam.
326 546 391 594 w,
440 544 501 584 19.
542 545 582 583 2.
620 545 659 580 si
702 543 849 579 modo
891 544 1055 593 ipsum
1099 542 1258 586 sciet3
1303 542 1367 575 est
1407 537 1542 575 enim:

86 616 200 640 weun
234 615 278 638 er
307 614 351 637 es
385 614 459 638 uui·
491 600 719 649 iiber-haupt
750 600 886 636 weiss.
951 597 1056 635 vide
1100 598 1220 633 etiam
1256 594 1304 631 ad
1336 595 1417 632 Att.
1454 591 1541 641 Xil,

92 656 153 696 14.
186 656 221 696 3.
256 656 304 705 Χ,
346 655 402 695 14.
437 657 472 696 3.
537 658 586 693 At
610 657 696 693 iure
729 654 780 692 de
803 656 894 692 Diu.
923 651 979 703 ll,
1013 652 1076 692 58.
1112 650 1199 692 119.
1235 650 1285 687 de
1310 651 1546 687 coniectura

86 714 239 750 editum
270 717 357 749 est:
389 718 439 749 et
472 712 520 750 id
550 714 721 762 ipsum
756 724 870 747 esse
903 710 1157 756 dormire3
1190 706 1408 745 monstrari
1435 705 1543 741 enim

86 772 248 819 oportet
285 768 342 816 id,
376 768 482 818 quod
517 767 744 818 praecedit,
776 766 879 803 labi
920 771 1003 815 atq
1019 778 1077 803 ue
1116 762 1399 801 concidere
1437 761 1543 797 ani-

83 837 224 862 mum.
286 823 349 862 Ad
390 829 572 861 nostrum
615 828 748 860 autem
783 823 914 860 locum
951 827 992 859 ut
1032 825 1238 870 reuertar,
1279 820 1339 856 ob
1376 818 1543 867 ipsum

84 893 134 917 sc.
168 878 283 928 lege
315 893 500 917 carere
539 880 643 917 hanc
684 881 764 917 uim
808 879 951 916 habet:
995 879 1053 914 ob
1086 875 1247 914 solam
1282 873 1425 923 legis
1456 871 1542 908 de-

82 935 371 972 sectionem
405 933 569 987 (wegen
605 936 677 973 des
710 935 875 973 hlossen
909 933 1088 972 Fehleus
1124 935 1149 970 i.
1175 946 1213 970 e.
1246 930 1359 969 bloss
1383 928 1541 976 darum,

80 989 172 1029 weil
212 1004 256 1027 er
300 991 393 1027 keiu
429 993 581 1028 Ges-etz
624 991 743 1043 hat),
782 993 837 1028 ita
878 996 922 1027 ut
959 988 1058 1026 nihil
1099 988 1206 1026 aliud
1238 986 1432 1033 accedat,
1473 997 1545 1021 cur

81 1046 192 1084 nulio
223 1046 311 1083 loco
344 1048 488 1084 ciuitas
519 1049 571 1085 sit
607 1047 808 1085 habenda.
871 1046 931 1084 Cf.
974 1045 1025 1082 de
1065 1046 1141 1082 hac
1182 1046 1300 1082 huius
1340 1053 1458 1092 pron.
1504 1041 1544 1077 ιιί

81 1103 206 1152 SCJff·
239 1102 289 1140 ³¹11
323 1102 434 1140 Βᾶθι·
470 1117 510 1154 p-
550 1104 642 1143 113.
704 1104 772 1141 ()b
805 1101 855 1140 id
882 1104 1046 1153 ipsum
1089 1102 1194 1138 haue
1227 1099 1306 1136 uim
1348 1098 1542 1134 haberet:

82 1158 233 1208 gerade
276 1158 444 1208 darum,
497 1160 591 1197 weil
632 1172 677 1196 er
721 1159 814 1196 kein
857 1159 1011 1195 Gesetz
1056 1157 1137 1194 hat.
1208 1156 1290 1193 Cur
1327 1153 1544 1191 Germanis

84 1215 201 1252 nobis
233 1219 420 1252 nentrum
455 1216 707 1265 pronominis
738 1227 865 1264 genus
906 1215 1041 1250 minus
1082 1212 1297 1249 serendum
1344 1221 1438 1246 esse
1480 1209 1543 1245 ui-

84 1270 242 1319 deatur,
275 1284 362 1308 eum
395 1271 662 1309 masculinum
698 1276 740 1308 et
770 1270 1009 1308 femininum
1035 1282 1111 1306 non
1138 1267 1312 1305 moleste
1343 1266 1542 1313 feramus,

85 1328 173 1364 cius
207 1327 263 1363 rei
299 1340 421 1364 causa
453 1328 563 1366 haud
596 1329 680 1365 scio
713 1340 761 1364 an
794 1327 889 1364 hinc
922 1327 975 1363 sit
1002 1325 1252 1376 repetenda,
1296 1321 1401 1373 quod
1434 1334 1544 1358 mas-

85 1382 217 1421 culino
251 1388 292 1420 et
323 1383 520 1421 feminino
551 1383 672 1422 facile
704 1382 898 1420 leuiorem
932 1381 1044 1419 illam
1078 1380 1333 1432 pronominis
1370 1378 1540 1414 sormam

84 1452 143 1487 er,
187 1437 252 1475 uel
292 1440 353 1475 sie
398 1438 675 1488 adiungimus,
720 1440 853 1475 neutri
895 1438 1034 1488 generi
1069 1451 1147 1474 non
1182 1436 1316 1473 leuius
1349 1432 1450 1470 illud
1484 1445 1550 1481 es,

83 1494 156 1531 sed
187 1506 304 1544 pron.
338 1494 561 1533 demonstr.
594 1495 791 1532 adhibere
823 1493 1017 1533 solemus.

200 1549 234 1598 ξ.
273 1548 335 1588 13.
397 1551 556 1588 multa
587 1551 920 1602 perniciose,
953 1548 1115 1587 multa
1146 1544 1432 1599 pestifere]
1478 1544 1543 1582 Sic

85 1605 201 1644 codd.
240 1604 442 1645 meliores
486 1607 633 1644 Bakius
683 1606 881 1645 creditam
930 1620 951 1643 a
996 1618 1040 1642 se
1091 1605 1375 1641 auctoritatem
1423 1600 1544 1638 codd.

85 1662 157 1698 AB
179 1661 322 1701 ll-Os).
356 1668 521 1700 secutus
561 1676 652 1701 cum
687 1664 869 1700 Uictorio
912 1661 1114 1699 adiectiua
1157 1659 1461 1711 perniciosa
1492 1679 1545 1684 —-

83 1717 350 1768 pestifera
381 1720 579 1768 restituit,
609 1721 702 1769 quia
731 1719 922 1756 aduerhia
957 1719 1004 1755 ab
1037 1718 1113 1755 hoc
1144 1715 1235 1753 loco
1276 1713 1409 1751 aliena
1452 1724 1543 1749 esse

85 1774 260 1810 diceret.
309 1773 461 1812 Uerum
482 1775 822 1825 quemadmodum
847 1773 1071 1812 salutari
1087 1778 1167 1810 ter
1191 1769 1343 1821 aliquid
1365 1769 1545 1806 sciscere

86 1833 147 1877 (et
187 1828 380 1867 similiter
420 1831 570 1869 dicitur
602 1833 710 1870 Brut.
745 1832 785 1880 2,
819 1830 855 1870 3.
891 1829 1216 1868 salutariter
1257 1827 1411 1864 armis
1451 1825 1546 1864 uti>

84 1889 149 1923 est
187 1884 237 1922 ad
278 1884 450 1924 salutem
493 1887 631 1938 populi
675 1886 827 1937 aliquid
883 1889 1084 1924 sciscere:
1132 1886 1188 1922 ita
1235 1881 1546 1935 perniciose

85 1943 264 1978 sciscere
297 1946 361 1978 est
392 1945 570 1981 sciscere
601 1944 649 1981 ad
683 1943 822 1994 populi
854 1943 1094 1993 perniciem.
1161 1939 1278 1989 Quod
1319 1942 1454 1975 autem
1496 1935 1542 1973 ad

84 1998 310 2048 perniciem
341 1998 478 2049 populi
513 2001 719 2049 sciscitur,
751 1998 793 2035 id
825 2000 955 2050 ipsum
1000 1998 1274 2050 perniciosum
1317 1998 1395 2031 est.
1466 1992 1546 2029 lta-

85 2065 163 2103 que
204 2053 318 2091 Brut.
362 2053 412 2103 9,
451 2055 503 2095 36
561 2068 651 2093 cum
690 2056 863 2106 primum
909 2055 1115 2092 aduerbiis
1159 2065 1252 2090 usus
1301 2050 1440 2088 dicere
1489 2049 1548 2085 sic

85 2110 361 2146 instituisset:
394 2110 529 2148 nihil
563 2118 716 2149 acute
748 2111 981 2147 inueniri
1009 2109 1187 2160 potuit
1217 2129 1271 2135 -—-
1303 2102 1462 2154 nihil,
1496 2108 1548 2141 ut

85 2167 158 2202 ita
200 2164 392 2215 dicam,
441 2166 694 2216 subdole,
742 2165 882 2203 nihil
919 2170 1162 2213 uersum,
1198 2176 1290 2200 mox
1332 2160 1547 2198 adiectiuis

85 2226 203 2259 utens
235 2222 294 2258 sic
324 2223 482 2272 pergit:
527 2221 665 2261 nihil
696 2227 879 2260 contra
909 2220 1139 2272 grande,
1178 2216 1317 2256 nihil
1358 2217 1548 2254 incita-

85 2285 214 2326 tum,
243 2276 381 2315 nihil
411 2284 651 2317 ornatum
695 2291 750 2318 sc.
788 2279 969 2316 inueniri
1009 2278 1167 2329 potuit3
1212 2288 1304 2312 uam
1345 2272 1453 2311 male
1492 2273 1546 2310 ibi

86 2335 262 2371 Peterus
297 2339 414 2371 erat
445 2334 547 2372 dixit
578 2333 851 2386 supplendum
887 2347 994 2372 esse.

198 2388 472 2439 latrones]
532 2392 648 2428 Hanc
678 2391 806 2441 Lipsii
845 2392 1120 2428 coniecturam
1154 2398 1321 2440 prorsus
1355 2397 1549 2422 necessa-

86 2449 183 2484 riam
231 2447 277 2483 ab
318 2444 407 2483 aliis
451 2448 528 2483 iam
573 2452 667 2484 ante
710 2458 802 2484 esse
842 2451 1039 2484 tentatam
1074 2448 1244 2497 apparet
1287 2454 1334 2479 ex
1364 2440 1547 2479 Turnebi

85 2507 304 2541 comment.
347 2503 503 2553 primo,
543 2505 582 2540 in
621 2515 698 2553 quo
741 2502 841 2540 haec
880 2504 1041 2553 posuit:
1081 2499 1277 2551 „quidam
1320 2510 1464 2548 quam
1506 2496 1547 2534 si

84 2558 321 2596 latrones
356 2558 567 2608 aliquas
591 2571 856 2596 consensu
879 2558 1079 2597 habent4‘.
1132 2558 1372 2608 Opportune
1401 2553 1550 2591 Bakius

85 2617 273 2653 meminit
307 2616 410 2653 Xen.
444 2615 569 2653 Mem.
603 2616 633 2664 Ι,
663 2615 701 2654 2.
733 2613 804 2655 43.
863 2614 971 2653 Plat.
1004 2614 1131 2665 Gorg.
1162 2626 1205 2664 p.
1237 2609 1336 2652 489.
1369 2610 1412 2649 C.
1465 2609 1549 2647 Cic.

85 2671 138 2708 de
168 2672 245 2710 Off.
275 2672 325 2721 ΙΙ,
364 2672 425 2711 ll.
458 2667 524 2710 40.
567 2672 688 2722 quin
734 2671 888 2708 ctiam
931 2669 1086 2721 leges
1126 2668 1389 2707 latronum
1434 2677 1549 2703 esse

85 2726 369 2777 dicuntur,
401 2728 476 2765 nisi
510 2728 617 2765 sorte
643 2726 858 2765 Catilinam
892 2727 1061 2777 eiusque
1084 2726 1288 2764 latronum
1313 2733 1549 2761 seruorum-

87 2795 161 2833 que
201 2789 406 2823 cateruam
449 2785 581 2835 petiit.
625 2784 689 2821 Cf.
723 2783 790 2823 ΙΙΙ.
832 2783 861 2833 §.
896 2782 964 2823 45.
1009 2786 1051 2820 et
1093 2783 1185 2820 Par.
1219 2781 1295 2829 1V,
1338 2775 1367 2817 Ι.
1413 2777 1444 2827 ξ.
1479 2776 1549 2816 27.

1279 2849 1327 2869 -κ--Χ-
