1743 3202
231 179 379 213 XLVIII
826 179 1109 216 PRAEFATIO
1119 207 1127 215 .

225 293 308 319 non
349 279 515 319 silentio
555 283 871 330 praetermittat.
933 283 1051 333 Quod
1092 286 1149 322 ita
1181 285 1340 323 Atticus
1372 289 1540 340 probat,
1581 296 1623 330 ut
1655 293 1696 331 id

227 350 265 386 in
297 348 374 386 hoc
407 359 595 386 sermone
627 346 860 389 faciundum
892 350 1023 390 fuisse
1054 351 1180 392 dicat.
1217 352 1251 402 ξ.
1285 351 1354 393 63.

566 651 945 718 Argumentum
978 653 1099 702 libre·
1128 654 1351 703 secundi.

343 775 443 814 Cum
480 775 610 815 adhuc
641 790 872 817 sermonem
902 778 1146 818 habuissent
1186 780 1237 818 ad
1268 782 1405 819 Lirem
1437 777 1694 819 inambulan-

227 848 309 893 tes,
343 844 421 881 iam
453 844 614 882 Atticus
653 847 865 896 hortatur,
909 852 953 884 ut
990 845 1080 885 loco
1118 852 1273 886 mutato
1314 848 1473 899 reliquo
1517 845 1694 884 sermoni
1731 849 1734 851 ’

228 911 267 948 ἰη
299 909 448 962 insula,
481 925 585 962 quae
616 914 655 951 in
680 914 858 952 Fibreno
891 915 960 964 sit,
993 927 1158 965 operam
1191 914 1291 952 dent
1322 915 1532 953 sedentes.
1578 911 1695 961 Quod

225 992 313 1016 cum
345 979 507 1016 Marcus
549 979 837 1020 lubentissime
879 994 924 1019 se
964 980 1036 1019 illo
1068 979 1158 1019 loco
1190 982 1248 1019 uti
1282 981 1478 1031 dixisset,
1519 980 1695 1026 Atticus,

226 1045 292 1096 qui
322 1048 419 1083 tunc
449 1047 621 1096 primum
651 1048 730 1087 huc
755 1053 942 1097 uenerat,
974 1047 1155 1086 locorum
1180 1050 1470 1086 amoenitatem
1494 1048 1693 1084 maximo-

223 1125 323 1163 pere
376 1111 531 1153 laudat.
610 1115 683 1152 Cui
733 1114 843 1153 laudi
890 1115 1052 1152 Marcus
1109 1115 1341 1152 assentiens
1394 1113 1513 1152 aliam
1554 1117 1693 1150 tamen

226 1181 349 1218 etiam
382 1183 544 1218 'causam
576 1194 667 1219 esse
699 1181 815 1231 dicit,
848 1194 921 1219 eur
949 1182 1027 1219 hoc
1055 1180 1145 1219 loco
1177 1180 1430 1229 delectetur3
1459 1191 1694 1232 germanam

228 1248 337 1284 enim
370 1247 476 1285 hanc
508 1260 600 1285 esse
633 1252 675 1286 et
704 1261 813 1286 suam
849 1253 890 1285 et
918 1248 1057 1286 fratris
1089 1250 1153 1286 sui
1183 1250 1372 1298 patriam.
1433 1249 1521 1297 Quo
1552 1245 1689 1284 audito

222 1304 381 1341 Atticus
418 1304 538 1342 istam
580 1305 730 1342 iustam
770 1306 807 1341 ei
846 1317 1011 1342 causam
1045 1316 1139 1342 esse
1171 1304 1296 1355 dicit,
1333 1318 1406 1343 cur
1436 1305 1516 1342 huc
1544 1302 1691 1341 luben-

220 1372 301 1408 tius
333 1372 493 1420 ueniat3
531 1375 653 1421 atque
692 1383 736 1408 se
777 1371 909 1421 ipsum
952 1370 1012 1409 illi
1055 1369 1177 1409 uillae
1211 1376 1332 1422 atque
1363 1373 1473 1411 omni
1505 1369 1619 1420 solo,
1651 1371 1692 1407 in

222 1451 302 1489 quo
332 1442 450 1476 natus
481 1439 559 1488 sit,
602 1439 838 1477 amiciorem
867 1438 989 1477 modo
1023 1451 1120 1477 esse
1162 1439 1339 1489 sactum3
1379 1439 1453 1478 sed
1487 1452 1575 1478 cum
1609 1438 1692 1476 Ro-

221 1518 328 1543 mam
360 1518 487 1556 usque
525 1518 574 1544 eo
606 1506 850 1545 Ciceronum
883 1508 1054 1559 patriam
1087 1506 1324 1557 habuisset,
1357 1506 1553 1558 numquid
1590 1505 1690 1542 duas

222 1572 400 1611 habeant
439 1573 615 1624 patrias,
659 1575 847 1623 requirit.
918 1575 1007 1623 Quo
1053 1573 1251 1612 adductus
1294 1575 1458 1614 Marcus
1505 1573 1691 1611 omnibus

221 1641 494 1695 municipibus
533 1639 633 1678 duas
667 1653 762 1679 esse
802 1642 955 1693 patrias
988 1641 1195 1692 ostendit,
1233 1642 1402 1681 alteram
1441 1643 1569 1691 iuris,
1610 1639 1690 1679 loci

225 1707 408 1748 alteram.
455 1708 487 1758 ξ.
523 1706 661 1748 1-6.
722 1707 802 1745 Iam
843 1713 1056 1759 postquam
1105 1713 1271 1746 uentum
1310 1711 1350 1746 in
1392 1708 1564 1746 insulam
1608 1715 1689 1759 est,

228 1776 407 1825 Quintus
439 1779 484 1813 ut
514 1774 732 1813 considant
763 1776 952 1814 hortatur
982 1780 1103 1826 atque
1142 1776 1193 1814 ad
1233 1789 1322 1814 eam
1355 1777 1557 1814 sermonis
1594 1789 1689 1828 par-

224 1848 306 1882 tem
348 1847 634 1894 reuertamur,
675 1855 725 1882 ex
765 1858 842 1895 qua
882 1845 1037 1894 egressi
1078 1846 1175 1882 sint.
1245 1846 1333 1893 Quo
1379 1842 1488 1882 facto
1524 1843 1688 1881 Marcus

222 1912 502 1949 intermissum
535 1923 768 1949 sermonem
802 1911 1073 1961 redintegrat.
1106 1912 1140 1961 ξ.
1174 1911 1214 1950 7.
1273 1913 1513 1959 Priusquam
1553 1913 1686 1946 autem

224 1977 275 2015 ad
308 1976 424 2028 leges
456 1977 638 2029 singulas
671 1977 856 2026 accedat,
894 1978 973 2015 uim
997 1975 1106 2015 illius
1131 1977 1323 2018 caelestis
1344 1977 1465 2029 legiS,
1498 1975 1548 2014 ad
1571 1989 1687 2027 quam

222 2047 358 2084 onmia
389 2046 471 2084 sint
500 2045 744 2096 referenda,
778 2043 1071 2096 explanandam
1107 2058 1199 2084 esse
1232 2046 1358 2096 dicit,
1396 2058 1448 2083 ne
1485 2045 1687 2083 sermonis

220 2126 362 2151 errore
395 2112 561 2163 decepti
602 2110 735 2162 legem
778 2125 866 2150 eam
898 2110 1157 2163 intelligant,
1191 2126 1293 2163 quae
1324 2114 1534 2153 hominum
1567 2113 1686 2163 inge·
1737 2116 1739 2119 ’

223 2179 301 2216 niis
342 2180 396 2216 sit
434 2179 663 2230 excogitata
695 2185 763 2218 aut
792 2181 894 2217 scita
925 2192 947 2216 a
985 2178 1171 2230 populis,
1213 2194 1328 2230 quam
1362 2196 1384 2219 a
1414 2181 1552 2232 pueris
1589 2179 1688 2217 inde

220 2246 353 2297 legem
398 2244 607 2297 appellare
647 2248 903 2284 consuerint.
976 2246 1068 2283 [im
1117 2247 1281 2296 quidem
1326 2247 1397 2286 illa
1441 2246 1685 2299 populorum

225 2314 333 2351 iussa
364 2312 516 2350 habere
547 2313 595 2351 ad
628 2319 745 2353 recte
776 2315 883 2352 facta
917 2311 1088 2350 uocandi
1121 2317 1163 2350 et
1193 2327 1214 2351 a
1244 2316 1424 2365 peccatis
1465 2313 1684 2363 auocandi3

226 2379 299 2417 sed
334 2381 414 2417 uim
447 2385 582 2419 tamen
614 2384 741 2434 ipsam
772 2382 949 2420 omnium
973 2382 1182 2419 ciuitatum
1207 2387 1342 2420 aetate
1367 2395 1461 2420 esse
1482 2383 1684 2420 seniorem
1741 2400 1743 2404 ·

221 2453 263 2485 et
294 2445 504 2498 aequalem
548 2447 661 2487 illius
694 2462 878 2487 summae
912 2453 953 2486 et
980 2447 1173 2487 caelestis
1204 2449 1334 2500 legis,
1372 2463 1491 2501 quam
1531 2454 1684 2487 rectam

220 2526 314 2551 esse
344 2515 544 2553 rationem
584 2518 765 2567 supremi
810 2516 874 2554 dei
913 2517 1095 2567 itemque
1125 2518 1351 2569 perfectam
1385 2518 1585 2555 rationem
1617 2529 1684 2554 sa·

218 2582 394 2633 pientis3
427 2595 528 2632 quae
561 2588 695 2622 autem
728 2585 840 2622 uarie
880 2587 921 2621 et
959 2583 1009 2621 ad
1040 2587 1201 2636 tempus
1240 2585 1446 2636 descripta
1487 2585 1572 2623 sint
1606 2597 1683 2636 po-
1739 2578 1743 2586 ¹

218 2647 344 2701 pulis,
376 2663 423 2687 en
458 2650 598 2689 fauore
630 2654 774 2703 magis,
806 2664 920 2701 quam
953 2664 995 2688 re
1031 2650 1169 2702 legum
1209 2667 1355 2692 nomen
1398 2658 1564 2700 tencre3
1606 2665 1684 2690 nec

220 2719 325 2755 enim
359 2717 494 2755 omnia
524 2718 592 2756 illa
616 2718 808 2758 salutaria
841 2732 934 2756 esse
965 2718 1126 2771 populis
1160 2723 1236 2769 ait3
1270 2734 1385 2772 quam
1419 2725 1553 2758 autem
1583 2732 1681 2757 uere
1732 2711 1743 2738 ³
