1781 3192
214 198 304 236 148
786 196 855 234 DE
886 198 1117 236 LEGlBUS

219 313 388 348 animo
430 307 837 358 comprehendit
879 315 931 346 ct
972 308 1154 346 tenet?
1208 309 1294 347 l'ar.
1339 309 1377 357 l,
1424 310 1488 348 14.
1536 314 1678 360 quiv-

220 379 435 417 quamne
467 366 646 401 bouum
681 370 791 412 est,
833 365 967 414 quod
1005 379 1104 403 non
1139 378 1270 414 eum,
1312 365 1477 414 quiid
1509 369 1678 416 possi-

219 423 332 468 det,
365 419 633 458 meliorem
674 419 843 458 facit?
885 421 1000 460 Lael.
1048 423 1116 469 16,
1160 420 1225 460 59.
1298 417 1494 472 lmperite
1535 422 1679 460 Bakius

219 477 354 530 paullo
388 481 484 513 ante
514 489 587 526 pro
622 489 875 526 quemque
908 490 980 525 ea,
1012 491 1134 527 quae
1167 478 1342 515 coniecit
1366 490 1506 527 quem
1541 490 1680 527 quae.

334 543 624 592 numerari]
698 542 879 580 Primum
923 546 1000 593 qui
1041 545 1272 581 necessaria
1312 548 1375 581 est
1416 544 1551 581 mendi
1592 558 1681 581 cor-

220 601 350 638 rectio
383 603 540 636 tentata
572 600 610 636 in
645 598 884 649 quibusdam
917 600 1036 640 codd,
1071 601 1176 638 dett.
1237 600 1345 638 Male
1379 601 1523 637 Bakius
1564 600 1678 650 quid

221 655 539 694 commendauit.
621 655 972 703 Quemadmodum
1032 657 1218 706 negando
1273 655 1477 693 diceretur
1535 655 1681 693 nullo

219 713 396 760 modo,
431 725 507 748 non
541 710 685 748 nihil
718 710 892 749 decet:
926 713 981 749 ita
1012 712 1302 751 interrogando
1336 712 1583 762 quomodo
1618 712 1679 749 uel

221 770 309 820 qui
343 768 511 815 dieitur,
544 780 624 804 non
660 768 794 816 quid.
857 768 945 804 lloc
977 768 1024 805 ad
1058 774 1265 817 euentum,
1299 768 1397 805 illud
1435 768 1484 804 ad
1517 768 1680 805 (licendi

220 826 384 864 modum
418 829 590 874 spectat.
650 823 810 860 Deinde
841 837 928 860 cum
956 830 997 861 et
1028 838 1308 862 numerare
1341 830 1382 861 et
1413 825 1681 861 numerari

223 888 339 920 recte
404 880 593 928 dicatur,
654 881 806 929 potiori
867 879 1051 918 codicum
1103 882 1336 918 auctoritati
1395 881 1684 930 obtemperans

221 952 308 976 cum
344 935 553 988 plerisque
584 937 729 986 scripsi
758 949 973 973 numera
991 938 1056 985 ri;
1100 938 1204 975 Uict.
1237 938 1374 977 Lamb.
1410 937 1503 974 Ern.
1537 935 1680 986 Wagn-

220 1005 516 1032 numerare.

328 1063 617 1112 vpraestent
655 1060 745 1110 iis,
797 1073 920 1110 quae
958 1059 1061 1111 ech]
1131 1060 1375 1098 Mendornm
1426 1072 1679 1111 praesen-

223 1120 323 1155 tiis
358 1130 486 1168 quae
520 1121 561 1153 et
593 1117 798 1167 experti
835 1129 1019 1166 easque
1053 1130 1220 1168 prorsus
1250 1118 1479 1154 necessaria
1505 1119 1568 1153 est
1591 1128 1682 1152 cor-

221 1175 351 1211 rectio
385 1180 426 1211 et
456 1174 623 1223 probata
663 1174 710 1209 ab
754 1173 955 1210 omnibus.
1018 1174 1183 1210 l'=·0ba1=i
1229 1178 1363 1210 autem
1405 1185 1486 1209 non
1527 1175 1683 1222 potest,

222 1229 329 1282 quod
379 1235 520 1267 contra
570 1227 691 1266 codd.
746 1228 796 1266 de
846 1228 936 1265 Gzii
988 1230 1193 1266 sententia
1241 1228 1384 1279 reliqui
1433 1228 1685 1278 scripserunt

222 1299 353 1338 quae
385 1290 508 1323 sunt
535 1285 776 1322 rationis.
837 1284 962 1321 verbi
1010 1285 1171 1322 modum
1205 1286 1245 1322 in
1278 1285 1481 1322 sententia
1515 1281 1683 1319 relatiua

222 1348 392 1394 propter
422 1340 556 1378 leuem
591 1340 791 1389 quandam
831 1341 1143 1390 significationis
1177 1340 1485 1378 inclinationem
1517 1352 1594 1376 non
1629 1341 1683 1375 ita

222 1412 313 1436 raro
365 1397 513 1434 uariari
565 1400 736 1434 constat.
783 1395 847 1433 Cf.
894 1397 982 1433 Cic.
1033 1396 1083 1433 de
1123 1397 1194 1434 Or.
1239 1393 1274 1445 Ι,
1314 1396 1382 1436 52.
1428 1395 1520 1436 226.
1561 1406 1684 1445 qnae

225 1456 390 1502 (uirtus)
433 1457 483 1489 ct
524 1464 732 1502 semper
772 1457 822 1488 et
862 1450 975 1489 sola
1020 1450 1190 1489 libera
1233 1456 1317 1489 est
1358 1463 1592 1501 quaeque
1635 1473 1681 1477 —

225 1524 367 1549 sunm
400 1511 479 1547 ius
513 1512 664 1558 atque
699 1509 922 1545 omnium
964 1521 1131 1546 rerum
1172 1509 1482 1560 impunitam
1525 1505 1685 1543 liber-

225 1572 386 1605 tatem
435 1570 616 1602 tenere
669 1564 876 1602 debeat.
932 1565 1000 1601 Or.
1045 1562 1129 1613 24,
1173 1563 1243 1604 8¹.
1296 1564 1684 1602 sententiarum

227 1625 556 1669 ornamenta,
589 1632 720 1670 quae
749 1626 1075 1671 permanent,
1108 1621 1317 1659 etiamsi
1350 1621 1505 1658 uerba
1530 1625 1685 1656 muta-

228 1681 398 1728 ueris,
432 1682 554 1715 sunt
584 1675 679 1713 illa
709 1676 913 1727 quidem
946 1675 1238 1727 permulta,
1284 1676 1374 1714 sed
1406 1688 1536 1726 quae
1566 1676 1685 1712 emi-

226 1740 407 1784 neant,
439 1732 699 1785 pauciora.
731 1733 801 1770 Ac.
838 1732 885 1781 ll,
919 1732 987 1772 36.
1035 1733 1128 1773 115.
1170 1738 1337 1770 utrum
1380 1733 1552 1782 igitur
1592 1743 1686 1767 nos

227 1790 595 1842 impudentes,
627 1790 710 1838 qui
743 1787 851 1825 labi
876 1787 1131 1839 nolumus,
1156 1802 1213 1826 an
1239 1788 1328 1826 illi
1354 1791 1687 1836 arrogantes,

227 1849 311 1899 qni
345 1849 446 1885 sibi
475 1845 856 1897 persuaserint
888 1857 939 1882 se
970 1846 1106 1882 scire
1131 1843 1336 1886 omnia?
1370 1843 1420 1881 de
1444 1843 1537 1880 Nat.
1566 1843 1686 1879 Deor.

228 1901 263 1953 Ι,
300 1904 362 1943 11.
396 1904 462 1943 28,
503 1901 554 1938 de
588 1900 691 1950 Rep.
725 1897 758 1950 Ι,
802 1900 841 1940 2.
883 1900 920 1940 3.
964 1901 1084 1940 Verr.
1122 1897 1202 1950 III,
1241 1900 1280 1940 3.
1315 1900 1352 1941 6.
1393 1899 1443 1950 V,
1481 1897 1548 1939 40.
1595 1896 1686 1938 104.

228 1962 281 1999 de
313 1961 379 1998 Or.
413 1956 470 2010 Il,
504 1956 571 1998 26.
612 1957 700 1997 111.
732 1970 806 2008 pro
839 1958 959 1997 Rosa.
993 1957 1104 1995 com.
1148 1958 1209 2006 15,
1243 1956 1310 1997 45.

344 2028 432 2065 has
483 2026 795 2077 opiniones]
873 2026 991 2063 Hunc
1044 2025 1258 2062 uerborum
1308 2023 1491 2062 ordinem
1542 2024 1688 2062 merito

229 2084 378 2124 Bakius
419 2084 646 2133 reuocauit,
683 2096 772 2121 cnm
804 2082 904 2120 Ern.
937 2081 1080 2131 Vfagn.
1113 2079 1258 2131 reliqui
1288 2081 1554 2131 scripsissent
1584 2081 1689 2130 opi-

229 2142 421 2179 niones
449 2138 554 2177 has,

346 2209 568 2256 quantae
610 2202 791 2254 saluti]
860 2204 901 2241 ln
956 2202 1047 2241 cod.
1099 2202 1207 2241 arch.
1261 2201 1401 2253 procul
1448 2202 1570 2240 dubio
1612 2202 1691 2240 fuit

231 2262 442 2303 salutis.
504 2259 618 2308 Quod
661 2261 728 2310 qui
771 2259 999 2298 defendere
1032 2265 1231 2296 conantur
1272 2258 1421 2296 talibus
1453 2258 1689 2309 quibusdam

234 2319 454 2369 exemplis:
482 2318 760 2367 imperium
786 2329 901 2355 rom.
928 2317 1086 2353 initio
1111 2315 1507 2353 conseruandae
1529 2313 1690 2352 liber-

233 2377 367 2415 tatis
400 2375 600 2421 fuerat,
633 2373 851 2423 ineptiunt.
916 2372 1134 2410 Genitiuus
1173 2370 1278 2409 nihil
1317 2373 1393 2409 nisi
1436 2370 1689 2422 qualitatem,

233 2446 350 2483 quam
374 2434 535 2478 uocant,
564 2430 826 2479 signiticaret,
861 2435 904 2466 ut
935 2433 1153 2479 quantae
1176 2427 1376 2465 salutis
1409 2432 1521 2465 esset
1549 2440 1690 2478 quam

233 2487 425 2527 saluus,
486 2486 637 2524 Merito
677 2487 801 2535 igitur
840 2490 936 2537 post
966 2484 1107 2523 Lamb.
1150 2490 1191 2521 et
1221 2485 1320 2522 Dan.
1363 2497 1494 2535 nuper
1522 2483 1688 2531 Bakius,

233 2544 479 2596 praesertim
517 2554 607 2579 cum
650 2554 667 2579 s
706 2541 845 2579 littera
887 2554 1062 2592 sequens
1104 2539 1225 2578 facile
1262 2540 1528 2591 praecedenti
1566 2540 1688 2576 uerbo

233 2600 459 2638 adhaerere
506 2602 679 2649 posset,
727 2597 891 2636 saluti
937 2598 1134 2636 restitnit.
1208 2596 1319 2634 ldem
1360 2596 1552 2647 Zumptio
1601 2592 1690 2646 pla-

230 2658 365 2696 cuisse
395 2655 528 2693 uideo,

347 2721 636 2771 iudicibus]
699 2722 840 2773 Inepte
872 2721 1020 2759 Bakius
1059 2719 1207 2759 collato
1240 2734 1259 2757 c
1312 2719 1373 2768 10,
1404 2719 1472 2759 25.
1513 2719 1691 2756 coniecit

230 2779 552 2817 uindicibuS.
