1781 3192
390 205 550 244 Limen
582 203 884 242 SECUNDUS.
935 203 1033 242 CM».
1067 201 1151 243 xil.
1416 198 1501 237 173

46 317 219 371 (sacra
261 316 354 357 sol.
396 317 486 363 ob.)
541 316 663 353 etiam
700 313 816 364 plura
858 315 1064 352 Fortunae
1107 312 1362 363 cognomina,
1402 322 1502 360 quae

49 380 202 412 mutata
243 375 454 411 uerborum
497 376 699 408 structura
741 383 816 420 per
865 369 1103 420 particulam
1152 374 1250 406 tum
1296 366 1503 414 adiunxit,

48 431 125 467 hac
166 429 308 467 lacuna
348 430 568 478 perierunt.
642 426 754 462 Certi
808 427 1018 474 quicquam
1056 438 1131 462 nec
1174 424 1303 461 adhuc
1345 435 1366 458 a
1407 422 1502 458 uiris

49 486 181 522 doctis
222 486 493 532 excogitatum
537 485 602 518 est
642 493 718 518 nec
761 493 934 529 unquam
970 481 1276 530 excogitabitur.
1339 478 1506 515 Errauit

51 546 184 578 autem
228 538 368 589 procul
407 538 524 575 (lucio
555 538 602 574 A.
635 536 683 575 G.
727 537 970 585 Zumptius,
1013 538 1078 585 qui
1118 536 1218 572 haec
1257 535 1314 571 sic
1355 534 1505 571 distin-

50 607 203 644 guens:
236 608 256 630 a
286 593 554 643 gignendo
586 604 775 630 comes,
809 592 929 629 Tum
964 592 1217 628 seriarum
1251 595 1332 628 cet.
1374 589 1506 627 omnia

52 654 209 700 integra
241 662 332 686 esse
365 649 594 686 contendit.

162 716 299 758 ΧΙΙ.
372 716 404 764 ᾗ.
437 714 504 754 29.
578 713 875 763 Feriarum]
946 712 1093 749 Feriae
1128 711 1153 747 ii
1195 709 1282 748 dies
1322 711 1509 747 nomina-

53 772 221 817 bantur,
269 773 412 819 ‹piibus
453 772 610 808 uacatio
650 775 762 807 esset
802 769 978 819 negotiis
1029 765 1231 817 publicis,
1282 767 1370 804 siue
1409 766 1505 802 festi

51 830 167 862 erant
198 826 282 862 siue
312 825 509 876 profesti;
554 826 641 862 dies
673 826 771 862 festi
805 831 940 862 autem
973 825 999 861 ii
1035 827 1173 871 erant,
1215 824 1281 872 qui
1323 821 1373 858 ad
1407 820 1508 858 deo-

50 893 136 918 rum
161 879 312 918 cultum
336 887 377 919 et
404 880 644 931 religionem
666 882 936 932 pertinerent.
980 880 1042 918 Cf.
1068 880 1177 916 Fest.
1201 891 1232 917 s.
1259 892 1294 918 u.
1322 878 1507 915 seriae.

164 947 325 985 habet
356 946 547 997 litium]
611 948 679 985 Sic
711 947 830 987 codd.
863 946 1055 985 meliores
1086 959 1174 983 cum
1209 944 1347 983 multis
1379 943 1509 989 dett.;

8 1036 9 1039 ,
49 1002 196 1040 Bakius
238 1004 327 1040 sine
366 1005 472 1040 iusta
513 1002 631 1042 codd.
683 1004 927 1043 auctoritate
973 1002 1151 1039 litium
1201 1002 1375 1040 habet.
1451 1000 1512 1037 De

50 1058 178 1095 litium
223 1064 264 1095 et
302 1061 523 1107 iurgiorum
567 1062 753 1109 requiete
809 1073 844 1097 u.
890 1060 975 1097 Cic.
1018 1059 1069 1095 de
1108 1059 1196 1097 Diu.
1233 1058 1264 1107 Ι,
1305 1055 1372 1095 45.
1416 1054 1510 1093 102.

51 1115 126 1151 0u.
170 1114 282 1152 Fast.
315 1115 344 1163 l,
380 1114 444 1153 73.
519 1114 671 1152 Eadem
716 1114 821 1155 Plat.
866 1116 991 1165 Legg.
1034 1114 1112 1163 Xl,
1160 1113 1224 1153 13.
1266 1126 1305 1164 p.
1349 1110 1444 1151 935.
1491 1124 1512 1147 a

49 1168 216 1220 templis
248 1174 289 1206 et
313 1171 526 1207 sacrificiis
550 1172 753 1208 remoueri
781 1169 879 1210 uult,
946 1172 1002 1207 De
1025 1172 1156 1207 seruis
1179 1182 1302 1220 opere
1320 1166 1512 1205 faciundo

52 1239 127 1276 per
165 1225 253 1262 dies
291 1225 423 1263 festos
466 1224 607 1262 liberis
650 1240 685 1265 u.
727 1227 825 1265 IIor.
869 1226 1003 1265 Carm.
1034 1226 1104 1275 lli,
1142 1225 1204 1265 17.
1244 1224 1307 1264 16.
1341 1224 1408 1273 ΙΙΙ,
1445 1223 1513 1263 18.

54 1282 117 1321 11.
150 1282 242 1320 Tib.
275 1277 332 1331 ΙΙ,
369 1283 404 1322 1.“
434 1282 511 1319 Ou.
544 1282 656 1321 Fast.
690 1278 724 1331 I,
754 1281 849 1322 667.
882 1283 997 1321 Pers.
1031 1282 1118 1320 Sat.
1152 1281 1221 1330 IV,
1255 1281 1324 1320 27.

168 1352 484 1399 compositio
519 1351 634 1387 anni
669 1353 732 1385 est
764 1362 886 1399 opera
919 1349 1177 1386 sacerdotum
1222 1360 1368 1385 annum
1401 1360 1512 1385 com-

52 1406 293 1455 ponentium
327 1403 423 1457 (die
448 1404 714 1444 anordnende
739 1405 980 1453 'l'iiiitigkeit
1004 1404 1079 1442 der
1102 1402 1321 1456 Priester).
1368 1404 1512 1441 Ferias

53 1466 187 1498 autem
210 1474 230 1497 a
253 1463 514 1511 pontificibus
539 1462 737 1512 proscribi
763 1459 904 1498 solitas
931 1473 1023 1498 esse
1043 1461 1307 1498 confirmatur
1325 1458 1512 1510 exemplo

54 1516 351 1554 uindemiarum
383 1522 425 1554 et
454 1517 647 1555 feriarum
681 1518 999 1554 sementinarum
1038 1530 1099 1568 ap.
1134 1516 1252 1555 Varr.
1285 1516 1350 1555 Vl.
1383 1516 1414 1565 ᾗ.
1450 1514 1514 1556 16.

55 1573 83 1621 ξ.
119 1572 184 1611 26.
249 1571 356 1610 Male
388 1573 534 1610 Lamb.
564 1574 604 1610 in
637 1586 761 1623 marg.
799 1571 920 1613 1584.
950 1572 1033 1619 (ed.
1078 1570 1197 1613 1566.
1239 1573 1355 1623 quia
1385 1584 1515 1610 com-

54 1630 279 1680 positio)
311 1629 409 1668 nau.
441 1629 539 1668 Ern.
571 1629 712 1679 W'agn.
747 1629 1076 1680 compositor
1109 1628 1241 1668 anni.

168 1695 228 1732 ad
259 1695 415 1746 perfi]
487 1693 596 1734 Male
635 1709 682 1733 ex
723 1697 864 1746 paucis
906 1695 1027 1735 codd.
1068 1695 1170 1735 dett.
1223 1695 1365 1747 Steph.
1416 1694 1516 1734 Ern.

57 1750 202 1800 Wagu.
236 1757 285 1788 et
316 1750 374 1788 ad
405 1751 814 1802 perfectionem.

170 1807 333 1857 adque
382 1815 590 1858 tempus
640 1807 711 1856 ut]
784 1808 1016 1857 lneptiunt,
1068 1808 1134 1857 qui
1183 1806 1375 1845 mendum
1427 1805 1514 1846 cod.

58 1863 166 1901 arch.
209 1862 338 1912 quod
389 1868 600 1914 tempus
645 1863 924 1900 defenderunt
962 1862 1283 1914 prudentiusque
1323 1864 1400 1900 sibi
1441 1864 1516 1900 uisi

59 1926 154 1956 sunt
184 1919 224 1957 h.
254 1917 280 1957 l.
315 1920 498 1967 uersari,
544 1930 660 1967 quam
695 1918 939 1967 Ernestius,
971 1921 1039 1969 qui
1072 1920 1277 1968 ingenue,
1318 1932 1394 1969 quo
1436 1920 1518 1956 ista

58 1984 277 2022 reserenda
299 1989 454 2034 essent,
479 1998 522 2022 se
543 1985 644 2023 dixit
658 1987 832 2025 nescire.
865 1985 1035 2023 Scilicet
1052 1991 1121 2023 aut
1139 1970 1519 2023 ἀνακόλουθον

61 2042 285 2078 orationem
319 2053 410 2078 esse
443 2041 598 2091 dicunt,
633 2047 676 2079 ut
706 2042 950 2091 R'agnerus,
987 2046 1054 2079 aut
1094 2047 1136 2079 ut
1167 2043 1288 2082 Goer.
1332 2047 1374 2079 et
1414 2044 1517 2084 Mos.

60 2098 252 2147 imperite
283 2110 330 2134 ea
362 2097 420 2134 sic
452 2098 791 2148 interpretantur,
826 2101 868 2134 ut
900 2097 1007 2135 dicta
1038 2099 1121 2135 sint
1159 2111 1232 2148 pro
1276 2098 1405 2148 quod
1445 2106 1517 2137 at-

58 2154 201 2207 tinet
231 2151 299 2191 ad.
378 2154 555 2200 Quorum
594 2155 777 2203 prauitas
818 2152 942 2190 facile
983 2154 1080 2190 hinc
1119 2153 1277 2203 elucet,
1311 2153 1442 2205 quod,
1485 2157 1516 2192 si

59 2220 157 2245 uera
196 2212 362 2257 essent,
404 2208 552 2246 referri
593 2221 640 2246 ea
678 2221 851 2247 necesse
893 2213 1004 2246 esset
1045 2209 1095 2247 ad
1133 2210 1175 2248 id
1214 2215 1400 2261 tempus,
1441 2224 1518 2261 quo

60 2277 184 2315 opera
215 2266 368 2301 rustica
399 2265 584 2314 perfecta
625 2269 779 2304 essent.
839 2264 924 2303 Sed
964 2265 1064 2303 nihil
1105 2267 1183 2304 hoc
1222 2271 1400 2317 tempuS,
1440 2280 1517 2316 quo

60 2321 351 2358 sacrificiorum
390 2319 613 2358 libamenta
653 2322 896 2370 offeruntur,
927 2335 1142 2359 commune
1170 2322 1294 2359 habet
1320 2336 1406 2360 cum
1430 2322 1518 2371 illo,

61 2390 137 2426 quo
170 2389 296 2426 opera
328 2377 515 2427 perfecta
547 2381 656 2415 sunt.
718 2377 819 2415 Cum
853 2383 987 2415 autem
1020 2380 1108 2428 ipsa
1137 2378 1203 2416 lex
1225 2379 1516 2416 sacrificiorum

60 2431 284 2470 libamenta
313 2432 504 2482 fetusque
531 2445 724 2483 pecorum
758 2432 809 2470 ad
837 2438 972 2471 certos
1013 2434 1101 2472 dies
1146 2435 1301 2472 seruari
1345 2447 1515 2485 eamque

61 2490 111 2526 ob
151 2501 311 2526 causam
350 2487 572 2539 diligenter
608 2488 879 2526 intercalandi
922 2491 1118 2528 rationem
1167 2491 1310 2527 haberi
1360 2492 1515 2539 iubeat,

60 2546 102 2582 in
143 2543 416 2595 explicatione
446 2544 548 2594 legis
587 2545 627 2581 id
666 2547 939 2595 praetermitti
971 2560 1051 2584 non
1087 2551 1242 2598 potest.
1302 2547 1520 2598 Perspexit

62 2600 105 2638 id
135 2600 338 2649 Halmius,
372 2603 437 2651 qui
470 2603 510 2638 in
544 2599 651 2638 Phil.
685 2597 716 2640 I.
759 2615 798 2653 p.
836 2601 925 2641 177.
963 2603 1068 2641 hanc
1109 2604 1383 2640 coniecturam
1421 2615 1518 2654 pro-

62 2658 223 2708 posuit:
256 2662 415 2706 utque
437 2656 496 2694 ad
521 2662 723 2707 tempus
748 2663 941 2696 statum
966 2658 1370 2697 sacrificiorum
1393 2657 1519 2696 liba-

65 2716 258 2763 menta,
290 2726 370 2750 non
403 2714 502 2750 item
536 2713 698 2762 Bakius,
731 2715 797 2764 qui
829 2714 1156 2753 commendauit:
1196 2721 1356 2765 utque
1392 2713 1518 2751 liba-

66 2772 237 2805 menta
268 2774 556 2808 seruentur
588 2770 738 2807 omisso
779 2771 1164 2810 sacrificiorum
1197 2770 1410 2819 uocabulo,
1443 2781 1519 2806 nec
