<?xml version="1.0" encoding="UTF-8"?>
<!DOCTYPE html PUBLIC "-//W3C//DTD XHTML 1.0 Transitional//EN"
    "http://www.w3.org/TR/xhtml1/DTD/xhtml1-transitional.dtd">
<html xmlns="http://www.w3.org/1999/xhtml" xml:lang="en" lang="en">
 <head>
  <title>
</title>
<meta http-equiv="Content-Type" content="text/html;charset=utf-8" />
  <meta name='ocr-system' content='tesseract 3.04.00' />
  <meta name='ocr-capabilities' content='ocr_page ocr_carea ocr_par ocr_line ocrx_word'/>
</head>
<body>
  <div class='ocr_page' id='page_1' title='image "./delegibuslibritr0102ciceuoft_0401.png"; bbox 0 0 1781 3192; ppageno 0'>
   <div class='ocr_carea' id='block_1_1' title="bbox 382 196 1503 245">
    <p class='ocr_par' dir='ltr' id='par_1_1' title="bbox 382 196 1503 245">
     <span class='ocr_line' id='line_1_1' title="bbox 382 196 1503 245; baseline -0.011 0"><span class='ocrx_word' id='word_1_1' title='bbox 382 208 534 245; x_wconf 66' lang='lat' dir='ltr'><strong>mutin</strong></span> <span class='ocrx_word' id='word_1_2' title='bbox 570 205 870 242; x_wconf 52' lang='lat' dir='ltr'><strong>smnssxuus.</strong></span> <span class='ocrx_word' id='word_1_3' title='bbox 924 203 1019 241; x_wconf 59' lang='lat' dir='ltr'><strong>(lav.</strong></span> <span class='ocrx_word' id='word_1_4' title='bbox 1061 201 1163 239; x_wconf 73' lang='lat' dir='ltr'><strong>xvi.</strong></span> <span class='ocrx_word' id='word_1_5' title='bbox 1418 196 1503 235; x_wconf 71' lang='lat'><strong>¹925</strong></span> 
     </span>
    </p>
   </div>
   <div class='ocr_carea' id='block_1_2' title="bbox 24 307 1520 2846">
    <p class='ocr_par' dir='ltr' id='par_1_2' title="bbox 42 307 1498 479">
     <span class='ocr_line' id='line_1_2' title="bbox 157 307 1498 370; baseline -0.008 -12"><span class='ocrx_word' id='word_1_6' title='bbox 157 321 267 358; x_wconf 88' lang='lat' dir='ltr'><strong>dom</strong></span> <span class='ocrx_word' id='word_1_7' title='bbox 283 321 355 370; x_wconf 68' lang='lat' dir='ltr'><strong>us!</strong></span> <span class='ocrx_word' id='word_1_8' title='bbox 417 319 480 356; x_wconf 79' lang='lat' dir='ltr'><strong>Cf.</strong></span> <span class='ocrx_word' id='word_1_9' title='bbox 523 318 574 355; x_wconf 87' lang='lat' dir='ltr'><strong>de</strong></span> <span class='ocrx_word' id='word_1_10' title='bbox 616 318 691 354; x_wconf 82' lang='lat' dir='ltr'><strong>hac</strong></span> <span class='ocrx_word' id='word_1_11' title='bbox 723 316 941 353; x_wconf 80' lang='lat' dir='ltr'><strong>accusatiui</strong></span> <span class='ocrx_word' id='word_1_12' title='bbox 974 315 1103 352; x_wconf 77' lang='lat' dir='ltr'><strong>forma</strong></span> <span class='ocrx_word' id='word_1_13' title='bbox 1133 313 1294 361; x_wconf 81' lang='lat' dir='ltr'><strong>Zumpt.</strong></span> <span class='ocrx_word' id='word_1_14' title='bbox 1330 307 1376 346; x_wconf 84' lang='lat' dir='ltr'><strong>ad</strong></span> <span class='ocrx_word' id='word_1_15' title='bbox 1413 307 1498 348; x_wconf 74' lang='lat' dir='ltr'><strong>cic,</strong></span> 
     </span>
     <span class='ocr_line' id='line_1_3' title="bbox 43 362 1498 424; baseline -0.008 -10"><span class='ocrx_word' id='word_1_16' title='bbox 43 379 159 414; x_wconf 79' lang='lat' dir='ltr'><strong>Vcrr.</strong></span> <span class='ocrx_word' id='word_1_17' title='bbox 195 378 263 423; x_wconf 58' lang='lat' dir='ltr'><strong>lv,</strong></span> <span class='ocrx_word' id='word_1_18' title='bbox 306 376 345 416; x_wconf 83' lang='grc' dir='ltr'><strong>-Ι.</strong></span> <span class='ocrx_word' id='word_1_19' title='bbox 377 377 412 415; x_wconf 79' lang='grc'><strong>7.</strong></span> <span class='ocrx_word' id='word_1_20' title='bbox 459 380 500 412; x_wconf 82' lang='lat' dir='ltr'><strong>ct</strong></span> <span class='ocrx_word' id='word_1_21' title='bbox 540 387 639 424; x_wconf 83' lang='lat' dir='ltr'><strong>quos</strong></span> <span class='ocrx_word' id='word_1_22' title='bbox 682 371 751 409; x_wconf 86' lang='lat' dir='ltr'><strong>ille</strong></span> <span class='ocrx_word' id='word_1_23' title='bbox 785 371 936 421; x_wconf 81' lang='lat' dir='ltr'><strong>laudat,</strong></span> <span class='ocrx_word' id='word_1_24' title='bbox 979 372 1105 408; x_wconf 84' lang='lat' dir='ltr'><strong>lleus.</strong></span> <span class='ocrx_word' id='word_1_25' title='bbox 1147 368 1196 405; x_wconf 87' lang='lat' dir='ltr'><strong>ad</strong></span> <span class='ocrx_word' id='word_1_26' title='bbox 1224 366 1305 405; x_wconf 81' lang='lat' dir='ltr'><strong>Off.</strong></span> <span class='ocrx_word' id='word_1_27' title='bbox 1342 362 1395 413; x_wconf 88' lang='grc' dir='ltr'><strong>ΙΙ,</strong></span> <span class='ocrx_word' id='word_1_28' title='bbox 1435 365 1498 404; x_wconf 81' lang='grc'><strong>17.</strong></span> 
     </span>
     <span class='ocr_line' id='line_1_4' title="bbox 42 423 1310 479; baseline -0.011 -5"><span class='ocrx_word' id='word_1_29' title='bbox 42 435 112 475; x_wconf 57' lang='lat' dir='ltr'><strong>(ist.</strong></span> <span class='ocrx_word' id='word_1_30' title='bbox 149 433 264 472; x_wconf 79' lang='lat' dir='ltr'><strong>Drak.</strong></span> <span class='ocrx_word' id='word_1_31' title='bbox 297 433 346 470; x_wconf 88' lang='lat' dir='ltr'><strong>ad</strong></span> <span class='ocrx_word' id='word_1_32' title='bbox 381 433 466 470; x_wconf 81' lang='lat' dir='ltr'><strong>Liu.</strong></span> <span class='ocrx_word' id='word_1_33' title='bbox 502 430 566 479; x_wconf 89' lang='grc' dir='ltr'>ΙΙΙ,</span> <span class='ocrx_word' id='word_1_34' title='bbox 597 428 661 470; x_wconf 81' lang='grc'><strong>29.</strong></span> <span class='ocrx_word' id='word_1_35' title='bbox 696 428 798 467; x_wconf 86' lang='grc' dir='ltr'><strong>()ιιιΙ.</strong></span> <span class='ocrx_word' id='word_1_36' title='bbox 833 429 881 466; x_wconf 84' lang='lat' dir='ltr'><strong>ad</strong></span> <span class='ocrx_word' id='word_1_37' title='bbox 914 431 1031 466; x_wconf 69' lang='lat' dir='ltr'><strong>Suet.</strong></span> <span class='ocrx_word' id='word_1_38' title='bbox 1064 425 1208 463; x_wconf 79' lang='lat' dir='ltr'><strong>Claud.</strong></span> <span class='ocrx_word' id='word_1_39' title='bbox 1243 423 1310 463; x_wconf 76' lang='grc'><strong>25.</strong></span> 
     </span>
    </p>

    <p class='ocr_par' dir='ltr' id='par_1_3' title="bbox 42 480 1504 873">
     <span class='ocr_line' id='line_1_5' title="bbox 156 480 1501 535; baseline -0.009 -9"><span class='ocrx_word' id='word_1_40' title='bbox 156 502 356 526; x_wconf 79' lang='lat' dir='ltr'><strong>sacrum</strong></span> <span class='ocrx_word' id='word_1_41' title='bbox 400 486 704 535; x_wconf 76' lang='lat' dir='ltr'>abstulerit]</span> <span class='ocrx_word' id='word_1_42' title='bbox 774 485 929 523; x_wconf 86' lang='lat' dir='ltr'><strong>Sacro</strong></span> <span class='ocrx_word' id='word_1_43' title='bbox 979 480 1391 522; x_wconf 90' lang='lat' dir='ltr'><strong>commendatum</strong></span> <span class='ocrx_word' id='word_1_44' title='bbox 1437 483 1501 515; x_wconf 87' lang='lat' dir='ltr'><strong>est</strong></span> 
     </span>
     <span class='ocr_line' id='line_1_6' title="bbox 44 538 1500 596; baseline -0.008 -14"><span class='ocrx_word' id='word_1_45' title='bbox 44 559 109 583; x_wconf 85' lang='lat' dir='ltr'><strong>res</strong></span> <span class='ocrx_word' id='word_1_46' title='bbox 142 548 299 596; x_wconf 85' lang='lat' dir='ltr'><strong>priuata</strong></span> <span class='ocrx_word' id='word_1_47' title='bbox 333 546 371 581; x_wconf 94' lang='lat' dir='ltr'><strong>in</strong></span> <span class='ocrx_word' id='word_1_48' title='bbox 405 557 520 581; x_wconf 88' lang='lat' dir='ltr'><strong>sacro</strong></span> <span class='ocrx_word' id='word_1_49' title='bbox 549 542 752 593; x_wconf 84' lang='lat' dir='ltr'><strong>deposita,</strong></span> <span class='ocrx_word' id='word_1_50' title='bbox 787 543 847 578; x_wconf 87' lang='lat' dir='ltr'><strong>cui</strong></span> <span class='ocrx_word' id='word_1_51' title='bbox 882 542 1031 592; x_wconf 88' lang='lat' dir='ltr'><strong>opponi</strong></span> <span class='ocrx_word' id='word_1_52' title='bbox 1065 542 1229 590; x_wconf 79' lang='lat' dir='ltr'><strong>oportet</strong></span> <span class='ocrx_word' id='word_1_53' title='bbox 1259 538 1387 587; x_wconf 84' lang='lat' dir='ltr'>ipsam</span> <span class='ocrx_word' id='word_1_54' title='bbox 1414 546 1500 572; x_wconf 90' lang='lat' dir='ltr'><strong>rem</strong></span> 
     </span>
     <span class='ocr_line' id='line_1_7' title="bbox 44 591 1504 649; baseline -0.009 -10"><span class='ocrx_word' id='word_1_55' title='bbox 44 613 213 648; x_wconf 85' lang='lat' dir='ltr'><strong>sacram,</strong></span> <span class='ocrx_word' id='word_1_56' title='bbox 247 612 326 637; x_wconf 90' lang='lat' dir='ltr'><strong>non</strong></span> <span class='ocrx_word' id='word_1_57' title='bbox 358 598 510 649; x_wconf 86' lang='lat' dir='ltr'><strong>locum,</strong></span> <span class='ocrx_word' id='word_1_58' title='bbox 545 599 653 636; x_wconf 89' lang='lat' dir='ltr'><strong>unde</strong></span> <span class='ocrx_word' id='word_1_59' title='bbox 694 596 826 635; x_wconf 85' lang='lat' dir='ltr'><strong>ablata</strong></span> <span class='ocrx_word' id='word_1_60' title='bbox 864 601 931 636; x_wconf 72' lang='lat' dir='ltr'><strong>sit.</strong></span> <span class='ocrx_word' id='word_1_61' title='bbox 992 596 1109 644; x_wconf 69' lang='lat' dir='ltr'><strong>Quod</strong></span> <span class='ocrx_word' id='word_1_62' title='bbox 1149 595 1355 632; x_wconf 81' lang='lat' dir='ltr'><strong>Moserum</strong></span> <span class='ocrx_word' id='word_1_63' title='bbox 1396 591 1504 640; x_wconf 81' lang='lat' dir='ltr'><strong>sugit</strong></span> 
     </span>
     <span class='ocr_line' id='line_1_8' title="bbox 43 650 1501 704; baseline -0.008 -10"><span class='ocrx_word' id='word_1_64' title='bbox 43 658 104 694; x_wconf 89' lang='lat' dir='ltr'><strong>de</strong></span> <span class='ocrx_word' id='word_1_65' title='bbox 134 668 286 693; x_wconf 87' lang='lat' dir='ltr'><strong>sacro</strong></span> <span class='ocrx_word' id='word_1_66' title='bbox 320 657 620 694; x_wconf 87' lang='lat' dir='ltr'><strong>coniicientem.</strong></span> <span class='ocrx_word' id='word_1_67' title='bbox 692 656 905 704; x_wconf 81' lang='lat' dir='ltr'><strong>l&#39;erspexit</strong></span> <span class='ocrx_word' id='word_1_68' title='bbox 950 653 1112 691; x_wconf 64' lang='lat' dir='ltr'><strong>stakins.</strong></span> <span class='ocrx_word' id='word_1_69' title='bbox 1183 650 1501 687; x_wconf 77' lang='lat' dir='ltr'><strong>Controuersam</strong></span> 
     </span>
     <span class='ocr_line' id='line_1_9' title="bbox 42 704 1501 762; baseline -0.007 -13"><span class='ocrx_word' id='word_1_70' title='bbox 42 724 128 749; x_wconf 87' lang='lat' dir='ltr'><strong>rem</strong></span> <span class='ocrx_word' id='word_1_71' title='bbox 160 712 304 761; x_wconf 84' lang='lat' dir='ltr'><strong>fuisse,</strong></span> <span class='ocrx_word' id='word_1_72' title='bbox 343 716 473 749; x_wconf 91' lang='lat' dir='ltr'><strong>utrum</strong></span> <span class='ocrx_word' id='word_1_73' title='bbox 510 713 560 761; x_wconf 90' lang='lat' dir='ltr'><strong>is,</strong></span> <span class='ocrx_word' id='word_1_74' title='bbox 591 712 656 762; x_wconf 86' lang='lat' dir='ltr'><strong>qui</strong></span> <span class='ocrx_word' id='word_1_75' title='bbox 688 712 888 761; x_wconf 87' lang='lat' dir='ltr'><strong>priuatam</strong></span> <span class='ocrx_word' id='word_1_76' title='bbox 923 724 1007 748; x_wconf 83' lang='lat' dir='ltr'><strong>rem</strong></span> <span class='ocrx_word' id='word_1_77' title='bbox 1031 712 1069 747; x_wconf 83' lang='lat' dir='ltr'><strong>in</strong></span> <span class='ocrx_word' id='word_1_78' title='bbox 1095 704 1247 757; x_wconf 76' lang='lat' dir='ltr'><strong>templo</strong></span> <span class='ocrx_word' id='word_1_79' title='bbox 1273 704 1501 755; x_wconf 71' lang='lat' dir='ltr'><strong>depositam</strong></span> 
     </span>
     <span class='ocr_line' id='line_1_10' title="bbox 43 760 1501 817; baseline -0.005 -14"><span class='ocrx_word' id='word_1_80' title='bbox 43 766 282 817; x_wconf 69' lang='lat' dir='ltr'>abstulerit,</span> <span class='ocrx_word' id='word_1_81' title='bbox 320 768 468 805; x_wconf 76' lang='lat' dir='ltr'><strong>furtum</strong></span> <span class='ocrx_word' id='word_1_82' title='bbox 511 781 558 805; x_wconf 87' lang='lat' dir='ltr'><strong>an</strong></span> <span class='ocrx_word' id='word_1_83' title='bbox 599 767 856 817; x_wconf 75' lang='lat' dir='ltr'><strong>sacrilegium</strong></span> <span class='ocrx_word' id='word_1_84' title='bbox 902 768 1152 813; x_wconf 83' lang='lat' dir='ltr'><strong>committat,</strong></span> <span class='ocrx_word' id='word_1_85' title='bbox 1196 760 1413 811; x_wconf 76' lang='lat' dir='ltr'>collegeris</span> <span class='ocrx_word' id='word_1_86' title='bbox 1455 770 1501 796; x_wconf 81' lang='lat' dir='ltr'><strong>ex</strong></span> 
     </span>
     <span class='ocr_line' id='line_1_11' title="bbox 43 818 1212 873; baseline -0.003 -13"><span class='ocrx_word' id='word_1_87' title='bbox 43 824 180 872; x_wconf 74' lang='lat' dir='ltr'><strong>Quint.</strong></span> <span class='ocrx_word' id='word_1_88' title='bbox 213 823 243 871; x_wconf 86' lang='grc' dir='ltr'><strong>Ι,</strong></span> <span class='ocrx_word' id='word_1_89' title='bbox 276 821 317 862; x_wconf 70' lang='grc'><strong>4.</strong></span> <span class='ocrx_word' id='word_1_90' title='bbox 349 824 386 862; x_wconf 79' lang='grc'><strong>2.</strong></span> <span class='ocrx_word' id='word_1_91' title='bbox 430 824 495 872; x_wconf 89' lang='grc' dir='ltr'>ΙΙΙ,</span> <span class='ocrx_word' id='word_1_92' title='bbox 528 824 565 864; x_wconf 81' lang='grc'><strong>6.</strong></span> <span class='ocrx_word' id='word_1_93' title='bbox 606 823 674 873; x_wconf 83' lang='lat' dir='ltr'><strong>lv,</strong></span> <span class='ocrx_word' id='word_1_94' title='bbox 709 824 749 862; x_wconf 83' lang='lat'><strong>2.</strong></span> <span class='ocrx_word' id='word_1_95' title='bbox 785 823 819 862; x_wconf 69' lang='lat'><strong>4.</strong></span> <span class='ocrx_word' id='word_1_96' title='bbox 866 823 913 872; x_wconf 82' lang='lat' dir='ltr'><strong>V,</strong></span> <span class='ocrx_word' id='word_1_97' title='bbox 956 823 1017 862; x_wconf 78' lang='lat'><strong>10.</strong></span> <span class='ocrx_word' id='word_1_98' title='bbox 1054 820 1138 870; x_wconf 67' lang='lat' dir='ltr'><strong>Vll,</strong></span> <span class='ocrx_word' id='word_1_99' title='bbox 1172 818 1212 859; x_wconf 85' lang='lat'><strong>3.</strong></span> 
     </span>
    </p>

    <p class='ocr_par' dir='ltr' id='par_1_4' title="bbox 40 869 1516 2393">
     <span class='ocr_line' id='line_1_12' title="bbox 156 869 1503 929; baseline -0.007 -13"><span class='ocrx_word' id='word_1_100' title='bbox 156 879 190 928; x_wconf 58' lang='grc' dir='ltr'><strong>ξ.</strong></span> <span class='ocrx_word' id='word_1_101' title='bbox 222 877 289 918; x_wconf 71' lang='grc'><strong>41.</strong></span> <span class='ocrx_word' id='word_1_102' title='bbox 354 885 404 917; x_wconf 91' lang='lat' dir='ltr'><strong>et</strong></span> <span class='ocrx_word' id='word_1_103' title='bbox 438 879 755 929; x_wconf 79' lang='lat' dir='ltr'>Alexander]</span> <span class='ocrx_word' id='word_1_104' title='bbox 817 881 929 929; x_wconf 77' lang='lat' dir='ltr'><strong>Quae</strong></span> <span class='ocrx_word' id='word_1_105' title='bbox 962 878 1093 916; x_wconf 87' lang='lat' dir='ltr'><strong>adhuc</strong></span> <span class='ocrx_word' id='word_1_106' title='bbox 1125 873 1348 913; x_wconf 84' lang='lat' dir='ltr'><strong>secundum</strong></span> <span class='ocrx_word' id='word_1_107' title='bbox 1383 869 1503 908; x_wconf 86' lang='lat' dir='ltr'><strong>codd.</strong></span> 
     </span>
     <span class='ocr_line' id='line_1_13' title="bbox 42 927 1505 974; baseline -0.006 -2"><span class='ocrx_word' id='word_1_108' title='bbox 42 947 184 973; x_wconf 90' lang='lat' dir='ltr'><strong>omnes</strong></span> <span class='ocrx_word' id='word_1_109' title='bbox 206 935 321 973; x_wconf 88' lang='lat' dir='ltr'><strong>edita</strong></span> <span class='ocrx_word' id='word_1_110' title='bbox 343 941 461 974; x_wconf 87' lang='lat' dir='ltr'><strong>sunt:</strong></span> <span class='ocrx_word' id='word_1_111' title='bbox 494 942 546 974; x_wconf 88' lang='lat' dir='ltr'><strong>et</strong></span> <span class='ocrx_word' id='word_1_112' title='bbox 567 950 700 974; x_wconf 89' lang='lat' dir='ltr'><strong>nunc</strong></span> <span class='ocrx_word' id='word_1_113' title='bbox 724 936 903 973; x_wconf 89' lang='lat' dir='ltr'><strong>multis</strong></span> <span class='ocrx_word' id='word_1_114' title='bbox 927 935 1061 973; x_wconf 86' lang='lat' dir='ltr'><strong>sitin</strong></span> <span class='ocrx_word' id='word_1_115' title='bbox 1088 934 1242 971; x_wconf 83' lang='lat' dir='ltr'><strong>sanis.</strong></span> <span class='ocrx_word' id='word_1_116' title='bbox 1289 927 1505 968; x_wconf 87' lang='lat' dir='ltr'><strong>Alexan-</strong></span> 
     </span>
     <span class='ocr_line' id='line_1_14' title="bbox 42 982 1503 1044; baseline -0.006 -16"><span class='ocrx_word' id='word_1_117' title='bbox 42 991 156 1040; x_wconf 86' lang='lat' dir='ltr'><strong>der,</strong></span> <span class='ocrx_word' id='word_1_118' title='bbox 199 1004 246 1028; x_wconf 83' lang='lat' dir='ltr'><strong>ea</strong></span> <span class='ocrx_word' id='word_1_119' title='bbox 289 992 485 1030; x_wconf 91' lang='lat' dir='ltr'><strong>mendosa</strong></span> <span class='ocrx_word' id='word_1_120' title='bbox 528 1006 621 1031; x_wconf 89' lang='lat' dir='ltr'><strong>esse</strong></span> <span class='ocrx_word' id='word_1_121' title='bbox 662 994 814 1044; x_wconf 86' lang='lat' dir='ltr'><strong>primus</strong></span> <span class='ocrx_word' id='word_1_122' title='bbox 856 992 993 1030; x_wconf 82' lang='lat' dir='ltr'><strong>Madu.</strong></span> <span class='ocrx_word' id='word_1_123' title='bbox 1036 990 1142 1028; x_wconf 90' lang='lat' dir='ltr'><strong>uidit</strong></span> <span class='ocrx_word' id='word_1_124' title='bbox 1187 989 1226 1025; x_wconf 91' lang='lat' dir='ltr'><strong>in</strong></span> <span class='ocrx_word' id='word_1_125' title='bbox 1266 982 1503 1023; x_wconf 81' lang='lat' dir='ltr'><strong>Emendatt.</strong></span> 
     </span>
     <span class='ocr_line' id='line_1_15' title="bbox 40 1041 1505 1099; baseline -0.007 -13"><span class='ocrx_word' id='word_1_126' title='bbox 40 1061 82 1099; x_wconf 79' lang='lat' dir='ltr'><strong>p.</strong></span> <span class='ocrx_word' id='word_1_127' title='bbox 116 1047 184 1086; x_wconf 77' lang='lat'><strong>75.</strong></span> <span class='ocrx_word' id='word_1_128' title='bbox 247 1048 348 1085; x_wconf 85' lang='lat' dir='ltr'><strong>Nam</strong></span> <span class='ocrx_word' id='word_1_129' title='bbox 379 1050 539 1087; x_wconf 89' lang='lat' dir='ltr'><strong>etiamsi</strong></span> <span class='ocrx_word' id='word_1_130' title='bbox 571 1053 622 1087; x_wconf 92' lang='lat' dir='ltr'><strong>et</strong></span> <span class='ocrx_word' id='word_1_131' title='bbox 653 1061 789 1086; x_wconf 88' lang='lat' dir='ltr'><strong>nunc</strong></span> <span class='ocrx_word' id='word_1_132' title='bbox 827 1053 941 1086; x_wconf 89' lang='lat' dir='ltr'><strong>recte</strong></span> <span class='ocrx_word' id='word_1_133' title='bbox 984 1049 1040 1084; x_wconf 82' lang='lat' dir='ltr'><strong>ita</strong></span> <span class='ocrx_word' id='word_1_134' title='bbox 1079 1046 1159 1083; x_wconf 91' lang='lat' dir='ltr'><strong>dici</strong></span> <span class='ocrx_word' id='word_1_135' title='bbox 1202 1041 1421 1087; x_wconf 84' lang='lat' dir='ltr'><strong>concedas,</strong></span> <span class='ocrx_word' id='word_1_136' title='bbox 1463 1048 1505 1074; x_wconf 81' lang='lat' dir='ltr'><strong>ut</strong></span> 
     </span>
     <span class='ocr_line' id='line_1_16' title="bbox 43 1093 1504 1156; baseline -0.008 -15"><span class='ocrx_word' id='word_1_137' title='bbox 43 1102 171 1141; x_wconf 86' lang='lat' dir='ltr'><strong>altera</strong></span> <span class='ocrx_word' id='word_1_138' title='bbox 201 1106 438 1142; x_wconf 85' lang='lat' dir='ltr'><strong>sententiae</strong></span> <span class='ocrx_word' id='word_1_139' title='bbox 466 1118 559 1156; x_wconf 86' lang='lat' dir='ltr'><strong>pars</strong></span> <span class='ocrx_word' id='word_1_140' title='bbox 591 1111 644 1142; x_wconf 88' lang='lat' dir='ltr'><strong>et</strong></span> <span class='ocrx_word' id='word_1_141' title='bbox 682 1109 806 1142; x_wconf 91' lang='lat' dir='ltr'><strong>ante</strong></span> <span class='ocrx_word' id='word_1_142' title='bbox 844 1104 1037 1141; x_wconf 75' lang='lat' dir='ltr'><strong>sactum</strong></span> <span class='ocrx_word' id='word_1_143' title='bbox 1082 1105 1163 1139; x_wconf 88' lang='lat' dir='ltr'><strong>est</strong></span> <span class='ocrx_word' id='word_1_144' title='bbox 1205 1098 1392 1136; x_wconf 82' lang='lat' dir='ltr'><strong>audiatur</strong></span> <span class='ocrx_word' id='word_1_145' title='bbox 1431 1093 1504 1142; x_wconf 80' lang='lat' dir='ltr'><strong>(cf.</strong></span> 
     </span>
     <span class='ocr_line' id='line_1_17' title="bbox 42 1151 1507 1209; baseline -0.004 -14"><span class='ocrx_word' id='word_1_146' title='bbox 42 1161 124 1198; x_wconf 75' lang='lat' dir='ltr'><strong>(Jic.</strong></span> <span class='ocrx_word' id='word_1_147' title='bbox 156 1160 270 1198; x_wconf 83' lang='lat' dir='ltr'><strong>Fam.</strong></span> <span class='ocrx_word' id='word_1_148' title='bbox 307 1160 417 1209; x_wconf 82' lang='grc' dir='ltr'>ΧΙΙΙ,</span> <span class='ocrx_word' id='word_1_149' title='bbox 451 1162 520 1201; x_wconf 78' lang='lat'><strong>57.</strong></span> <span class='ocrx_word' id='word_1_150' title='bbox 553 1162 592 1201; x_wconf 81' lang='lat'><strong>2.</strong></span> <span class='ocrx_word' id='word_1_151' title='bbox 633 1161 678 1198; x_wconf 92' lang='lat' dir='ltr'><strong>id</strong></span> <span class='ocrx_word' id='word_1_152' title='bbox 712 1166 762 1198; x_wconf 92' lang='lat' dir='ltr'><strong>et</strong></span> <span class='ocrx_word' id='word_1_153' title='bbox 792 1172 928 1197; x_wconf 89' lang='lat' dir='ltr'><strong>nunc</strong></span> <span class='ocrx_word' id='word_1_154' title='bbox 960 1160 1118 1196; x_wconf 87' lang='lat' dir='ltr'><strong>etiam</strong></span> <span class='ocrx_word' id='word_1_155' title='bbox 1154 1161 1311 1205; x_wconf 86' lang='lat' dir='ltr'><strong>atque</strong></span> <span class='ocrx_word' id='word_1_156' title='bbox 1345 1151 1507 1190; x_wconf 83' lang='lat' dir='ltr'><strong>etiam</strong></span> 
     </span>
     <span class='ocr_line' id='line_1_18' title="bbox 43 1211 1508 1266; baseline -0.008 -13"><span class='ocrx_word' id='word_1_157' title='bbox 43 1222 217 1266; x_wconf 81' lang='lat' dir='ltr'><strong>rogo):</strong></span> <span class='ocrx_word' id='word_1_158' title='bbox 264 1221 398 1254; x_wconf 87' lang='lat' dir='ltr'><strong>tamen</strong></span> <span class='ocrx_word' id='word_1_159' title='bbox 437 1218 633 1256; x_wconf 87' lang='lat' dir='ltr'><strong>subitaria</strong></span> <span class='ocrx_word' id='word_1_160' title='bbox 673 1215 744 1254; x_wconf 85' lang='lat' dir='ltr'><strong>illa</strong></span> <span class='ocrx_word' id='word_1_161' title='bbox 783 1221 824 1254; x_wconf 91' lang='lat' dir='ltr'><strong>ct</strong></span> <span class='ocrx_word' id='word_1_162' title='bbox 864 1217 1034 1265; x_wconf 84' lang='lat' dir='ltr'><strong>abrupta</strong></span> <span class='ocrx_word' id='word_1_163' title='bbox 1077 1211 1355 1263; x_wconf 90' lang='lat' dir='ltr'><strong>exemplorum</strong></span> <span class='ocrx_word' id='word_1_164' title='bbox 1395 1219 1508 1244; x_wconf 89' lang='lat' dir='ltr'><strong>com-</strong></span> 
     </span>
     <span class='ocr_line' id='line_1_19' title="bbox 44 1263 1505 1320; baseline -0.009 -9"><span class='ocrx_word' id='word_1_165' title='bbox 44 1273 286 1311; x_wconf 81' lang='lat' dir='ltr'><strong>memoratio</strong></span> <span class='ocrx_word' id='word_1_166' title='bbox 330 1287 351 1310; x_wconf 86' lang='lat' dir='ltr'><strong>a</strong></span> <span class='ocrx_word' id='word_1_167' title='bbox 383 1273 583 1311; x_wconf 84' lang='lat' dir='ltr'><strong>Cicerone</strong></span> <span class='ocrx_word' id='word_1_168' title='bbox 623 1272 756 1310; x_wconf 84' lang='lat' dir='ltr'><strong>aliena</strong></span> <span class='ocrx_word' id='word_1_169' title='bbox 795 1278 873 1311; x_wconf 85' lang='lat' dir='ltr'><strong>est.</strong></span> <span class='ocrx_word' id='word_1_170' title='bbox 944 1272 1053 1309; x_wconf 83' lang='lat' dir='ltr'><strong>Uere</strong></span> <span class='ocrx_word' id='word_1_171' title='bbox 1093 1271 1217 1320; x_wconf 78' lang='lat' dir='ltr'><strong>igitur</strong></span> <span class='ocrx_word' id='word_1_172' title='bbox 1254 1263 1505 1313; x_wconf 81' lang='lat' dir='ltr'><strong>Maduigium</strong></span> 
     </span>
     <span class='ocr_line' id='line_1_20' title="bbox 45 1322 1509 1380; baseline -0.008 -14"><span class='ocrx_word' id='word_1_173' title='bbox 45 1329 272 1366; x_wconf 83' lang='lat' dir='ltr'><strong>coniecisse</strong></span> <span class='ocrx_word' id='word_1_174' title='bbox 312 1334 412 1380; x_wconf 84' lang='lat' dir='ltr'><strong>puto</strong></span> <span class='ocrx_word' id='word_1_175' title='bbox 454 1336 505 1368; x_wconf 89' lang='lat' dir='ltr'><strong>et</strong></span> <span class='ocrx_word' id='word_1_176' title='bbox 540 1328 868 1379; x_wconf 83' lang='lat' dir='ltr'><strong>Alexander,</strong></span> <span class='ocrx_word' id='word_1_177' title='bbox 922 1327 1027 1379; x_wconf 87' lang='lat' dir='ltr'><strong>quod</strong></span> <span class='ocrx_word' id='word_1_178' title='bbox 1071 1327 1179 1364; x_wconf 88' lang='lat' dir='ltr'><strong>idem</strong></span> <span class='ocrx_word' id='word_1_179' title='bbox 1221 1322 1414 1373; x_wconf 82' lang='lat' dir='ltr'><strong>Zumptio</strong></span> <span class='ocrx_word' id='word_1_180' title='bbox 1467 1322 1509 1355; x_wconf 89' lang='lat' dir='ltr'><strong>et</strong></span> 
     </span>
     <span class='ocr_line' id='line_1_21' title="bbox 47 1373 1508 1435; baseline -0.008 -13"><span class='ocrx_word' id='word_1_181' title='bbox 47 1385 170 1423; x_wconf 83' lang='lat' dir='ltr'><strong>Bakio</strong></span> <span class='ocrx_word' id='word_1_182' title='bbox 205 1384 368 1435; x_wconf 80' lang='lat' dir='ltr'><strong>placuit.</strong></span> <span class='ocrx_word' id='word_1_183' title='bbox 431 1386 497 1423; x_wconf 83' lang='lat' dir='ltr'><strong>Sic</strong></span> <span class='ocrx_word' id='word_1_184' title='bbox 539 1385 666 1423; x_wconf 86' lang='lat' dir='ltr'><strong>altera</strong></span> <span class='ocrx_word' id='word_1_185' title='bbox 699 1398 764 1422; x_wconf 90' lang='lat' dir='ltr'><strong>res</strong></span> <span class='ocrx_word' id='word_1_186' title='bbox 807 1386 1020 1433; x_wconf 85' lang='lat' dir='ltr'><strong>uniucrse,</strong></span> <span class='ocrx_word' id='word_1_187' title='bbox 1059 1381 1186 1420; x_wconf 86' lang='lat' dir='ltr'><strong>altera</strong></span> <span class='ocrx_word' id='word_1_188' title='bbox 1203 1383 1291 1431; x_wconf 77' lang='lat' dir='ltr'><strong>‘per</strong></span> <span class='ocrx_word' id='word_1_189' title='bbox 1322 1373 1508 1425; x_wconf 76' lang='lat' dir='ltr'><strong>exempla</strong></span> 
     </span>
     <span class='ocr_line' id='line_1_22' title="bbox 49 1436 1507 1491; baseline -0.004 -13"><span class='ocrx_word' id='word_1_190' title='bbox 49 1447 90 1478; x_wconf 89' lang='lat' dir='ltr'><strong>et</strong></span> <span class='ocrx_word' id='word_1_191' title='bbox 121 1439 392 1491; x_wconf 78' lang='lat' dir='ltr'><strong>particulatim</strong></span> <span class='ocrx_word' id='word_1_192' title='bbox 424 1442 606 1481; x_wconf 79' lang='lat' dir='ltr'><strong>effertur.</strong></span> <span class='ocrx_word' id='word_1_193' title='bbox 668 1440 785 1490; x_wconf 77' lang='lat' dir='ltr'><strong>Quod</strong></span> <span class='ocrx_word' id='word_1_194' title='bbox 818 1454 889 1479; x_wconf 92' lang='lat' dir='ltr'><strong>cur</strong></span> <span class='ocrx_word' id='word_1_195' title='bbox 919 1439 1073 1478; x_wconf 86' lang='lat' dir='ltr'><strong>Orellio</strong></span> <span class='ocrx_word' id='word_1_196' title='bbox 1104 1436 1343 1488; x_wconf 82' lang='lat' dir='ltr'><strong>displiceret</strong></span> <span class='ocrx_word' id='word_1_197' title='bbox 1384 1443 1507 1483; x_wconf 87' lang='lat' dir='ltr'><strong>prop-</strong></span> 
     </span>
     <span class='ocr_line' id='line_1_23' title="bbox 49 1485 1509 1548; baseline -0.006 -15"><span class='ocrx_word' id='word_1_198' title='bbox 49 1503 112 1534; x_wconf 86' lang='lat' dir='ltr'><strong>tcr</strong></span> <span class='ocrx_word' id='word_1_199' title='bbox 159 1495 375 1548; x_wconf 87' lang='lat' dir='ltr'><strong>copulandi</strong></span> <span class='ocrx_word' id='word_1_200' title='bbox 425 1497 667 1548; x_wconf 87' lang='lat' dir='ltr'><strong>particulam</strong></span> <span class='ocrx_word' id='word_1_201' title='bbox 725 1498 845 1534; x_wconf 86' lang='lat' dir='ltr'><strong>tertio</strong></span> <span class='ocrx_word' id='word_1_202' title='bbox 888 1495 977 1534; x_wconf 91' lang='lat' dir='ltr'><strong>loco</strong></span> <span class='ocrx_word' id='word_1_203' title='bbox 1018 1497 1192 1547; x_wconf 86' lang='lat' dir='ltr'><strong>positam</strong></span> <span class='ocrx_word' id='word_1_204' title='bbox 1234 1490 1309 1545; x_wconf 85' lang='lat' dir='ltr'><strong>(et</strong></span> <span class='ocrx_word' id='word_1_205' title='bbox 1346 1485 1509 1539; x_wconf 68' lang='lat' dir='ltr'><strong>Ata),</strong></span> 
     </span>
     <span class='ocr_line' id='line_1_24' title="bbox 49 1545 1509 1603; baseline -0.008 -13"><span class='ocrx_word' id='word_1_206' title='bbox 49 1566 169 1590; x_wconf 80' lang='lat' dir='ltr'><strong>causa</strong></span> <span class='ocrx_word' id='word_1_207' title='bbox 202 1552 311 1590; x_wconf 87' lang='lat' dir='ltr'><strong>nulla</strong></span> <span class='ocrx_word' id='word_1_208' title='bbox 344 1558 446 1591; x_wconf 81' lang='lat' dir='ltr'><strong>erat.</strong></span> <span class='ocrx_word' id='word_1_209' title='bbox 479 1554 544 1592; x_wconf 62' lang='grc' dir='ltr'><strong>(ΓΤ.</strong></span> <span class='ocrx_word' id='word_1_210' title='bbox 572 1550 629 1591; x_wconf 86' lang='grc' dir='ltr'><strong>ΙΙ.</strong></span> <span class='ocrx_word' id='word_1_211' title='bbox 661 1553 693 1603; x_wconf 47' lang='grc' dir='ltr'><strong>ᾖ.</strong></span> <span class='ocrx_word' id='word_1_212' title='bbox 719 1552 788 1592; x_wconf 78' lang='lat'><strong>21.</strong></span> <span class='ocrx_word' id='word_1_213' title='bbox 849 1552 931 1590; x_wconf 76' lang='lat' dir='ltr'><strong>Sed</strong></span> <span class='ocrx_word' id='word_1_214' title='bbox 964 1564 1055 1589; x_wconf 78' lang='lat' dir='ltr'><strong>mox</strong></span> <span class='ocrx_word' id='word_1_215' title='bbox 1078 1564 1129 1588; x_wconf 89' lang='lat' dir='ltr'><strong>ne</strong></span> <span class='ocrx_word' id='word_1_216' title='bbox 1153 1550 1340 1587; x_wconf 87' lang='lat' dir='ltr'><strong>turbetur</strong></span> <span class='ocrx_word' id='word_1_217' title='bbox 1365 1545 1509 1591; x_wconf 88' lang='lat' dir='ltr'><strong>oratio,</strong></span> 
     </span>
     <span class='ocr_line' id='line_1_25' title="bbox 49 1601 1511 1660; baseline -0.008 -14"><span class='ocrx_word' id='word_1_218' title='bbox 49 1617 90 1646; x_wconf 80' lang='lat' dir='ltr'><strong>et</strong></span> <span class='ocrx_word' id='word_1_219' title='bbox 130 1608 385 1647; x_wconf 84' lang='lat' dir='ltr'><strong>credendi</strong></span> <span class='ocrx_word' id='word_1_220' title='bbox 419 1614 461 1647; x_wconf 91' lang='lat' dir='ltr'><strong>et</strong></span> <span class='ocrx_word' id='word_1_221' title='bbox 499 1608 796 1660; x_wconf 85' lang='lat' dir='ltr'><strong>deponendi</strong></span> <span class='ocrx_word' id='word_1_222' title='bbox 841 1610 1007 1646; x_wconf 84' lang='lat' dir='ltr'><strong>uerbum</strong></span> <span class='ocrx_word' id='word_1_223' title='bbox 1053 1620 1097 1644; x_wconf 56' lang='lat' dir='ltr'><strong>ev</strong></span> <span class='ocrx_word' id='word_1_224' title='bbox 1143 1606 1266 1643; x_wconf 90' lang='lat' dir='ltr'><strong>uerbo</strong></span> <span class='ocrx_word' id='word_1_225' title='bbox 1313 1601 1511 1640; x_wconf 86' lang='lat' dir='ltr'><strong>dicitur</strong></span> 
     </span>
     <span class='ocr_line' id='line_1_26' title="bbox 49 1655 1511 1717; baseline -0.005 -14"><span class='ocrx_word' id='word_1_226' title='bbox 49 1668 159 1715; x_wconf 74' lang='lat' dir='ltr'><strong>iungi</strong></span> <span class='ocrx_word' id='word_1_227' title='bbox 193 1670 371 1715; x_wconf 82' lang='lat' dir='ltr'><strong>oportet.</strong></span> <span class='ocrx_word' id='word_1_228' title='bbox 432 1667 516 1703; x_wconf 64' lang='lat' dir='ltr'><strong>Nec</strong></span> <span class='ocrx_word' id='word_1_229' title='bbox 556 1667 806 1717; x_wconf 70' lang='lat' dir='ltr'><strong>perspicitur</strong></span> <span class='ocrx_word' id='word_1_230' title='bbox 838 1665 1050 1715; x_wconf 84' lang='lat' dir='ltr'><strong>profecto,</strong></span> <span class='ocrx_word' id='word_1_231' title='bbox 1095 1676 1164 1700; x_wconf 77' lang='lat' dir='ltr'><strong>cur</strong></span> <span class='ocrx_word' id='word_1_232' title='bbox 1193 1662 1244 1699; x_wconf 94' lang='lat' dir='ltr'><strong>de</strong></span> <span class='ocrx_word' id='word_1_233' title='bbox 1277 1655 1511 1697; x_wconf 70' lang='lat' dir='ltr'><strong>Alexandro</strong></span> 
     </span>
     <span class='ocr_line' id='line_1_27' title="bbox 48 1715 1512 1772; baseline -0.008 -13"><span class='ocrx_word' id='word_1_234' title='bbox 48 1721 222 1772; x_wconf 89' lang='lat' dir='ltr'><strong>loquens</strong></span> <span class='ocrx_word' id='word_1_235' title='bbox 264 1721 408 1758; x_wconf 79' lang='lat' dir='ltr'><strong>samam</strong></span> <span class='ocrx_word' id='word_1_236' title='bbox 450 1735 495 1759; x_wconf 79' lang='lat' dir='ltr'><strong>se</strong></span> <span class='ocrx_word' id='word_1_237' title='bbox 537 1724 651 1772; x_wconf 85' lang='lat' dir='ltr'><strong>sequi</strong></span> <span class='ocrx_word' id='word_1_238' title='bbox 684 1722 913 1771; x_wconf 78' lang='lat' dir='ltr'><strong>significet,</strong></span> <span class='ocrx_word' id='word_1_239' title='bbox 956 1721 1006 1758; x_wconf 88' lang='lat' dir='ltr'><strong>de</strong></span> <span class='ocrx_word' id='word_1_240' title='bbox 1040 1718 1275 1766; x_wconf 79' lang='lat' dir='ltr'><strong>Clisthene,</strong></span> <span class='ocrx_word' id='word_1_241' title='bbox 1316 1715 1429 1752; x_wconf 85' lang='lat' dir='ltr'><strong>cuius</strong></span> <span class='ocrx_word' id='word_1_242' title='bbox 1471 1715 1512 1748; x_wconf 88' lang='lat' dir='ltr'><strong>ct</strong></span> 
     </span>
     <span class='ocr_line' id='line_1_28' title="bbox 50 1772 1511 1816; baseline -0.008 0"><span class='ocrx_word' id='word_1_243' title='bbox 50 1785 161 1816; x_wconf 83' lang='lat' dir='ltr'><strong>aetas</strong></span> <span class='ocrx_word' id='word_1_244' title='bbox 195 1778 392 1815; x_wconf 86' lang='lat' dir='ltr'><strong>remotior</strong></span> <span class='ocrx_word' id='word_1_245' title='bbox 420 1785 461 1815; x_wconf 87' lang='lat' dir='ltr'><strong>et</strong></span> <span class='ocrx_word' id='word_1_246' title='bbox 505 1780 636 1816; x_wconf 89' lang='lat' dir='ltr'><strong>minus</strong></span> <span class='ocrx_word' id='word_1_247' title='bbox 681 1778 907 1815; x_wconf 84' lang='lat' dir='ltr'><strong>litterarum</strong></span> <span class='ocrx_word' id='word_1_248' title='bbox 950 1776 1206 1815; x_wconf 74' lang='lat' dir='ltr'><strong>documentis</strong></span> <span class='ocrx_word' id='word_1_249' title='bbox 1248 1772 1511 1811; x_wconf 82' lang='lat' dir='ltr'><strong>confirmatae</strong></span> 
     </span>
     <span class='ocr_line' id='line_1_29' title="bbox 49 1831 1512 1884; baseline -0.008 -11"><span class='ocrx_word' id='word_1_250' title='bbox 49 1848 117 1873; x_wconf 84' lang='lat' dir='ltr'><strong>res</strong></span> <span class='ocrx_word' id='word_1_251' title='bbox 159 1840 301 1884; x_wconf 86' lang='lat' dir='ltr'><strong>erant,</strong></span> <span class='ocrx_word' id='word_1_252' title='bbox 350 1835 404 1871; x_wconf 84' lang='lat' dir='ltr'><strong>ita</strong></span> <span class='ocrx_word' id='word_1_253' title='bbox 446 1848 527 1872; x_wconf 78' lang='lat' dir='ltr'><strong>rem</strong></span> <span class='ocrx_word' id='word_1_254' title='bbox 576 1839 740 1884; x_wconf 84' lang='lat' dir='ltr'><strong>narret,</strong></span> <span class='ocrx_word' id='word_1_255' title='bbox 791 1839 833 1871; x_wconf 91' lang='lat' dir='ltr'><strong>ut</strong></span> <span class='ocrx_word' id='word_1_256' title='bbox 882 1834 999 1871; x_wconf 78' lang='lat' dir='ltr'><strong>iidem</strong></span> <span class='ocrx_word' id='word_1_257' title='bbox 1044 1835 1130 1870; x_wconf 85' lang='lat' dir='ltr'><strong>eius</strong></span> <span class='ocrx_word' id='word_1_258' title='bbox 1175 1833 1262 1882; x_wconf 89' lang='lat' dir='ltr'><strong>ipse</strong></span> <span class='ocrx_word' id='word_1_259' title='bbox 1300 1831 1512 1880; x_wconf 87' lang='lat' dir='ltr'><strong>praestare</strong></span> 
     </span>
     <span class='ocr_line' id='line_1_30' title="bbox 52 1881 1511 1941; baseline -0.009 -11"><span class='ocrx_word' id='word_1_260' title='bbox 52 1892 250 1931; x_wconf 84' lang='lat' dir='ltr'><strong>uideatur.</strong></span> <span class='ocrx_word' id='word_1_261' title='bbox 313 1890 538 1928; x_wconf 76' lang='lat' dir='ltr'><strong>Conficitur</strong></span> <span class='ocrx_word' id='word_1_262' title='bbox 582 1904 679 1928; x_wconf 84' lang='lat' dir='ltr'><strong>uero</strong></span> <span class='ocrx_word' id='word_1_263' title='bbox 718 1904 783 1927; x_wconf 83' lang='lat' dir='ltr'><strong>res</strong></span> <span class='ocrx_word' id='word_1_264' title='bbox 822 1903 897 1940; x_wconf 88' lang='lat' dir='ltr'><strong>eo,</strong></span> <span class='ocrx_word' id='word_1_265' title='bbox 940 1889 1045 1941; x_wconf 89' lang='lat' dir='ltr'><strong>quod</strong></span> <span class='ocrx_word' id='word_1_266' title='bbox 1087 1888 1174 1926; x_wconf 79' lang='lat' dir='ltr'><strong>sed</strong></span> <span class='ocrx_word' id='word_1_267' title='bbox 1219 1887 1265 1924; x_wconf 84' lang='lat' dir='ltr'><strong>ab</strong></span> <span class='ocrx_word' id='word_1_268' title='bbox 1306 1885 1382 1921; x_wconf 87' lang='lat' dir='ltr'><strong>hoc</strong></span> <span class='ocrx_word' id='word_1_269' title='bbox 1420 1881 1511 1919; x_wconf 85' lang='lat' dir='ltr'><strong>loco</strong></span> 
     </span>
     <span class='ocr_line' id='line_1_31' title="bbox 52 1934 1512 1997; baseline -0.008 -12"><span class='ocrx_word' id='word_1_270' title='bbox 52 1948 225 1985; x_wconf 85' lang='lat' dir='ltr'><strong>alienum</strong></span> <span class='ocrx_word' id='word_1_271' title='bbox 274 1952 353 1984; x_wconf 86' lang='lat' dir='ltr'><strong>est.</strong></span> <span class='ocrx_word' id='word_1_272' title='bbox 419 1948 583 1985; x_wconf 79' lang='lat' dir='ltr'><strong>Etenim</strong></span> <span class='ocrx_word' id='word_1_273' title='bbox 623 1960 700 1984; x_wconf 89' lang='lat' dir='ltr'><strong>nec</strong></span> <span class='ocrx_word' id='word_1_274' title='bbox 742 1949 828 1997; x_wconf 88' lang='lat' dir='ltr'><strong>ipse</strong></span> <span class='ocrx_word' id='word_1_275' title='bbox 869 1960 913 1984; x_wconf 83' lang='lat' dir='ltr'><strong>se</strong></span> <span class='ocrx_word' id='word_1_276' title='bbox 957 1948 995 1985; x_wconf 80' lang='grc' dir='ltr'><strong>Ιι.</strong></span> <span class='ocrx_word' id='word_1_277' title='bbox 1040 1945 1068 1983; x_wconf 94' lang='grc' dir='ltr'><strong>Ι.</strong></span> <span class='ocrx_word' id='word_1_278' title='bbox 1110 1945 1298 1991; x_wconf 74' lang='lat' dir='ltr'><strong>cohibet,</strong></span> <span class='ocrx_word' id='word_1_279' title='bbox 1350 1945 1393 1977; x_wconf 92' lang='lat' dir='ltr'><strong>ut</strong></span> <span class='ocrx_word' id='word_1_280' title='bbox 1435 1934 1512 1975; x_wconf 87' lang='grc' dir='ltr'>ΙΙΙ,</span> 
     </span>
     <span class='ocr_line' id='line_1_32' title="bbox 52 1995 1511 2057; baseline -0.009 -14"><span class='ocrx_word' id='word_1_281' title='bbox 52 2006 85 2054; x_wconf 53' lang='grc' dir='ltr'><strong>ᾗ.</strong></span> <span class='ocrx_word' id='word_1_282' title='bbox 126 2004 188 2043; x_wconf 66' lang='lat' dir='ltr'><strong>IS.</strong></span> <span class='ocrx_word' id='word_1_283' title='bbox 222 2001 339 2057; x_wconf 86' lang='lat' dir='ltr'><strong>(sed</strong></span> <span class='ocrx_word' id='word_1_284' title='bbox 369 2005 489 2053; x_wconf 81' lang='lat' dir='ltr'><strong>iam,</strong></span> <span class='ocrx_word' id='word_1_285' title='bbox 524 2006 568 2041; x_wconf 86' lang='lat' dir='ltr'><strong>si</strong></span> <span class='ocrx_word' id='word_1_286' title='bbox 600 2003 806 2054; x_wconf 88' lang='lat' dir='ltr'><strong>placet,</strong></span> <span class='ocrx_word' id='word_1_287' title='bbox 839 2003 895 2040; x_wconf 90' lang='lat' dir='ltr'><strong>de</strong></span> <span class='ocrx_word' id='word_1_288' title='bbox 925 2016 1066 2055; x_wconf 83' lang='lat' dir='ltr'><strong>prou.</strong></span> <span class='ocrx_word' id='word_1_289' title='bbox 1102 1998 1425 2038; x_wconf 83' lang='lat' dir='ltr'><strong>discedatur.</strong></span> <span class='ocrx_word' id='word_1_290' title='bbox 1455 1995 1511 2031; x_wconf 86' lang='lat' dir='ltr'><strong>ib.</strong></span> 
     </span>
     <span class='ocr_line' id='line_1_33' title="bbox 56 2052 1512 2112; baseline -0.008 -15"><span class='ocrx_word' id='word_1_291' title='bbox 56 2061 90 2110; x_wconf 56' lang='grc' dir='ltr'><strong>ξ.</strong></span> <span class='ocrx_word' id='word_1_292' title='bbox 123 2058 218 2112; x_wconf 74' lang='grc'><strong>47.)</strong></span> <span class='ocrx_word' id='word_1_293' title='bbox 255 2072 330 2097; x_wconf 90' lang='lat' dir='ltr'><strong>nec</strong></span> <span class='ocrx_word' id='word_1_294' title='bbox 361 2059 401 2096; x_wconf 89' lang='lat' dir='ltr'><strong>id</strong></span> <span class='ocrx_word' id='word_1_295' title='bbox 434 2061 704 2109; x_wconf 75' lang='lat' dir='ltr'><strong>significatur,</strong></span> <span class='ocrx_word' id='word_1_296' title='bbox 738 2064 879 2096; x_wconf 84' lang='lat' dir='ltr'><strong>contra</strong></span> <span class='ocrx_word' id='word_1_297' title='bbox 912 2073 1029 2109; x_wconf 86' lang='lat' dir='ltr'><strong>quam</strong></span> <span class='ocrx_word' id='word_1_298' title='bbox 1064 2058 1115 2095; x_wconf 90' lang='lat' dir='ltr'><strong>de</strong></span> <span class='ocrx_word' id='word_1_299' title='bbox 1158 2056 1309 2095; x_wconf 85' lang='lat' dir='ltr'><strong>ceteris</strong></span> <span class='ocrx_word' id='word_1_300' title='bbox 1351 2052 1512 2102; x_wconf 71' lang='lat' dir='ltr'><strong>legibus</strong></span> 
     </span>
     <span class='ocr_line' id='line_1_34' title="bbox 52 2108 1514 2167; baseline -0.007 -14"><span class='ocrx_word' id='word_1_301' title='bbox 52 2118 104 2153; x_wconf 87' lang='lat' dir='ltr'><strong>de</strong></span> <span class='ocrx_word' id='word_1_302' title='bbox 135 2117 394 2167; x_wconf 89' lang='lat' dir='ltr'><strong>periuriis</strong></span> <span class='ocrx_word' id='word_1_303' title='bbox 429 2114 529 2153; x_wconf 86' lang='lat' dir='ltr'><strong>nihil</strong></span> <span class='ocrx_word' id='word_1_304' title='bbox 561 2116 601 2153; x_wconf 89' lang='grc' dir='ltr'><strong>Ιι.</strong></span> <span class='ocrx_word' id='word_1_305' title='bbox 635 2115 663 2153; x_wconf 91' lang='grc' dir='ltr'><strong>Ι.</strong></span> <span class='ocrx_word' id='word_1_306' title='bbox 697 2128 790 2152; x_wconf 81' lang='lat' dir='ltr'><strong>esse</strong></span> <span class='ocrx_word' id='word_1_307' title='bbox 823 2114 1136 2166; x_wconf 82' lang='lat' dir='ltr'><strong>disputandum3</strong></span> <span class='ocrx_word' id='word_1_308' title='bbox 1172 2117 1214 2150; x_wconf 90' lang='lat' dir='ltr'><strong>et</strong></span> <span class='ocrx_word' id='word_1_309' title='bbox 1242 2110 1378 2162; x_wconf 81' lang='lat' dir='ltr'><strong>potius</strong></span> <span class='ocrx_word' id='word_1_310' title='bbox 1413 2108 1514 2144; x_wconf 86' lang='lat' dir='ltr'><strong>sim-</strong></span> 
     </span>
     <span class='ocr_line' id='line_1_35' title="bbox 50 2165 1512 2224; baseline -0.006 -15"><span class='ocrx_word' id='word_1_311' title='bbox 50 2171 217 2224; x_wconf 86' lang='lat' dir='ltr'><strong>pliciter</strong></span> <span class='ocrx_word' id='word_1_312' title='bbox 258 2170 308 2209; x_wconf 86' lang='lat' dir='ltr'><strong>ad</strong></span> <span class='ocrx_word' id='word_1_313' title='bbox 348 2184 431 2209; x_wconf 92' lang='lat' dir='ltr'><strong>rem</strong></span> <span class='ocrx_word' id='word_1_314' title='bbox 464 2184 610 2209; x_wconf 83' lang='lat' dir='ltr'><strong>nouam</strong></span> <span class='ocrx_word' id='word_1_315' title='bbox 653 2173 876 2221; x_wconf 86' lang='lat' dir='ltr'><strong>transitur,</strong></span> <span class='ocrx_word' id='word_1_316' title='bbox 923 2171 965 2208; x_wconf 83' lang='lat' dir='ltr'><strong>id</strong></span> <span class='ocrx_word' id='word_1_317' title='bbox 1005 2169 1112 2221; x_wconf 87' lang='lat' dir='ltr'><strong>quod</strong></span> <span class='ocrx_word' id='word_1_318' title='bbox 1153 2167 1239 2206; x_wconf 88' lang='lat' dir='ltr'><strong>sola</strong></span> <span class='ocrx_word' id='word_1_319' title='bbox 1275 2171 1378 2217; x_wconf 89' lang='lat' dir='ltr'><strong>part.</strong></span> <span class='ocrx_word' id='word_1_320' title='bbox 1420 2165 1512 2200; x_wconf 88' lang='lat' dir='ltr'><strong>iam</strong></span> 
     </span>
     <span class='ocr_line' id='line_1_36' title="bbox 50 2220 1514 2278; baseline -0.01 -7"><span class='ocrx_word' id='word_1_321' title='bbox 50 2228 270 2267; x_wconf 73' lang='lat' dir='ltr'><strong>indicatur·</strong></span> <span class='ocrx_word' id='word_1_322' title='bbox 322 2228 385 2268; x_wconf 81' lang='lat' dir='ltr'><strong>Cf.</strong></span> <span class='ocrx_word' id='word_1_323' title='bbox 420 2224 478 2278; x_wconf 86' lang='lat' dir='ltr'><strong>ll,</strong></span> <span class='ocrx_word' id='word_1_324' title='bbox 520 2228 554 2277; x_wconf 54' lang='grc' dir='ltr'><strong>ᾗ.</strong></span> <span class='ocrx_word' id='word_1_325' title='bbox 587 2228 656 2268; x_wconf 80' lang='grc'><strong>27.</strong></span> <span class='ocrx_word' id='word_1_326' title='bbox 689 2227 760 2267; x_wconf 84' lang='grc'><strong>38.</strong></span> <span class='ocrx_word' id='word_1_327' title='bbox 793 2226 859 2268; x_wconf 80' lang='grc'><strong>59,</strong></span> <span class='ocrx_word' id='word_1_328' title='bbox 930 2227 1081 2266; x_wconf 87' lang='lat' dir='ltr'><strong>Merito</strong></span> <span class='ocrx_word' id='word_1_329' title='bbox 1120 2227 1247 2277; x_wconf 81' lang='lat' dir='ltr'><strong>igitur</strong></span> <span class='ocrx_word' id='word_1_330' title='bbox 1282 2220 1514 2270; x_wconf 78' lang='lat' dir='ltr'><strong>Maduigius</strong></span> 
     </span>
     <span class='ocr_line' id='line_1_37' title="bbox 51 2276 1516 2336; baseline -0.013 -5"><span class='ocrx_word' id='word_1_331' title='bbox 51 2288 90 2323; x_wconf 66' lang='lat'><strong>51¹</strong></span> <span class='ocrx_word' id='word_1_332' title='bbox 131 2298 266 2336; x_wconf 76' lang='lat' dir='ltr'><strong>Progr-</strong></span> <span class='ocrx_word' id='word_1_333' title='bbox 311 2298 352 2336; x_wconf 88' lang='lat' dir='ltr'><strong>p-</strong></span> <span class='ocrx_word' id='word_1_334' title='bbox 394 2284 458 2325; x_wconf 77' lang='lat'><strong>19.</strong></span> <span class='ocrx_word' id='word_1_335' title='bbox 501 2298 573 2335; x_wconf 89' lang='lat' dir='ltr'><strong>pro</strong></span> <span class='ocrx_word' id='word_1_336' title='bbox 616 2283 860 2323; x_wconf 84' lang='lat' dir='ltr'><strong>credidit.</strong></span> <span class='ocrx_word' id='word_1_337' title='bbox 931 2284 1032 2322; x_wconf 88' lang='lat' dir='ltr'><strong>Sed</strong></span> <span class='ocrx_word' id='word_1_338' title='bbox 1073 2285 1164 2320; x_wconf 77' lang='lat' dir='ltr'><strong>iam</strong></span> <span class='ocrx_word' id='word_1_339' title='bbox 1213 2276 1516 2318; x_wconf 89' lang='lat' dir='ltr'><strong>commendauit</strong></span> 
     </span>
     <span class='ocr_line' id='line_1_38' title="bbox 55 2339 1232 2393; baseline -0.003 -13"><span class='ocrx_word' id='word_1_340' title='bbox 55 2343 161 2393; x_wconf 87' lang='lat' dir='ltr'><strong>quod</strong></span> <span class='ocrx_word' id='word_1_341' title='bbox 196 2341 318 2379; x_wconf 72' lang='lat' dir='ltr'><strong>Baldo</strong></span> <span class='ocrx_word' id='word_1_342' title='bbox 350 2354 510 2392; x_wconf 87' lang='lat' dir='ltr'><strong>quoque</strong></span> <span class='ocrx_word' id='word_1_343' title='bbox 541 2340 710 2393; x_wconf 85' lang='lat' dir='ltr'><strong>placuit,</strong></span> <span class='ocrx_word' id='word_1_344' title='bbox 742 2339 1063 2378; x_wconf 87' lang='lat' dir='ltr'><strong>credidisse.</strong></span> <span class='ocrx_word' id='word_1_345' title='bbox 1124 2340 1232 2377; x_wconf 85' lang='lat' dir='ltr'><strong>lam.</strong></span> 
     </span>
    </p>

    <p class='ocr_par' dir='ltr' id='par_1_5' title="bbox 24 2388 1520 2846">
     <span class='ocr_line' id='line_1_39' title="bbox 167 2388 1514 2450; baseline -0.007 -14"><span class='ocrx_word' id='word_1_346' title='bbox 167 2397 297 2450; x_wconf 88' lang='lat' dir='ltr'><strong>apud</strong></span> <span class='ocrx_word' id='word_1_347' title='bbox 343 2397 614 2447; x_wconf 87' lang='lat' dir='ltr'><strong>Solenses]</strong></span> <span class='ocrx_word' id='word_1_348' title='bbox 697 2397 813 2445; x_wconf 79' lang='lat' dir='ltr'><strong>Quod</strong></span> <span class='ocrx_word' id='word_1_349' title='bbox 865 2397 1072 2448; x_wconf 80' lang='lat' dir='ltr'><strong>uulgatum</strong></span> <span class='ocrx_word' id='word_1_350' title='bbox 1126 2396 1217 2433; x_wconf 82' lang='lat' dir='ltr'><strong>fere</strong></span> <span class='ocrx_word' id='word_1_351' title='bbox 1271 2395 1335 2429; x_wconf 90' lang='lat' dir='ltr'><strong>est</strong></span> <span class='ocrx_word' id='word_1_352' title='bbox 1387 2388 1514 2441; x_wconf 87' lang='lat' dir='ltr'><strong>apud</strong></span> 
     </span>
     <span class='ocr_line' id='line_1_40' title="bbox 53 2444 1515 2503; baseline -0.007 -9"><span class='ocrx_word' id='word_1_353' title='bbox 53 2454 233 2503; x_wconf 85' lang='lat' dir='ltr'><strong>Solos,</strong></span> <span class='ocrx_word' id='word_1_354' title='bbox 266 2454 307 2491; x_wconf 93' lang='lat' dir='ltr'><strong>id</strong></span> <span class='ocrx_word' id='word_1_355' title='bbox 340 2467 415 2492; x_wconf 88' lang='lat' dir='ltr'><strong>nec</strong></span> <span class='ocrx_word' id='word_1_356' title='bbox 444 2456 546 2492; x_wconf 88' lang='lat' dir='ltr'><strong>iusta</strong></span> <span class='ocrx_word' id='word_1_357' title='bbox 579 2453 765 2491; x_wconf 85' lang='lat' dir='ltr'><strong>codicum</strong></span> <span class='ocrx_word' id='word_1_358' title='bbox 804 2455 1046 2491; x_wconf 86' lang='lat' dir='ltr'><strong>auctoritate</strong></span> <span class='ocrx_word' id='word_1_359' title='bbox 1080 2454 1226 2491; x_wconf 89' lang='lat' dir='ltr'><strong>nititur</strong></span> <span class='ocrx_word' id='word_1_360' title='bbox 1265 2448 1336 2497; x_wconf 90' lang='lat' dir='ltr'><strong>(de</strong></span> <span class='ocrx_word' id='word_1_361' title='bbox 1366 2447 1456 2486; x_wconf 89' lang='lat' dir='ltr'><strong>cod.</strong></span> <span class='ocrx_word' id='word_1_362' title='bbox 1487 2444 1515 2484; x_wconf 83' lang='grc' dir='ltr'><em>δ</em></span> 
     </span>
     <span class='ocr_line' id='line_1_41' title="bbox 24 2509 1515 2563; baseline -0.005 -13"><span class='ocrx_word' id='word_1_363' title='bbox 24 2512 157 2550; x_wconf 16' lang='lat' dir='ltr'><strong>,falsa</strong></span> <span class='ocrx_word' id='word_1_364' title='bbox 199 2517 296 2563; x_wconf 89' lang='lat' dir='ltr'><strong>puto</strong></span> <span class='ocrx_word' id='word_1_365' title='bbox 339 2524 360 2547; x_wconf 82' lang='lat' dir='ltr'><strong>a</strong></span> <span class='ocrx_word' id='word_1_366' title='bbox 400 2511 524 2548; x_wconf 83' lang='lat' dir='ltr'><strong>Bakio</strong></span> <span class='ocrx_word' id='word_1_367' title='bbox 566 2509 727 2561; x_wconf 85' lang='lat' dir='ltr'><strong>prodita</strong></span> <span class='ocrx_word' id='word_1_368' title='bbox 766 2514 875 2557; x_wconf 87' lang='lat' dir='ltr'><strong>esse)</strong></span> <span class='ocrx_word' id='word_1_369' title='bbox 917 2523 993 2548; x_wconf 90' lang='lat' dir='ltr'><strong>nec</strong></span> <span class='ocrx_word' id='word_1_370' title='bbox 1029 2522 1104 2561; x_wconf 88' lang='lat' dir='ltr'><strong>per</strong></span> <span class='ocrx_word' id='word_1_371' title='bbox 1146 2520 1193 2545; x_wconf 88' lang='lat' dir='ltr'><strong>se</strong></span> <span class='ocrx_word' id='word_1_372' title='bbox 1243 2516 1382 2543; x_wconf 89' lang='lat' dir='ltr'><strong>uerum</strong></span> <span class='ocrx_word' id='word_1_373' title='bbox 1435 2509 1515 2544; x_wconf 83' lang='lat' dir='ltr'><strong>est.</strong></span> 
     </span>
     <span class='ocr_line' id='line_1_42' title="bbox 54 2561 1518 2617; baseline -0.005 -10"><span class='ocrx_word' id='word_1_374' title='bbox 54 2570 142 2607; x_wconf 88' lang='lat' dir='ltr'><strong>Non</strong></span> <span class='ocrx_word' id='word_1_375' title='bbox 177 2570 285 2606; x_wconf 75' lang='lat' dir='ltr'><strong>enim</strong></span> <span class='ocrx_word' id='word_1_376' title='bbox 320 2569 404 2604; x_wconf 80' lang='lat' dir='ltr'><strong>ueri</strong></span> <span class='ocrx_word' id='word_1_377' title='bbox 439 2572 503 2604; x_wconf 83' lang='lat' dir='ltr'><strong>est</strong></span> <span class='ocrx_word' id='word_1_378' title='bbox 535 2565 668 2604; x_wconf 89' lang='lat' dir='ltr'><strong>simile</strong></span> <span class='ocrx_word' id='word_1_379' title='bbox 700 2565 914 2617; x_wconf 82' lang='lat' dir='ltr'><strong>templum,</strong></span> <span class='ocrx_word' id='word_1_380' title='bbox 947 2567 988 2604; x_wconf 93' lang='lat' dir='ltr'><strong>in</strong></span> <span class='ocrx_word' id='word_1_381' title='bbox 1021 2579 1098 2617; x_wconf 89' lang='lat' dir='ltr'><strong>quo</strong></span> <span class='ocrx_word' id='word_1_382' title='bbox 1130 2561 1359 2603; x_wconf 85' lang='lat' dir='ltr'><strong>Alexander</strong></span> <span class='ocrx_word' id='word_1_383' title='bbox 1397 2572 1518 2610; x_wconf 90' lang='lat' dir='ltr'><strong>pecu-</strong></span> 
     </span>
     <span class='ocr_line' id='line_1_43' title="bbox 55 2615 1515 2676; baseline -0.005 -13"><span class='ocrx_word' id='word_1_384' title='bbox 55 2627 163 2663; x_wconf 90' lang='lat' dir='ltr'><strong>niam</strong></span> <span class='ocrx_word' id='word_1_385' title='bbox 197 2625 454 2676; x_wconf 77' lang='lat' dir='ltr'><strong>deposuerit,</strong></span> <span class='ocrx_word' id='word_1_386' title='bbox 487 2623 617 2661; x_wconf 87' lang='lat' dir='ltr'><strong>fuisse</strong></span> <span class='ocrx_word' id='word_1_387' title='bbox 645 2621 695 2659; x_wconf 89' lang='lat' dir='ltr'><strong>ad</strong></span> <span class='ocrx_word' id='word_1_388' title='bbox 730 2623 888 2672; x_wconf 83' lang='lat' dir='ltr'><strong>urbem,</strong></span> <span class='ocrx_word' id='word_1_389' title='bbox 931 2623 1003 2660; x_wconf 88' lang='lat' dir='ltr'><strong>sed</strong></span> <span class='ocrx_word' id='word_1_390' title='bbox 1030 2624 1070 2660; x_wconf 90' lang='lat' dir='ltr'><strong>in</strong></span> <span class='ocrx_word' id='word_1_391' title='bbox 1114 2621 1229 2660; x_wconf 84' lang='lat' dir='ltr'><strong>urbe.</strong></span> <span class='ocrx_word' id='word_1_392' title='bbox 1289 2615 1515 2655; x_wconf 86' lang='lat' dir='ltr'><strong>lncolarum</strong></span> 
     </span>
     <span class='ocr_line' id='line_1_44' title="bbox 56 2674 1519 2732; baseline -0.006 -13"><span class='ocrx_word' id='word_1_393' title='bbox 56 2683 184 2732; x_wconf 82' lang='lat' dir='ltr'><strong>igitur</strong></span> <span class='ocrx_word' id='word_1_394' title='bbox 213 2693 362 2719; x_wconf 89' lang='lat' dir='ltr'><strong>nomen</strong></span> <span class='ocrx_word' id='word_1_395' title='bbox 396 2687 440 2719; x_wconf 89' lang='grc' dir='ltr'><strong>ιιι</strong></span> <span class='ocrx_word' id='word_1_396' title='bbox 471 2680 711 2718; x_wconf 87' lang='lat' dir='ltr'><strong>restituatur</strong></span> <span class='ocrx_word' id='word_1_397' title='bbox 741 2683 784 2716; x_wconf 92' lang='lat' dir='ltr'><strong>et</strong></span> <span class='ocrx_word' id='word_1_398' title='bbox 815 2680 1021 2717; x_wconf 88' lang='lat' dir='ltr'><strong>sententia</strong></span> <span class='ocrx_word' id='word_1_399' title='bbox 1044 2679 1202 2730; x_wconf 83' lang='lat' dir='ltr'><strong>flagitat</strong></span> <span class='ocrx_word' id='word_1_400' title='bbox 1226 2679 1268 2713; x_wconf 89' lang='lat' dir='ltr'><strong>et</strong></span> <span class='ocrx_word' id='word_1_401' title='bbox 1289 2674 1519 2724; x_wconf 83' lang='lat' dir='ltr'><strong>scripturae</strong></span> 
     </span>
     <span class='ocr_line' id='line_1_45' title="bbox 58 2728 1520 2789; baseline -0.007 -14"><span class='ocrx_word' id='word_1_402' title='bbox 58 2737 335 2789; x_wconf 82' lang='lat' dir='ltr'><strong>discrepantia</strong></span> <span class='ocrx_word' id='word_1_403' title='bbox 383 2737 548 2775; x_wconf 83' lang='lat' dir='ltr'><strong>uidetur</strong></span> <span class='ocrx_word' id='word_1_404' title='bbox 596 2735 818 2773; x_wconf 88' lang='lat' dir='ltr'><strong>admonere</strong></span> <span class='ocrx_word' id='word_1_405' title='bbox 867 2733 1029 2787; x_wconf 88' lang='lat' dir='ltr'><strong>(apud</strong></span> <span class='ocrx_word' id='word_1_406' title='bbox 1070 2733 1190 2773; x_wconf 76' lang='lat' dir='ltr'><strong>sol&#39;e</strong></span> <span class='ocrx_word' id='word_1_407' title='bbox 1231 2728 1341 2783; x_wconf 82' lang='lat' dir='ltr'><strong>sit).</strong></span> <span class='ocrx_word' id='word_1_408' title='bbox 1411 2729 1520 2766; x_wconf 79' lang='lat' dir='ltr'><strong>Uere</strong></span> 
     </span>
     <span class='ocr_line' id='line_1_46' title="bbox 60 2785 1518 2846; baseline -0.005 -16"><span class='ocrx_word' id='word_1_409' title='bbox 60 2795 182 2843; x_wconf 80' lang='lat' dir='ltr'><strong>igitur</strong></span> <span class='ocrx_word' id='word_1_410' title='bbox 211 2793 345 2846; x_wconf 81' lang='lat' dir='ltr'><strong>apud</strong></span> <span class='ocrx_word' id='word_1_411' title='bbox 380 2794 636 2832; x_wconf 84' lang='lat' dir='ltr'><strong>Solenses</strong></span> <span class='ocrx_word' id='word_1_412' title='bbox 669 2792 694 2830; x_wconf 82' lang='lat' dir='ltr'><strong>i.</strong></span> <span class='ocrx_word' id='word_1_413' title='bbox 728 2804 758 2829; x_wconf 92' lang='lat' dir='ltr'><strong>e.</strong></span> <span class='ocrx_word' id='word_1_414' title='bbox 794 2793 841 2828; x_wconf 87' lang='lat' dir='ltr'><strong>in</strong></span> <span class='ocrx_word' id='word_1_415' title='bbox 877 2790 1326 2830; x_wconf 85' lang='lat' dir='ltr'><strong>urbeSolensium</strong></span> <span class='ocrx_word' id='word_1_416' title='bbox 1360 2785 1518 2836; x_wconf 86' lang='lat' dir='ltr'><strong>pridem</strong></span> 
     </span>
    </p>
   </div>
   <div class='ocr_carea' id='block_1_3' title="bbox 1224 2857 1304 2893">
    <p class='ocr_par' dir='ltr' id='par_1_6' title="bbox 1224 2857 1304 2893">
     <span class='ocr_line' id='line_1_47' title="bbox 1224 2857 1304 2893; baseline -0.025 0"><span class='ocrx_word' id='word_1_417' title='bbox 1224 2857 1304 2893; x_wconf 55' lang='lat' dir='ltr'><strong>lssi&#39;f‘</strong></span> 
     </span>
    </p>
   </div>
  </div>
 </body>
</html>
