1781 3192
455 185 614 224 LmEu
646 184 903 225 TER‘HUS.
955 182 1058 223 Gar.
1090 181 1198 222 XIX.
1469 181 1561 220 325

99 299 197 337 Dau.
231 299 330 336 Eru.
366 298 507 349 Wagn.
539 297 708 336 Mosero
739 295 998 335 tribuendum
1033 307 1142 345 esse,
1173 307 1292 346 quam
1316 292 1430 332 Caii
1465 306 1555 331 cum

96 355 195 394 Uict
256 355 404 406 Steph.
449 355 559 394 Man.
599 354 727 393 Goer.
774 353 868 390 Scin.
920 353 1044 391 Bakio
1089 350 1322 390 luculenter
1364 349 1558 397 mendum

96 411 280 450 ostendit
309 411 431 451 codd.
466 411 706 449 meliorum:
736 409 882 448 ΒΙΩΝ.
942 407 1085 447 Paullo
1121 412 1214 446 ante
1248 409 1389 458 inepte
1409 405 1555 444 Bakius

97 467 198 505 edit.
261 467 408 505 venet.
442 468 740 505 correctionem
772 468 990 516 probauit:
1031 466 1232 504 actoris
1264 464 1415 502 iubet
1441 474 1560 500 esse

95 521 354 572 fraudem,
386 523 435 561 id
469 530 631 561 totum
669 522 887 560 dicitur.

210 591 354 628 quem
389 577 730 628 consecutus]
792 579 971 616 Primum
1003 591 1084 616 non
1117 577 1353 615 necessaria
1381 579 1443 612 est
1468 588 1559 612 cor-

94 635 223 672 rectio
264 648 433 685 quam,
487 649 588 686 quae
627 636 667 673 in
708 640 808 673 uett.
853 634 1090 685 quibusdam
1133 633 1252 671 editt.
1294 634 1476 681 itemque
1518 633 1557 668 in

94 691 208 730 Man.
252 697 294 729 et
325 692 465 730 Lamb.
507 704 698 742 expressa
732 696 824 740 est,
866 698 909 729 ut
948 691 1025 728 hoc
1067 689 1201 728 simile
1242 690 1296 726 sit
1343 686 1403 725 illi
1454 687 1561 737 apud

96 747 182 785 Cic.
216 747 305 786 cat.
339 747 404 796 ΙΙΙ,
438 747 478 788 6.
516 749 577 788 13.
612 760 738 799 quas
783 748 862 799 (sc.
897 745 1148 798 sententias)
1191 750 1402 784 senatus
1443 744 1560 780 sine

95 801 201 841 ulla
249 805 518 843 uarietate
565 813 643 842 est
692 809 1029 841 consecutus·
1109 802 1268 841 Deinde
1315 801 1463 838 merito
1513 813 1558 836 er

94 858 244 897 mendo
273 859 364 897 cod.
399 860 480 898 Gd.
515 862 555 909 2,
590 862 651 899 cui
684 859 827 912 procul
860 861 981 898 «lubio
1014 860 1260 910 suffragatur
1290 853 1317 895 ὅ
1350 862 1391 894 et
1414 855 1560 893 suffra-

95 916 180 965 gari
212 917 335 953 etiam
370 919 559 967 suspicor
599 916 691 955 cod.
724 917 780 965 Ε,
822 930 938 966 quem
982 916 1126 953 Bakius
1166 915 1333 952 silentio
1374 918 1560 963 praeter-

95 972 221 1020 misit,
251 972 377 1009 Gzius
411 975 708 1011 correctionem
737 974 939 1024 expressit
974 977 1322 1017 consecutus3
1355 982 1444 1006 nam
1472 981 1557 1005 eam

98 1028 228 1065 fuisse
272 1029 310 1065 iu
347 1028 424 1066 vd.
468 1035 509 1067 ct
553 1030 621 1067 Br.
662 1043 742 1067 non
784 1029 925 1066 credo.
993 1027 1154 1065 Placuit
1193 1029 1270 1065 ista
1311 1026 1410 1064 sch.
1452 1025 1559 1062 Mos.

94 1083 267 1133 Orellio,
302 1083 515 1136 displicuit
538 1086 673 1134 Baldo,
709 1087 776 1136 qui
810 1091 1029 1123 secutus
1057 1084 1285 1132 reuocauit,
1317 1093 1558 1131 quamquam

94 1142 184 1192 ipse
226 1153 307 1178 non
350 1143 492 1193 inepte
538 1143 661 1179 scribi
707 1141 807 1179 dicit
845 1146 946 1178 tum
992 1144 1228 1178 secutus.
1290 1138 1354 1174 Cf.
1398 1143 1562 1188 praeter

94 1196 227 1234 locum
264 1210 386 1247 supra
444 1197 650 1235 laudatum
700 1197 788 1234 Cic.
839 1195 892 1233 de
929 1196 979 1233 N.
1024 1196 1071 1232 D.
1115 1194 1150 1244 Ι,
1195 1194 1256 1233 15.
1298 1191 1368 1232 41.
1418 1204 1558 1242 quem

95 1250 422 1304 (Chrysippum)
458 1254 731 1302 Diogenes
765 1251 1096 1302 Babylonius
1136 1261 1469 1299 consequens
1507 1249 1559 1285 in

94 1320 152 1346 eo
193 1306 334 1344 libro
374 1330 429 1335 ——
467 1315 665 1359 partum
709 1309 859 1346 Jouis
903 1330 960 1335 --
1002 1307 1268 1357 disiungit
1306 1318 1328 1342 a
1368 1303 1560 1342 sabula.

94 1364 145 1402 de
180 1364 258 1401 Ofl'-
292 1364 333 1412 l,
367 1363 436 1403 32.
474 1365 566 1405 116.
622 1365 683 1402 ,ln
725 1364 830 1402 dett.
876 1363 1025 1413 codd.‚
1066 1367 1108 1400 ut
1149 1361 1291 1400 multis
1329 1359 1420 1398 aliis
1459 1358 1560 1397 locis

95 1419 288 1458 mendum
323 1418 521 1470 deletum,
565 1433 646 1458 non
688 1425 872 1457 sanatum
916 1426 996 1458 est.
1066 1419 1226 1457 Mutato
1270 1415 1412 1454 ordine
1451 1416 1559 1453 Uict.

96 1476 210 1514 Man.
245 1475 414 1514 Lamb.:
446 1482 663 1514 senatus
697 1481 780 1514 est
811 1481 1042 1514 secutus.
1222 1468 1230 1478 ²

211 1544 320 1569 cum
357 1532 705 1571 decreuisset
737 1546 796 1570 sc.
826 1532 1022 1581 Crassus3
1054 1543 1146 1568 nam
1177 1542 1257 1568 non
1284 1527 1414 1566 solum
1441 1540 1561 1565 sena-

95 1592 188 1637 tus,
230 1587 305 1624 sed
346 1588 491 1639 singuli
537 1592 658 1627 etiam
704 1593 917 1626 senatores
961 1588 1188 1625 decernere
1242 1585 1448 1623 dicuntur.
1496 1584 1559 1622 Cf.

95 1644 181 1682 cie.
215 1643 268 1681 de
299 1644 422 1682 Prou.
457 1658 572 1683 conS.
613 1645 676 1695 11,
711 1645 779 1685 28.
811 1643 1038 1682 relatum
1073 1647 1154 1681 est
1185 1641 1243 1679 ad
1274 1653 1370 1678 nos
1399 1652 1561 1692 nuper

96 1700 159 1738 de
191 1700 472 1751 stipendio
506 1703 810 1750 exercitus3
846 1713 944 1738 non
978 1699 1203 1738 decreui
1236 1695 1428 1744 solum,
1469 1695 1561 1733 sed

95 1758 286 1806 etiam,
320 1761 371 1794 ut
404 1770 493 1795 uos
526 1758 923 1807 decerneretis,
954 1755 1206 1794 laboraui.
1240 1754 1291 1792 ad
1321 1753 1439 1791 Fam.
1471 1752 1560 1801 XV,

93 1811 135 1852 4.
169 1814 234 1853 11.
268 1812 367 1851 ibid.
402 1814 431 1864 Ι,
469 1816 504 1853 1.
537 1814 578 1854 3.

207 1870 499 1922 permouet]
561 1871 884 1908 Permouere
916 1871 960 1906 ut
989 1866 1041 1905 de
1070 1867 1192 1905 rebus
1224 1862 1305 1919 (cf.
1335 1865 1456 1903 Lucr.
1483 1863 1552 1912 Vl,

95 1925 192 1966 726.
233 1939 339 1964 cum
381 1939 519 1964 mare
559 1931 844 1978 permotum
885 1925 1070 1963 uentis
1113 1923 1220 1960 ruit
1259 1923 1407 1959 intus
1448 1933 1559 1957 are-

94 1980 257 2033 nam),
298 1984 354 2019 ita
395 1982 446 2020 de
487 1984 633 2021 animis
679 1983 801 2020 etiam
844 1981 994 2019 dicitur
1030 1990 1283 2031 magnopere
1316 1976 1559 2014 excitandis.

95 2038 161 2077 Cf.
201 2040 286 2076 cic.
331 2037 383 2076 de
423 2040 517 2078 Diu.
551 2040 591 2088 l,
623 2039 693 2079 57.
737 2036 827 2078 129.
869 2035 1001 2088 quod
1039 2037 1255 2075 maxime
1294 2033 1561 2083 contingit

95 2099 178 2133 aut
209 2094 605 2132 dormientibus
637 2099 721 2132 aut
753 2100 929 2132 mente
960 2093 1241 2144 permotis.
1276 2087 1442 2138 Or.38,
1470 2088 1561 2128 131.

94 2151 289 2188 Schuetz.
340 2153 519 2188 coniecit
557 2155 856 2202 promouet,
909 2148 1017 2199 quod
1057 2152 1121 2186 est
1163 2149 1203 2185 in
1242 2146 1334 2185 cod.
1369 2153 1429 2194 α,
1471 2145 1564 2195 quia

95 2206 264 2245 uerbum
306 2209 589 2256 requireretur
634 2205 943 2245 dimittendi
992 2205 1117 2244 uerbo
1167 2202 1432 2241 contrarium.
1510 2201 1565 2238 At

96 2264 163 2312 qui
190 2268 411 2312 permouet
442 2263 659 2301 concilium
692 2262 808 2314 (nam
841 2260 969 2313 quod
998 2274 1117 2312 pron.
1149 2258 1267 2297 relat.
1302 2270 1395 2295 esse
1427 2270 1449 2293 a
1472 2255 1563 2307 ple—

96 2320 236 2367 risque
277 2318 436 2366 pridem
481 2318 737 2356 intellectum
772 2326 859 2367 est,
901 2318 1071 2367 negauit
1111 2328 1217 2354 nunc
1250 2314 1382 2351 denuo
1414 2312 1563 2350 Bakius

98 2375 428 2413 coniunctionem
483 2387 575 2412 esse
625 2370 815 2426 dicens),
865 2374 1044 2411 retineat
1093 2383 1268 2410 necesse
1315 2372 1392 2406 est.
1473 2368 1564 2420 lpse

98 2430 248 2470 Bakius
282 2431 458 2467 coniecit
497 2430 635 2480 quod
677 2432 758 2480 qui
798 2434 1022 2480 perorat
1061 2430 1102 2466 in
1146 2428 1250 2464 hanc
1291 2424 1560 2463 sententiam:

97 2488 198 2537 „qui
222 2488 460 2523 concionem
488 2486 538 2524 ad
565 2488 684 2524 finem
711 2484 949 2537 perducit‘st
1010 2484 1240 2535 VVagnerus
1264 2482 1559 2519 correctionem

98 2544 288 2595 probauit
328 2556 348 2579 a
380 2543 489 2580 Man.
538 2548 743 2593 receptam
791 2545 1101 2592 permanet,
1140 2537 1384 2577 Gebhardus
1428 2536 1565 2588 Pighii

98 2601 375 2637 coniecturam
404 2612 429 2650 p
445 2612 544 2636 erm
559 2612 580 2637 o
595 2604 753 2636 ratur.

213 2655 246 2705 ξ.
280 2654 350 2707 43.
411 2654 739 2705 meminisse]
803 2653 1035 2691 Pronomen
1077 2663 1155 2701 se,
1209 2648 1317 2701 quod
1365 2648 1418 2687 de
1466 2661 1564 2687 con-

99 2709 255 2749 iectura
286 2716 444 2750 tentata
478 2711 547 2749 illa
579 2713 701 2750 etiam
731 2712 772 2748 in
806 2705 840 2753 β
871 2714 914 2747 et
945 2721 979 2761 γ
1010 2709 1149 2747 Lamb.
1185 2707 1307 2746 Goer.
1335 2706 1430 2745 Sch.
1454 2704 1565 2744 Mos.

101 2766 173 2805 Or.
215 2773 310 2819 post
348 2770 662 2809 meminisse
703 2767 1002 2816 restituerunt,
1044 2765 1195 2808 merito
1239 2763 1387 2802 Bakius
1414 2766 1566 2820 ‘exter-

1260 2833 1349 2870 21*
