1781 3192
365 211 523 250 lanian
555 207 855 248 SECUNDUS.
900 206 1000 246 CAP.
1035 205 1161 245 XXV.
1412 201 1499 241 2141

40 327 333 379 interpretibus
379 324 607 376 praecipit,
662 321 759 371 quid
807 318 978 369 intelligi
1036 319 1151 357 uelit.
1230 313 1496 356 Iubentnr

42 384 275 433 Maduigius
313 387 425 419 recte
457 380 505 417 ad
539 381 875 428 interpretes
905 376 1072 425 retulit,
1114 372 1218 412 male
1260 373 1405 411 Bakius
1444 372 1495 410 ad

43 441 306 487 homines,
348 437 388 474 id
428 435 531 486 quod
573 435 660 472 lieri
701 446 780 470 non
821 438 959 484 potest
1008 433 1235 482 praemisso
1283 431 1495 480 utriusque

46 496 278 535 sententiae
302 495 485 530 =subiecto
509 491 723 529 communi.
788 491 914 526 lteete
940 489 1104 526 Madua
1137 486 1258 537 „Etsi
1283 487 1332 524 ad
1355 495 1496 523 omnes

45 552 111 591 lex
142 550 389 602 pertinebat,
421 554 574 597 tamen,
608 548 698 596 quia
730 546 857 584 ceteri
891 545 1085 582 nominati
1118 557 1196 581 non
1229 549 1367 591 erant,
1402 555 1495 579 uer·

47 611 139 647 bum
172 605 315 643 retulit
346 605 394 642 ad
428 606 692 655 interpreteS,
720 604 783 652 qul
816 603 893 653 ipsi
920 601 1060 639 eadem
1088 599 1182 651 lege
1205 598 1496 637 te11ebantur“.

160 661 191 711 ξ.
225 661 293 701 63.
355 674 462 698 nam
489 667 537 697 et
560 658 803 708 Athenis]
851 659 949 696 Cum
976 671 997 695 a
1021 657 1335 708 sapientissimis
1361 654 1497 700 legum

45 718 312 768 scriptoribus
343 718 443 754 haec
474 715 658 766 neglecta
690 728 768 752 non
802 727 894 752 esse
927 713 1211 751 demonstrare
1244 712 1495 762 propositum

46 778 173 823 esset,
209 779 252 811 ut
283 779 393 810 reeta
423 774 485 810 nia
517 773 645 809 oratio
676 770 936 823 procederet,
976 772 1015 807 in
1056 771 1164 807 hunc
1207 768 1297 805 fere
1334 766 1498 804 modum

44 843 132 867 eam
175 830 420 867 conformari
459 829 660 879 oportuit:
692 829 823 877 „Nam
858 840 946 864 cum
990 827 1189 874 Athenis,
1230 828 1499 876 posteaquam

46 884 284 936 sepulturae
316 886 555 936 simplicitas
588 884 654 921 diu
688 885 940 935 permansit,
980 888 1189 920 sumtuosa
1232 882 1319 918 lieri
1359 881 1506 918 funera

45 943 302 992 coepissent,
344 947 386 978 et
417 940 577 979 Solonis
609 939 701 990 lege
732 953 779 978 ea
808 946 901 977 sunt
934 938 1091 976 sublata
1132 944 1174 976 et
1202 943 1371 987 postea,
1413 946 1502 973 cum

46 997 323 1049 sepulcrorum
357 997 650 1048 amplitudines
682 998 959 1044 exstitissent,
992 1002 1174 1032 sanctum
1210 1000 1298 1042 est,
1332 1004 1383 1030 ne
1416 992 1504 1041 quis

46 1054 280 1105 sepulcrum
306 1054 464 1091 faceret
482 1055 708 1102 operosius,
728 1065 842 1102 quam
865 1051 973 1101 quod
991 1051 1135 1088 decem
1154 1051 1341 1087 homines
1360 1048 1507 1085 effice-

45 1114 140 1148 rent
161 1110 345 1149 triduo“.
399 1110 484 1146 Nec
501 1115 636 1146 tamen
658 1114 769 1145 reeta
791 1109 855 1144 uia
873 1119 921 1144 eo
942 1106 1076 1144 tendit
1096 1107 1242 1154 oratio,
1277 1117 1353 1154 quo
1374 1103 1505 1140 debe-—

49 1168 140 1214 bnt;
192 1179 237 1204 ac
286 1166 423 1217 potius
458 1164 617 1214 longius
658 1176 743 1201 rem
787 1161 946 1200 Tullius
986 1162 1142 1213 repetit
1181 1162 1350 1210 eiusque
1390 1160 1507 1210 quasi

48 1223 263 1260 historiam
305 1221 578 1272 persequitur.
651 1220 798 1256 Uerbis
836 1219 962 1268 igitur
999 1230 1106 1255 nam
1131 1221 1180 1254 et
1204 1216 1421 1254 Athenis
1453 1233 1508 1243 -a

47 1277 290 1316 humandi
321 1275 566 1327 simpliciter
586 1275 783 1313 humandi
809 1287 896 1312 mos
920 1274 1184 1323 describitur,
1212 1274 1275 1323 qui
1296 1278 1339 1310 ut
1358 1273 1511 1309 Romae

48 1331 163 1388 (nam
196 1333 246 1372 ad
277 1333 317 1371 id
349 1337 509 1383 spectat
537 1330 739 1384 particula
772 1327 860 1383 et),
890 1332 947 1367 ita
977 1330 1149 1368 Athenis
1181 1330 1304 1367 etiam
1337 1328 1435 1366 inde
1463 1328 1511 1365 ab

52 1389 344 1440 antiquissimis
382 1390 637 1438 temporibus
679 1387 963 1438 permanserit.
1034 1387 1175 1436 inepte
1221 1384 1346 1435 igitur
1378 1385 1511 1422 Gzius

53 1447 225 1492 ocius,
260 1443 368 1494 quod
398 1444 507 1481 idem
541 1444 636 1483 Sch.
669 1443 774 1482 Mos.
808 1444 879 1480 Or.
925 1445 1239 1493 expresserunt,
1280 1440 1425 1478 retulit
1462 1438 1513 1476 ad

54 1501 366 1539 Atheniensium
411 1499 751 1537 consuetudinem
792 1501 974 1535 mortuos
1020 1498 1144 1535 tertio
1183 1498 1261 1534 iam
1303 1496 1371 1534 die
1411 1496 1514 1533 effe-

58 1556 195 1605 rendi,
215 1569 316 1595 .cnm
350 1561 494 1593 octauo
527 1556 690 1593 demum
730 1554 797 1591 die
838 1555 991 1591 Romae
1031 1554 1293 1592 efferrentur.
1354 1551 1514 1602 Mendi,

55 1614 163 1662 quod
191 1615 228 1650 in
254 1612 343 1650 cod.
377 1612 486 1649 arch.
518 1612 594 1649 suit
625 1610 738 1657 (hoc
770 1611 882 1659 ius),
915 1608 1091 1648 tollendi
1123 1610 1229 1646 ratio
1261 1608 1514 1659 duplex‘est.

53 1667 114 1705 Ex
155 1680 232 1718 quo
275 1674 341 1705 aut
377 1669 579 1704 obiectum
630 1666 730 1704 licet
780 1665 934 1703 elicere
984 1671 1053 1703 aut
1103 1666 1358 1713 subiectum,
1409 1663 1517 1714 quod

54 1725 182 1776 priori
222 1725 387 1762 moris
419 1725 572 1760 nomini
605 1735 775 1773 aequum
800 1727 988 1772 ponatur.
1049 1722 1204 1758 Neutra
1227 1723 1293 1771 qui
1317 1722 1378 1758 usi
1405 1724 1515 1770 sunt,

56 1793 77 1817 a
116 1787 229 1819 recta
272 1781 335 1818 uia
376 1780 653 1828 deflexerunt,
696 1784 740 1816 ut
776 1779 993 1816 Turnebus
1031 1779 1146 1823 (iam
1180 1776 1279 1814 illo
1319 1790 1462 1814 more
1496 1790 1519 1814 a

56 1836 309 1888 Cecrope,
343 1843 396 1873 ut
428 1837 587 1885 aiunt,-
621 1835 912 1886 permansit
942 1834 1034 1872 hoc
1065 1834 1144 1870 ius
1176 1838 1319 1870 terra
1352 1833 1516 1881 hum),

57 1893 273 1931 Roeuerus
307 1905 369 1943 ap.
404 1891 600 1930 Uale-ken.
634 1891 683 1929 ad
710 1893 838 1930 Amm.
872 1903 912 1941 p.
947 1889 986 1929 7.
1027 1891 1138 1937 (iam
1168 1888 1287 1926 olim
1321 1901 1462 1926 more
1496 1901 1518 1925 a

58 1949 318 2001 Cecrope,
363 1955 416 1987 ut
448 1950 594 1985 aiunt
629 1952 753 1996 cet.),
788 1947 1013 1996 Wagnerus
1045 1950 1165 1989 (nam
1200 1946 1432 1983 Athenis
1466 1949 1520 1982 et

57 2001 342 2063 Ἰάλεμος
389 2030 407 2052 a
441 2014 708 2066 Cecrope,
739 2020 790 2051 ut
822 2015 986 2064 aiunt,
1018 2013 1312 2064 permansit
1345 2016 1395 2050 et
1426 2013 1520 2049 hoc

54 2076 171 2120 ius).
237 2069 351 2110 lllam
384 2073 582 2108 rationem
608 2072 789 2107 inierunt
811 2070 1045 2120 Stephanus
1074 2075 1304 2120 (perman
1322 2069 1390 2106 sit
1409 2081 1521 2106 cor-

57 2142 153 2182 pus
186 2134 332 2167 terra
363 2128 529 2176 hum.),
562 2128 712 2164 Lbinns
744 2128 1000 2176 (corporis
1034 2130 1064 2163 t.
1097 2126 1155 2171 h.)
1189 2125 1376 2162 Dauisius
1411 2130 1521 2171 (nos

60 2197 222 2237 usque
254 2191 284 2223 t.
317 2185 409 2234 h.),
442 2184 589 2221 Bakius
622 2187 762 2229 (ossa
796 2187 824 2219 t.
857 2182 936 2227 h.),
1007 2181 1091 2219 Sed
1129 2191 1206 2218 nec
1245 2193 1418 2218 necesse
1460 2184 1525 2218 est

0 2270 1 2291 3
61 2241 312 2281 humandi
349 2241 474 2278 uerbo
515 2240 678 2289 adiungi
718 2239 1019 2287 accusatiuum,
1070 2237 1113 2275 id
1158 2236 1264 2287 quod
1313 2237 1522 2287 Maduigio

67 2298 201 2333 uisum
232 2303 298 2333 est
325 2298 366 2332 in
399 2308 533 2346 progr.
565 2308 603 2346 p.
638 2294 725 2344 26„
757 2307 833 2331 nec
865 2294 1003 2332 mendi
1033 2295 1090 2332 ita
1115 2296 1213 2331 satis
1236 2292 1349 2343 origo
1373 2292 1523 2331 elucet.

67 2348 215 2402 ltaque
248 2351 414 2388 alteram
449 2364 523 2400 ego
553 2354 753 2388 rationem
783 2362 831 2386 eo
860 2352 989 2400 magis
1013 2349 1254 2402 amplector,
1289 2352 1377 2400 quia
1403 2350 1525 2387 uerba

67 2413 215 2445 terra
244 2407 387 2444 huma
403 2420 424 2443 n
445 2406 490 2443 di
517 2406 721 2456 aliquanto
740 2406 901 2455 longius
919 2406 1114 2444 uidentur
1133 2420 1154 2444 a
1177 2419 1214 2443 m
1230 2408 1305 2443 ori
1321 2420 1338 2444 s
1360 2407 1528 2444 nomine

67 2469 228 2502 remota
260 2476 364 2503 esse.
426 2464 595 2501 Minima
626 2464 750 2513 igitur
779 2464 1004 2501 mutatione
1034 2464 1143 2502 facta
1169 2464 1313 2513 scripsi
1344 2476 1397 2501 ac
1426 2464 1474 2501 iu
1489 2475 1524 2510 s,

67 2525 114 2558 ut
147 2533 227 2559 non
261 2519 391 2557 solum
423 2521 464 2557 in
497 2531 626 2569 more,
659 2518 732 2556 sed
763 2520 886 2556 etiam
914 2520 954 2557 in
987 2521 1076 2558 iure
1112 2519 1155 2557 id
1186 2521 1362 2570 positum
1397 2519 1528 2557 fuisse

69 2577 246 2616 dicatur.
330 2576 582 2627 lutei-pretor
626 2576 748 2626 igitur
785 2575 892 2613 Sitte
939 2576 1021 2614 und
1070 2576 1395 2628 Verptiichtung.
1463 2575 1526 2614 (Tf.

69 2647 177 2685 quae
209 2633 289 2671 dixi
324 2629 378 2673 ll.
412 2635 442 2684 ἦ.
477 2633 542 2673 55.
576 2629 663 2681 lll,
695 2631 764 2671 20.
804 2629 873 2670 48.
911 2632 1252 2683 ignoratione
1290 2633 1413 2670 iuris
1453 2632 1529 2669 sui

66 2692 95 2731 i.
132 2703 167 2730 e.
199 2691 396 2739 muneris,
429 2691 570 2735 officii,
601 2694 641 2726 ut
663 2693 775 2726 recte
796 2687 922 2728 Turn.
952 2689 1260 2742 interpretatur.
1321 2686 1531 2726 Particula

69 2754 148 2796 et,
174 2759 274 2796 quae
299 2746 463 2784 Mosero
487 2744 660 2783 molesta
683 2746 777 2792 suit,
812 2751 855 2782 ut
877 2747 1101 2784 coniiceret
1130 2758 1346 2795 namque
1375 2745 1530 2781 etiam

67 2803 337 2853 Athenis,
388 2805 572 2856 pertinet
624 2801 673 2839 ad
712 2801 881 2839 alteram
923 2805 1132 2841 notionem
1173 2803 1388 2852 Romae,
1431 2811 1534 2851 quae

1257 2873 1308 2916 1,ss
