1781 3192
386 179 545 219 Limen
577 180 880 220 SECUNDUS.
932 182 1033 219 Uar.
1072 181 1156 221 XX.
1415 181 1501 219 215

45 299 250 348 receptam
282 297 498 346 probarunt
527 295 643 332 Beier
671 292 721 329 ad
755 293 833 329 Off.
871 290 898 332 l.
933 307 971 343 p.
999 294 1090 332 ¹25.
1118 292 1223 331 Mos.
1247 294 1315 333 Or.
1335 293 1500 338 Bakius,

43 353 204 391 etiamsi
247 351 349 389 fides
390 365 467 389 non
510 348 695 388 habenda
736 350 789 385 sit
817 350 920 386 Gzio
963 351 1001 386 in
1045 351 1160 387 Cass.
1195 354 1237 388 et
1272 349 1348 390 Vd.
1381 363 1428 388 se
1458 351 1501 387 id

42 410 248 461 reperisse
287 408 450 447 dicenti.
516 408 614 445 Dan.
655 406 834 443 coniecit
880 413 931 442 ut
969 407 1008 443 si
1043 408 1088 443 ei
1121 420 1143 456 q
1160 407 1231 455 ui,
1275 406 1499 457 Wagnerus

44 471 88 503 et
115 464 286 503 Rathius
319 466 407 502 sine
440 476 559 502 causa
599 462 758 512 longius
791 475 811 498 a
844 461 966 499 codd.
1010 463 1195 512 uestigiis
1235 462 1499 502 discedentes

44 519 384 561 commendarunt
418 526 469 557 ut
500 521 539 558 si
572 520 707 569 quiS.
767 518 867 554 Nam
902 519 940 555 si
983 520 1067 569 qui
1111 525 1225 557 recte
1266 519 1346 558 dici
1385 523 1500 557 extra

43 576 362 616 controuersiam
395 580 473 614 est.
535 576 599 615 cf.
638 573 791 612 Jordan
833 587 906 625 pro
947 575 1066 614 Caec.
1108 588 1149 626 p.
1194 575 1271 616 155
1316 580 1358 613 et
1398 589 1500 626 quos

41 632 110 670 ille
132 630 278 669 laudat
318 631 443 682 Seyff.
484 631 534 669 ad
573 629 686 669 Lael.
727 643 768 681 p.
809 630 882 670 163
922 637 963 668 et
1002 632 1197 669 llaasium
1240 631 1289 669 ad
1329 633 1500 684 Reisigii

43 685 175 726 schol.
208 693 420 737 grammat.
454 701 492 738 p.
525 686 620 728 343.
679 687 900 737 Utriusque
932 692 1066 726 autem
1107 690 1360 738 pronominis
1399 691 1498 738 (qui

41 749 83 781 et
123 745 253 793 quis)
295 743 516 781 discrimen
558 747 598 781 in
640 743 718 781 hoc
758 744 858 781 mihi
899 746 1003 782 uerti
1044 744 1220 784 uidetur.
1290 745 1343 784 Si
1385 747 1498 795 quis

39 803 172 846 (wenn
199 803 297 846 wer)
329 801 457 849 magis
483 799 531 837 ad
564 800 771 837 hominem
807 805 980 850 spectat,
1010 804 1053 837 ut
1082 802 1139 839 ita
1170 800 1316 851 dicam,
1346 801 1499 839 indiui-

37 855 177 904 duum,
209 856 251 893 si
281 857 364 906 qui
400 860 535 903 (wenn
569 858 701 902 einer)
734 855 784 893 ad
815 856 1069 894 indefinitam
1101 858 1281 895 hominis
1323 856 1498 909 qualita-

37 915 137 961 tem,
170 915 214 949 ut
245 911 296 949 ad
329 911 718 963 contemplationem
762 912 939 963 aliquid,
982 912 1033 950 ad
1072 915 1321 952 sententiam
1363 927 1498 966 paene

35 966 138 1006 nihil
170 969 376 1006 interesse
408 969 607 1008 uideatur.

146 1035 374 1086 proinde
403 1049 481 1073 non
515 1037 570 1074 ita
603 1050 694 1073 raro
727 1036 831 1088 apud
863 1036 1102 1073 Ciceronem
1138 1038 1217 1074 uim
1257 1038 1384 1076 habet
1422 1037 1497 1076 ad-

35 1092 177 1130 uerbio
213 1091 442 1143 perinde
479 1091 742 1131 simillimam.
789 1092 854 1129 Cf.
897 1093 979 1129 Cic.
1022 1092 1072 1129 ad
1113 1093 1196 1131 Att.
1238 1094 1316 1143 lll,
1359 1093 1422 1134 13.
1462 1095 1496 1134 1,

34 1146 161 1186 Orell.
193 1147 242 1186 ad
275 1147 419 1187 Milon.
454 1148 668 1186 Garatonii
701 1162 741 1199 p.
775 1148 842 1188 58.
878 1147 998 1185 Klotz
1040 1148 1090 1186 ad
1129 1149 1255 1187 Taso.
1299 1150 1349 1200 V,
1381 1150 1422 1189 2.
1455 1149 1495 1190 6.

34 1205 202 1256 Zumpt.
243 1203 292 1241 ad
336 1205 451 1245 Verr.
485 1201 520 1254 l,
553 1203 623 1245 38.
655 1204 725 1244 89.
766 1204 921 1243 walch.
961 1204 1198 1243 Emendatt.
1231 1205 1323 1244 Liu.
1353 1219 1397 1259 p.
1425 1205 1495 1246 31.

34 1260 140 1299 Uict.
173 1261 319 1313 Steph.
351 1261 453 1300 ΕΠ).
487 1261 712 1312 Wagnerus
742 1260 979 1312 perinde.

146 1341 273 1385 XX.
333 1339 633 1391 descripta]
706 1339 821 1378 Ilaec
870 1339 1010 1378 mendi
1052 1338 1350 1391 descriptas
1401 1353 1495 1378 cor-

34 1397 166 1434 rectio
208 1409 297 1434 cum
342 1395 551 1447 plerisque
590 1396 688 1433 mihi
732 1398 817 1433 uisa
858 1400 921 1434 est
957 1395 1231 1448 probabilior,
1271 1408 1388 1446 quam
1417 1399 1494 1447 ca,

36 1465 154 1501 quam
184 1456 381 1490 tentatam
417 1454 456 1489 in
487 1452 603 1490 codd.
635 1451 736 1489 dett.
770 1457 1017 1503 receperunt
1056 1453 1165 1490 Uict.
1209 1452 1350 1490 Lamb.
1393 1452 1492 1493 Dau.

34 1507 159 1546 Rath.
220 1508 381 1560 Quippe
412 1508 541 1546 incisa
574 1507 773 1545 eiusmodi
804 1510 933 1547 oratio
964 1510 1096 1547 minus
1131 1507 1296 1547 uidetur
1324 1509 1494 1547 Cicero-

34 1565 98 1602 nis
128 1563 415 1603 consuetudini
445 1565 680 1602 conuenire.

147 1644 321 1681 tribus
352 1641 542 1693 modis]
603 1642 820 1681 Sententia
845 1643 990 1681 horum
1022 1644 1238 1682 uerborum
1269 1644 1372 1683 haec
1404 1649 1494 1682 est:

34 1698 168 1737 Sacris
199 1699 512 1749 adstringuntur
543 1711 592 1737 ex
620 1700 879 1750 antiquorum
920 1702 1152 1750 praeceptis
1193 1705 1261 1739 aut
1298 1700 1493 1750 heredes,

32 1757 61 1793 i.
95 1767 133 1792 e.
168 1756 212 1804 ii,
253 1754 303 1792 ad
344 1768 443 1806 quos
485 1756 573 1793 iure
615 1754 726 1794 ciuili
767 1757 880 1805 eius,
919 1758 986 1806 qui
1027 1762 1210 1794 mortuus
1248 1762 1338 1807 est,
1389 1759 1494 1796 bona

34 1812 330 1862 peruenerint,
362 1816 430 1849 aut
461 1812 497 1849 si
530 1811 741 1850 hereditas
771 1825 851 1850 non
883 1813 972 1850 iure
1003 1812 1115 1850 ciuili
1147 1812 1307 1863 aditur,
1339 1814 1392 1864 ii,
1426 1814 1494 1863 qui

34 1868 124 1905 iure
154 1868 362 1918 praetorio
393 1868 588 1905 maiorem
620 1869 820 1919 pecuniae
850 1872 1009 1919 partem
1041 1871 1252 1919 ceperint,
1294 1869 1357 1917 (id
1387 1868 1495 1920 quod

35 1921 173 1974 paullo
212 1927 307 1961 ante
338 1922 442 1961 dixit
471 1935 767 1974 usucapere
798 1923 1072 1975 plurimum
1114 1925 1493 1976 possidendo),

36 1983 106 2016 aut
134 1980 181 2029 ii,
214 1980 360 2030 quibus
387 1980 518 2017 maior
546 1992 641 2031 pars
671 1982 872 2031 pecuniae
909 1979 1045 2031 legata
1084 1986 1173 2030 est,
1213 1982 1376 2020 etiamsi
1412 1994 1493 2019 non

35 2047 224 2085 omnem,
266 2035 341 2072 sed
378 2041 536 2086 partem
578 2040 735 2074 tantum
784 2038 986 2087 ceperint.
1026 2037 1086 2075 Cf.
1125 2038 1213 2087 Dig.
1256 2037 1308 2077 de
1344 2037 1493 2088 legatis

34 2090 177 2131 XXXI.
210 2091 276 2129 tit.
306 2087 336 2129 I.
376 2090 402 2130 l.
437 2090 475 2130 2.
507 2104 540 2130 c.
574 2090 644 2132 58.
694 2093 850 2131 sicui
888 2105 973 2131 res
1009 2092 1194 2143 legata
1231 2094 1399 2133 fuerit
1446 2098 1495 2132 et

33 2142 247 2185 omnino
285 2145 468 2197 aliqua
507 2158 564 2184 ex
604 2152 758 2199 parte
797 2147 1039 2187 uoluerit
1070 2161 1202 2187 suam
1235 2162 1378 2200 esse,
1417 2155 1494 2188 to-

32 2207 131 2241 tam
161 2204 412 2253 acquirit.
472 2201 585 2241 Male
617 2204 743 2243 Goer.
784 2209 826 2243 et
857 2205 965 2243 Mos.
996 2206 1120 2244 uerba
1151 2210 1238 2243 aut
1268 2208 1312 2244 si
1342 2208 1493 2244 maio-

32 2272 134 2298 rem
173 2263 374 2311 partem
414 2262 677 2311 pecuniae
717 2264 894 2313 capiat
931 2261 982 2300 ad
1010 2261 1252 2314 legatarium
1283 2264 1494 2314 pertinere

37 2316 336 2354 existimarunt.
395 2316 530 2365 Atque
569 2316 744 2367 Bakius,
781 2320 846 2368 qui
891 2323 933 2356 et
969 2320 1060 2370 ipse
1101 2317 1246 2357 eadem
1288 2321 1411 2358 uerba
1443 2318 1493 2357 ad

36 2371 280 2423 legatarium
320 2376 509 2424 spectare
550 2374 802 2412 existimauit
841 2387 977 2425 neque
1014 2374 1080 2426 id,
1120 2374 1228 2425 quod
1268 2375 1493 2425 antecedit,

32 2428 341 2466 hereditate
370 2428 427 2465 ita
458 2427 539 2466 dici
571 2428 793 2480 intellexit,
826 2435 869 2469 ut
889 2429 1015 2482 legati
1035 2432 1214 2470 nondum
1235 2434 1340 2471 ratio
1367 2432 1494 2470 habe-

36 2488 177 2535 retur,
212 2496 429 2536 perperam
459 2484 701 2535 particulam
736 2492 818 2525 aut
854 2493 948 2538 post
985 2487 1297 2527 hereditate
1336 2487 1494 2527 tollen-

35 2539 128 2579 dum
152 2553 247 2579 esse
276 2541 572 2592 pronuntiauit.
634 2542 795 2581 Deinde
825 2543 935 2582 idem
964 2557 1164 2596 peruerse
1188 2550 1231 2584 et
1249 2544 1493 2596 particulam

34 2601 118 2635 aut
155 2601 251 2649 post
289 2596 471 2648 legata
514 2601 599 2635 est
639 2612 730 2637 cum
762 2600 874 2639 Uict.
914 2606 957 2639 et
988 2601 1116 2640 Lbino
1150 2614 1199 2640 ex
1231 2600 1336 2641 dett.
1368 2600 1492 2640 codd.

33 2655 193 2706 recepit
224 2657 268 2692 et
297 2666 372 2705 pro
402 2652 588 2704 legata
620 2660 704 2694 est
735 2657 911 2695 coniecit
938 2655 1121 2709 legata
1142 2659 1213 2696 sit
1244 2662 1287 2697 et
1313 2658 1493 2709 denique

34 2721 108 2760 pro
140 2710 421 2762 quippiam,
455 2710 562 2761 quod
593 2716 657 2749 est
688 2713 729 2750 in
769 2712 860 2754 cod.
891 2735 913 2754 α
942 2715 1207 2766 quispiam
1244 2715 1302 2753 ita
1341 2716 1492 2766 proba-

39 2765 116 2816 uit,
146 2769 192 2805 ut
222 2765 469 2806 audiendum
501 2779 594 2806 esse
633 2768 790 2808 diceret
831 2782 880 2808 ex
919 2772 1201 2822 superioribus
1240 2773 1490 2817 maiorem
