1781 3192
434 212 593 251 numu
629 210 782 249 Pium(
807 210 848 251 S.
904 210 1004 251 Cn.
1040 211 1158 250 xxu.
1445 206 1526 243 109

64 328 235 364 actionis
276 324 595 362 declarationem
639 325 677 361 in
711 326 876 360 aum-xis
912 324 1134 360 sententiis
1167 323 1225 360 sic
1258 322 1379 359 tertia
1413 320 1525 356 uerbi

65 396 242 434 persona
292 386 535 433 usurpatur,
584 385 625 418 ut
667 380 864 429 aliquis
905 380 1094 417 audiatur
1135 376 1247 430 (Cic.
1289 378 1340 415 de
1382 378 1454 413 ()r.
1497 375 1528 422 Ι,

62 443 102 480 b.
139 439 206 479 30.
241 450 410 488 neque
435 437 552 474 milii
579 437 858 487 quicquam
884 434 1275 488 praestabilius
1300 433 1529 479 uidetur,

65 509 210 547 quam
246 506 407 545 posse
438 499 627 530 tenere
658 497 841 530 coetus
883 494 1168 541 hominum,
1211 495 1415 529 mentes
1462 485 1529 524 al·

64 553 253 598 licere,
286 547 598 587 uoluntates
631 548 944 601 impellere,
976 562 1069 599 quo
1105 547 1254 586 uelit.
1293 547 1355 586 (js.
1380 542 1529 594 wopk.

68 609 201 646 Lectt.
234 604 347 642 Tull.
380 619 420 656 p.
455 606 494 644 2.
529 606 659 644 Beier.
691 606 738 643 ad
773 605 853 642 (ΗΓ.
898 618 935 656 p.
969 606 1065 644 2:35.
1110 618 1153 655 p.
1187 603 1252 644 76.
1296 601 1436 653 Spald.
1481 597 1532 635 ad

66 664 206 712 Quint.
240 657 297 710 ll,
336 661 398 700 15.
438 662 500 701 1¹2.
534 661 585 710 V,
626 661 687 701 ll.
720 661 784 701 21.
818 661 969 699 ochsn.
1006 661 1051 698 ad
1087 661 1167 699 (Jic.
1204 658 1284 698 ΕΛ.
1317 672 1355 710 p.
1392 653 1532 707 142)2

67 720 126 756 sic
165 719 288 755 etiam
331 716 474 754 eadem
518 719 556 755 in
593 730 712 755 causa
752 730 852 768 pron
910 719 1021 767 ipse
1063 716 1113 754 ad
1154 718 1313 754 tertiam
1359 712 1531 763 aliquam

67 787 284 826 personam
338 779 431 810 ante
484 786 563 811 non
615 774 824 811 delinitam
879 774 1059 811 refertur
1109 785 1280 822 eamque
1329 770 1396 808 alii
1446 768 1534 805 siue

68 831 220 868 homini
254 831 340 866 siue
372 831 432 866 rei
465 831 649 880 opponit,
685 835 728 868 ut
761 831 814 867 sit
846 831 927 868 ein
948 842 1003 867 er
1035 827 1211 866 selbst
1251 827 1315 865 Cf.
1349 826 1401 863 de
1435 825 1534 873 Leg.

70 887 117 936 ΙΙ,
150 886 220 926 22.
251 885 320 926 55.
354 890 405 923 ut
448 898 611 935 neque
653 887 827 937 ipsius
868 898 1038 935 neque
1077 884 1327 936 publicae
1368 882 1536 919 seriae

70 944 186 982 sint.
223 944 336 981 Brut.
362 941 430 991 57,
457 940 552 981 209.
587 955 695 980 cum
730 947 896 980 autem
932 941 1180 979 difficile
1211 943 1284 978 sit
1309 942 1358 977 in
1383 938 1539 985 longa

69 1000 315 1037 oratione
364 1010 461 1035 non
515 996 803 1048 aliquando
853 998 1054 1048 aliquid
1105 999 1175 1035 ita
1229 997 1436 1043 dicere,
1489 996 1540 1030 ut

71 1056 169 1092 sibi
215 1056 335 1104 ipse
380 1066 475 1091 non
516 1055 822 1091 conueniat.
875 1055 999 1092 Tusc.
1036 1054 1104 1103 lx‘,
1136 1053 1276 1093 8.18.
1320 1064 1392 1103 pro
1424 1047 1539 1087 Balb.

73 1111 110 1160 1,
143 1110 184 1149 2.
245 1109 404 1146 Eodem
439 1108 560 1146 modo
592 1122 817 1159 pronomen
850 1110 985 1146 rellex.
1018 1109 1224 1147 interdum
1259 1108 1308 1146 ad
1339 1107 1538 1143 latentem

69 1166 228 1218 agentis
250 1177 468 1217 personam
493 1164 644 1202 referri
669 1165 805 1202 Madu.
833 1165 1124 1203 animaduertit
1147 1165 1199 1203 de
1216 1166 1309 1203 Fin.
1331 1160 1366 1213 I,
1384 1162 1453 1202 20.
1469 1159 1538 1200 67.

185 1256 243 1281 an
286 1243 540 1294 umquam]
609 1242 806 1281 Codicum
861 1245 1147 1281 auctoritatem
1191 1248 1355 1281 secutus
1393 1239 1541 1290 scripsi

71 1313 314 1350 umquam.
373 1300 516 1338 Lamb.
549 1300 589 1337 in
623 1299 727 1338 edit.
772 1298 896 1340 1584.
939 1301 1041 1338 Dan.
1083 1300 1183 1338 ΕΓΗ.
1224 1299 1372 1349 VVagn.
1415 1297 1539 1335 Goer.

73 1357 173 1396 Sch.
212 1368 511 1406 numquam,
562 1355 757 1406 idemque
797 1355 924 1394 Bakio
965 1355 1143 1408 placuit,
1196 1357 1261 1407 qui
1303 1354 1347 1393 id
1386 1352 1451 1392 uel
1492 1363 1541 1389 ex

76 1412 169 1451 cod.
207 1412 241 1450 A
279 1411 560 1463 recipiendum
599 1412 732 1450 fuisse
782 1412 895 1452 dicit.
963 1414 1014 1451 At
1060 1411 1171 1451 nulla
1216 1413 1338 1450 istius
1386 1409 1539 1448 codicis

73 1469 292 1506 auctoritas
325 1472 405 1517 est,
438 1468 471 1505 si
507 1482 528 1505 a
555 1465 726 1518 reliquis
759 1467 998 1506 melioribus
1039 1468 1234 1507 discedit.
1296 1468 1338 1505 Si
1376 1464 1539 1517 quidem

74 1522 357 1574 recipiendum
399 1528 477 1572 est,
520 1523 572 1560 de
600 1525 834 1562 coniectura
875 1525 917 1563 id
957 1526 1047 1563 fieri
1086 1537 1258 1562 necesse
1298 1529 1382 1571 est3
1425 1534 1542 1573 quam

75 1594 123 1618 eo
164 1581 294 1617 minus
334 1592 408 1629 ego
437 1579 479 1618 11.
511 1578 540 1617 l.
584 1581 920 1631 improbauerim,
957 1594 1034 1631 quo
1076 1583 1204 1631 magis
1245 1580 1543 1618 dubitationem

79 1637 216 1675 uerbis
248 1635 383 1673 haud
412 1637 524 1674 scio
556 1649 610 1673 an
646 1649 900 1687 expressam,
940 1650 1020 1674 non
1055 1639 1168 1675 uerbi
1202 1638 1298 1686 uim,
1331 1634 1405 1673 sed
1437 1642 1546 1672 tem-⁶

75 1705 151 1744 pus
183 1694 388 1742 attingere
419 1696 551 1742 patet,
591 1706 668 1742 quo
709 1692 974 1741 diiudicetur,
1017 1699 1060 1731 ut
1100 1695 1137 1731 in
1181 1706 1300 1730 unam
1342 1690 1544 1742 quandam

76 1749 285 1786 notionem
317 1746 390 1784 illa
419 1747 653 1785 coalescere
687 1754 729 1786 et
760 1750 891 1787 uicem
933 1749 1116 1786 aduerbii
1164 1750 1397 1787 fortasse
1436 1747 1543 1784 obti-

76 1818 176 1842 nere
207 1805 468 1856 perspicuum
504 1805 572 1842 sit.
635 1801 778 1855 ltaque
819 1818 869 1843 ne
901 1807 1084 1857 possit
1116 1806 1278 1855 quidem
1309 1804 1439 1843 audiri
1469 1816 1544 1839 ne-

77 1873 196 1899 cesse
239 1864 318 1898 est.
371 1859 435 1897 Cf.
470 1856 529 1909 Il,
571 1860 639 1900 22.
673 1861 742 1900 57.
784 1860 835 1898 (le
867 1863 947 1900 Off.
981 1858 1064 1911 Ill,
1103 1860 1167 1901 529.
1210 1861 1296 1901 105.
1337 1872 1542 1911 quorum

78 1916 281 1967 quidem
316 1921 505 1953 testem
538 1930 636 1953 non
671 1917 1021 1967 mediocrem,
1054 1918 1146 1955 sed
1178 1918 1308 1955 haud
1340 1918 1452 1955 scio
1485 1929 1543 1952 an

77 1973 473 2022 grauissimum,
513 1971 787 2023 Regulum,
826 1973 1027 2024 nolite,
1068 1987 1285 2026 quaeso,
1340 1974 1544 2024 uitupe-

80 2040 208 2066 rare.
269 2026 389 2065 Plura
419 2027 658 2079 suppeditat
687 2029 809 2068 Haud
843 2031 966 2069 'l'urs.
999 2031 1030 2069 l.
1063 2044 1106 2081 p.
1139 2030 1236 2070 321.

191 2105 385 2149 XXII·
454 2106 485 2155 ᾗ.
527 2106 597 2145 57.
674 2107 821 2157 haec]
904 2109 1013 2146 Dicit
1072 2122 1158 2146 eam
1214 2109 1544 2154 dissensionem,

80 2174 181 2212 quae
228 2164 317 2198 erat
360 2162 469 2198 inter
505 2161 776 2201 Academicos
829 2168 871 2200 et
911 2165 1213 2216 Peripateticos
1269 2171 1390 2214 atque
1437 2165 1546 2200 inter

80 2218 241 2256 Stoicos
274 2215 324 2253 de
356 2216 460 2267 legis
493 2219 531 2255 ui
564 2230 642 2255 non
685 2219 1002 2259 dissentientes.
1072 2221 1299 2272 Epicureos
1337 2220 1451 2270 leges
1494 2219 1543 2255 ad

79 2272 303 2311 utilitatem
334 2271 427 2310 illos
460 2274 706 2325 referentes,
741 2290 839 2327 quos
872 2282 915 2315 et
945 2279 1119 2326 Quintus
1151 2277 1278 2328 (1.56.
1311 2277 1545 2314 excluserat

80 2334 123 2367 et
155 2329 314 2366 Marcus
346 2329 377 2378 ξ.
411 2328 482 2369 39.
519 2331 567 2368 ab
607 2334 716 2370 omni
750 2334 808 2370 rei
840 2333 1027 2384 publicae
1061 2336 1263 2372 societate
1294 2338 1544 2380 remunerat,

79 2398 159 2423 non
190 2386 270 2421 iam
303 2390 432 2422 curat.

195 2464 324 2501 quae
367 2464 387 2488 a
426 2465 498 2490 me
539 2452 634 2490 adh
651 2455 727 2504 uc]
798 2455 876 2493 Alii
919 2456 998 2494 alio
1044 2457 1166 2495 modo
1210 2459 1314 2495 lianc
1359 2457 1542 2495 lacunam

82 2507 247 2559 explere
279 2508 412 2545 conati
441 2514 553 2547 sunt.
615 2511 777 2560 Omnia,
812 2525 912 2561 quae
948 2526 969 2550 a
1001 2515 1097 2551 uiris
1138 2515 1273 2552 doctis
1316 2516 1546 2564 excogitata

81 2564 200 2613 sunt,
242 2565 432 2615 persequi
476 2564 640 2615 longum
684 2571 760 2605 est.
830 2567 910 2605 Sed
956 2571 1132 2607 omnium
1186 2572 1354 2608 minime
1406 2584 1544 2608 uerum

84 2625 295 2658 assecutus
327 2626 390 2657 est
422 2621 565 2670 Gzius,
597 2623 661 2671 qui
695 2623 820 2660 uerba
843 2624 1046 2663 Lactantii
1069 2627 1120 2676 V,
1142 2626 1182 2666 8.
1218 2627 1286 2675 (ef.
1322 2628 1469 2678 fragm.
1498 2626 1545 2666 1.)

80 2676 159 2714 huc
205 2676 307 2714 dixit
347 2678 559 2727 pertinere
603 2676 866 2729 Tulliumque
906 2682 1104 2719 rationem
1150 2685 1390 2734 exposuisse
1426 2688 1544 2734 puta-

83 2733 163 2782 uit,
209 2746 280 2771 cur
328 2745 428 2783 quae
476 2732 606 2771 adhuc
659 2734 914 2785 disputasset
964 2740 1118 2776 rectius
1163 2741 1545 2790 praemitterentur,

82 2801 197 2838 quam
237 2790 269 2826 si
315 2787 660 2829 nobilissimorum
700 2790 980 2842 legislatorum
1024 2793 1181 2846 legibus
1221 2797 1328 2834 inter
1356 2810 1399 2833 se
1434 2807 1546 2833 com-
