1781 3192
210 164 301 205 296
782 159 851 198 DE
886 158 1119 199 LEGIBUS

212 274 488 331 periculosum
520 284 600 310 non
632 276 736 320 erat,
770 276 814 309 et
845 273 1057 323 oppressio
1092 272 1178 310 eius
1212 283 1398 319 magnam
1437 273 1497 310 rei
1535 271 1672 325 publi-

213 349 286 375 cae
316 330 540 384 perniciem
573 326 796 377 attulisset,
829 341 920 365 cum
953 342 1058 366 coss.
1092 329 1248 380 profusi
1292 329 1498 377 sanguinis
1541 330 1672 367 tribu-

210 392 305 431 nicii
338 387 493 425 ultores
525 385 795 424 exstitissent.
839 384 906 422 Of.
949 385 1033 426 Cic.
1077 398 1150 436 pro
1184 384 1293 425 Sest.
1327 384 1395 424 20.
1428 389 1471 421 et
1501 384 1569 425 21.
1598 398 1672 436 pro

211 448 350 487 Plane.
392 441 471 490 36,
513 438 584 479 89.
645 440 812 478 Errauit
843 440 1014 490 BakiuS,
1059 443 1125 492 qui
1172 443 1265 491 quia
1297 454 1390 478 cum
1421 439 1566 478 Clodio
1596 441 1674 479 sibi

213 506 421 541 certamen
465 496 593 533 fuisse
639 509 718 533 non
768 502 910 547 posset
955 511 1130 546 negare,
1178 498 1379 535 coniecit:
1418 509 1523 535 cum
1572 496 1673 534 illa

211 565 313 598 tum
346 557 636 605 potestate,
671 558 712 589 ut
740 554 826 603 ipsa
872 554 1086 591 tribunicia
1129 553 1433 603 intelligeretur
1473 558 1673 604 potestaS‚

212 627 292 653 non
326 609 475 648 Clodii.
535 609 654 646 Cum
685 607 781 646 illa
813 613 1144 660 tempestate
1185 612 1385 647 correctio
1428 617 1493 647 est
1531 621 1673 660 parum

213 665 483 725 probabiliter
511 669 671 703 tentata
702 666 741 702 in
775 665 897 704 codd.
931 666 1037 704 dett.

327 725 406 762 cui
438 723 478 760 si
511 735 608 759 non
641 722 954 772 cessissem]
1017 723 1106 760 Etsi
1138 735 1185 759 ex
1220 721 1367 759 mendo
1398 720 1516 760 codd.
1542 717 1671 759 ΒΕδ

216 783 299 822 cui
333 779 620 818 cessissem
651 776 774 815 facile
806 782 870 815 est
903 780 1072 816 efficere
1113 781 1191 816 cui
1237 780 1341 816 nisi
1383 779 1674 816 cessissem

215 840 366 893 (Goer.
407 839 449 872 et
488 834 681 871 Schuetz.
724 834 775 870 ni
815 835 1095 885 scripserunt,
1139 835 1247 885 quod
1285 834 1416 872 locum
1464 835 1590 872 habet
1634 836 1675 872 in

216 893 504 947 sponsionibus
525 890 798 940 sormulisque
820 889 1091 942 iudiciariis):
1124 898 1261 929 tamen
1292 893 1384 941 quia
1418 896 1459 929 et
1489 892 1528 928 in
1559 892 1676 942 prin-

214 954 306 1002 cipe
347 948 596 986 deteriorum
642 945 746 984 libro
779 947 821 983 si
852 959 954 984 non
985 948 1113 985 fuisse
1145 953 1303 985 certum
1344 952 1407 985 est
1449 951 1491 985 et
1529 960 1677 985 reuera

215 1008 391 1047 cessisse
431 1005 673 1042 Ciceronem
713 1007 830 1040 recte
868 1003 1097 1052 indicatur,
1137 1005 1213 1042 hoc
1255 1003 1505 1055 probabilius
1557 1016 1675 1054 quam

213 1064 317 1103 illud
350 1067 427 1110 est,
461 1073 538 1110 quo
570 1058 847 1097 conditionem
880 1060 968 1098 sola
1001 1062 1251 1110 cogitatione
1291 1062 1493 1099 contineri
1534 1059 1676 1098 decla-

216 1125 352 1167 ratur3
384 1117 579 1167 idemque
609 1115 907 1166 quodammodo
941 1118 1204 1155 confirmatur
1236 1130 1309 1167 eo,
1350 1117 1457 1168 quod
1488 1117 1528 1154 in
1557 1116 1678 1158 codd.

215 1179 249 1217 A
279 1182 321 1214 et
353 1174 430 1214 Gd.
453 1174 493 1213 2.
530 1172 706 1222 negandi
740 1171 884 1210 uocula
925 1175 1075 1211 omissa
1114 1178 1227 1210 certe
1267 1173 1468 1224 particula
1504 1175 1550 1211 si
1589 1184 1679 1210 ser-

215 1238 310 1272 uata
346 1236 424 1269 est.
488 1229 673 1266 Eandem
717 1227 827 1265 exilii
871 1230 933 1266 sui
979 1231 1179 1267 rationem
1230 1228 1408 1281 explicat
1454 1243 1528 1280 pro
1569 1229 1678 1268 Sest.

218 1286 398 1331 15-24,
430 1290 525 1338 post
555 1284 642 1324 red.
673 1286 714 1322 in
746 1297 832 1324 sen.
866 1298 900 1325 c.
937 1284 1002 1325 13.
1034 1290 1076 1323 et
1111 1284 1174 1325 14.
1214 1285 1265 1323 ad
1297 1287 1438 1334 Quint.
1471 1286 1540 1324 Fr.
1572 1285 1603 1334 l,
1637 1283 1678 1324 4.

331 1353 600 1392 beneficii
651 1365 706 1391 sc.
754 1352 865 1401 eius,
909 1352 1017 1402 quod
1064 1353 1123 1389 rei
1170 1351 1361 1402 publicae
1414 1355 1680 1404 praestiterat

218 1410 454 1451 Catilinaria
485 1410 770 1446 coniuratione
802 1420 1017 1459 oppressa.
1079 1408 1327 1445 Beneficium
1370 1408 1449 1446 hoc
1477 1410 1575 1445 item
1607 1421 1680 1445 uo-

216 1473 282 1509 cat
311 1468 395 1505 Cic.
430 1466 522 1503 Par.
556 1464 625 1514 lV,
663 1464 699 1504 1.
733 1462 799 1504 29.
1398 1480 1400 1482 ’

329 1535 427 1561 non
460 1520 609 1560 modo
642 1520 803 1570 liber,
837 1519 928 1558 sed
959 1519 1137 1570 etiam]
1199 1520 1424 1572 Perperam
1456 1519 1606 1557 Bakius
1636 1521 1679 1557 iu

217 1582 439 1621 comment.
473 1578 661 1629 probauit
689 1576 916 1628 particulae
942 1589 963 1614 e
980 1578 1105 1614 tiam
1129 1578 1412 1627 omissionem,
1444 1589 1563 1627 quam
1585 1579 1680 1627 post

219 1639 365 1676 Gzium
406 1635 654 1673 Seliuetzius
690 1637 732 1671 et
765 1634 952 1671 Moserus
991 1632 1254 1684 expulerant,
1297 1635 1413 1671 uncis
1454 1631 1679 1670 incluserat

217 1692 413 1734 Orellins.
480 1692 580 1728 Nam
615 1694 656 1727 et
687 1691 725 1726 in
759 1691 944 1740 principe
968 1689 1219 1727 deteriorum
1246 1689 1351 1726 libro
1374 1690 1526 1726 etiam
1550 1688 1682 1726 fuisse

217 1755 373 1790 certum
405 1751 470 1785 est
501 1753 542 1785 et
573 1745 764 1783 mendum
798 1746 836 1785 h.
869 1744 896 1785 l.
933 1749 1174 1796 conceptum
1208 1758 1301 1783 esse
1341 1747 1383 1783 in
1428 1744 1682 1794 melioribus,

219 1809 372 1858 quippe
413 1818 434 1841 a
474 1805 618 1853 quibus
662 1803 784 1840 etiam
824 1800 1026 1853 particula
1069 1801 1158 1839 sed
1205 1803 1323 1841 absit.
1394 1803 1454 1839 Ac
1493 1805 1609 1839 recte
1639 1813 1685 1838 se

217 1864 344 1902 habet
374 1858 574 1912 particula
604 1860 646 1896 in
677 1859 754 1896 hac
786 1860 1028 1895 ascensione
1061 1871 1082 1895 a
1113 1870 1158 1894 re
1187 1859 1346 1895 minore
1377 1857 1427 1895 ad
1459 1858 1683 1906 maiorem3

219 1932 311 1958 nam
345 1918 473 1955 maius
507 1919 572 1953 est
603 1928 723 1953 seruo
755 1915 968 1953 Ciceronis
998 1913 1175 1952 salutem
1215 1927 1350 1952 caram
1391 1915 1523 1952 fuisse
1564 1927 1682 1965 quam

217 1976 366 2014 libero.
397 1973 462 2010 Cf.
496 1968 575 2010 lll.
607 1972 638 2022 ᾧ.
671 1972 741 2011 21.

336 2031 368 2081 ᾗ.
402 2028 472 2069 26.
535 2027 729 2081 quodsi
762 2028 806 2065 is
839 2039 991 2065 casus
1023 2030 1105 2064 cet.
1138 2027 1168 2064 i.
1201 2038 1239 2065 e.
1272 2027 1428 2075 sires,
1473 2039 1571 2077 quas
1610 2039 1684 2077 pro

222 2086 356 2126 salute
383 2087 445 2124 rei
475 2083 664 2136 publicae
694 2085 913 2134 gessimus,
944 2095 1025 2120 non
1047 2084 1235 2120 omnibus
1256 2088 1396 2133 gratae
1419 2083 1685 2131 cecidissent,

221 2141 563 2194 quemadmodum
589 2139 781 2177 similiter
805 2138 907 2176 dicit
928 2151 1002 2189 pro
1027 2137 1114 2177 Mil.
1138 2137 1207 2187 30,
1232 2138 1300 2178 81.
1327 2140 1367 2176 si
1390 2140 1554 2176 minus
1577 2139 1685 2176 sor—

221 2199 420 2238 tissimi
455 2197 558 2234 uiri
589 2197 758 2233 uirtus
792 2199 944 2244 grata
984 2193 1293 2232 cecidisset.
1363 2194 1405 2232 Si
1437 2199 1572 2232 autem
1602 2207 1683 2232 non

221 2261 360 2307 gratae
380 2251 639 2300 ceciderant,
659 2264 734 2288 nec
753 2251 867 2301 ipsae
887 2254 1026 2300 gratae
1046 2255 1176 2298 erant,
1208 2263 1285 2287 nec
1306 2254 1444 2301 gratus
1467 2254 1554 2288 erat
1571 2263 1686 2288 casus

224 2324 360 2349 earum
388 2310 470 2357 (ihr
491 2307 649 2346 Aussall
669 2320 751 2345 war
772 2307 887 2344 nicht
908 2306 974 2343 siir
992 2305 1082 2344 Alle
1105 2307 1168 2343 ein
1188 2307 1502 2356 angenelimer).
1547 2307 1688 2344 Potuit

222 2369 347 2418 igitur
374 2366 519 2403 Cicero
551 2365 746 2412 scribere,
769 2362 876 2413 quod
897 2367 993 2413 post
1015 2362 1260 2412 Wagnerum
1284 2361 1331 2416 ᾗ)
1364 2364 1510 2400 iterum
1539 2363 1686 2401 Bakius

223 2423 397 2473 flagitari
439 2421 565 2459 dixit:
609 2426 659 2458 ut
689 2432 784 2457 non
828 2421 1067 2457 omnibus
1110 2425 1292 2469 gratae
1335 2425 1555 2469 essent,
1605 2431 1687 2456 non

225 2480 383 2517 debuit.
453 2475 636 2516 Alterum
678 2480 723 2513 ut
762 2475 1022 2527 praeferret,
1063 2487 1290 2525 pronomen
1329 2477 1372 2514 is
1409 2475 1569 2525 effecit,
1609 2488 1686 2526 quo

226 2548 318 2574 cum
356 2535 396 2572 ui
439 2532 610 2584 quadam
652 2534 787 2584 posito
836 2533 967 2582 magis
1010 2533 1139 2582 ipsius
1190 2545 1334 2582 casus,
1383 2545 1499 2583 quam
1549 2544 1686 2570 rerum

229 2597 438 2643 gestarum
460 2588 685 2642 descriptio
708 2590 863 2639 requiri
887 2587 1118 2627 uidebatur.
1149 2588 1451 2640 Wyttenbachii
1467 2589 1687 2640 rationem,

318 2711 350 2752 ”)
375 2710 471 2743 idem
491 2710 705 2754 Wagncrus
733 2715 876 2753 praeter
900 2709 995 2743 lianc
1021 2709 1130 2742 etiam
1168 2711 1269 2743 illam
1308 2710 1426 2743 minus
1460 2711 1687 2753 probabilem

224 2757 468 2791 coniecturam
495 2756 698 2799 proposuit:
725 2761 771 2788 ut
792 2768 842 2789 no
857 2768 878 2789 n
905 2755 1066 2788 omnib
1081 2767 1128 2787 us
1158 2761 1328 2800 gratus
1355 2767 1402 2788 cs
1416 2768 1464 2789 sc
1479 2768 1525 2789 m.
