1781 3192
203 176 263 215 574
770 177 840 217 DE
872 178 1102 218 LEGIBUS

317 288 602 338 facultate]
664 288 724 327 De
754 288 841 328 sola
872 290 914 330 h.
945 289 972 330 l.
1006 292 1139 342 agitur
1169 291 1354 340 ratione,
1388 304 1491 341 quae
1522 305 1598 343 qua
1629 306 1673 330 re

207 350 250 383 et
281 345 442 384 differat
476 350 517 383 et
548 358 620 395 par
651 346 720 395 sit,
763 345 1012 386 declaratur.
1075 346 1180 385 Uide
1213 345 1388 385 similem
1423 347 1671 386 locutionem

205 414 295 440 mox
320 407 559 452 sequentem
592 402 979 454 interpresque
1012 408 1092 442 est
1124 404 1313 440 mentis
1345 404 1530 453 oratio,
1565 417 1673 443 uer-

205 458 278 495 bis
310 458 650 509 discrepans,
685 462 982 498 sententiis
1016 472 1340 509 congruens,
1402 460 1554 498 Merito
1597 462 1673 510 igi-

205 518 270 551 tur
299 515 428 565 spreti
457 519 552 552 suut
579 516 766 552 Dauisius
799 520 841 554 et
873 516 1108 565 Ernestius,
1142 517 1283 565 quibus
1315 515 1466 554 codicis
1492 515 1605 555 llarl.
1631 516 1673 556 2.

203 583 224 606 a
257 569 424 621 reliquis
449 571 724 622 discrepantis
748 573 950 624 scriptura
973 572 1150 625 placuit:
1184 572 1364 610 discen
1382 572 1432 610 di
1464 573 1674 623 quidem

201 624 434 665 facultas
465 640 570 680 par.

317 683 495 722 eadem
541 683 722 734 omnia]
796 684 852 722 Ut
893 684 1079 723 discendi
1122 683 1359 724 facultatem
1403 698 1541 735 parem
1584 698 1675 723 esse

203 737 478 791 demonstret,
511 753 612 791 quae
635 741 708 778 sub
733 753 876 779 sensus
900 741 1048 780 cadant
1078 740 1318 794 (oppositae
1338 747 1432 780 sunt
1456 742 1672 779 inchoatae

203 794 510 847 intelligentiae
540 797 754 834 hominum
788 799 933 835 animis
975 796 1225 850 ingenitae),
1266 812 1312 836 ea
1341 800 1531 836 sensibus
1564 811 1676 836 com-

202 853 405 902 prehendi
437 854 539 892 dicit
564 858 607 890 et
637 855 772 891 omnia
805 858 847 892 et
878 855 925 891 ab
956 856 1141 892 omnibus
1167 854 1440 904 similiterque
1465 855 1675 892 inchoatas

203 909 502 960 intelligentias
534 911 713 962 imprimi
748 911 786 947 iu
820 912 964 948 animis
997 913 1189 950 omnium.
1251 910 1412 949 Nullam
1439 912 1562 961 igitur
1586 923 1674 947 cum

202 965 328 1004 Bakio
368 968 406 1007 b.
441 967 467 1008 l,
510 979 688 1017 agnosco
736 965 1130 1018 breuiloquentiam,
1176 968 1241 1018 qui
1283 966 1388 1005 male
1419 968 1520 1005 haec
1553 968 1678 1005 uerba

204 1023 261 1061 sie
292 1024 613 1075 interpretatur:
646 1037 783 1073 „quae
808 1024 1215 1074 comprehenduntur
1238 1025 1450 1074 sensibus,
1482 1037 1561 1062 nou
1587 1022 1678 1060 aliis

203 1078 325 1118 aliter
357 1080 565 1131 uidentur,
599 1079 672 1118 sed
703 1079 846 1118 eadem
888 1081 1125 1118 omnibus.“
1195 1081 1444 1130 Quamquam
1485 1078 1678 1118 similiter

202 1136 498 1188 interpretatus
543 1142 606 1176 est
645 1138 887 1187 Zumptius:
941 1135 1045 1176 alles
1087 1134 1302 1175 Sinnlicbe
1343 1136 1445 1174 wird
1487 1149 1560 1174 von
1602 1148 1676 1174 uns

204 1194 276 1231 aus
301 1193 463 1245 gleiche
490 1195 652 1232 W'eisse
684 1194 925 1244 aufgesasst.

316 1252 687 1303 interpresque
719 1250 816 1300 est]
879 1250 1099 1289 Seribendi
1134 1262 1274 1288 errore
1307 1251 1344 1288 in
1375 1249 1496 1288 codd.
1531 1247 1676 1286 melio-

203 1306 314 1345 ribus
350 1308 553 1346 excidisse
581 1313 663 1345 est
684 1312 888 1345 seruatum
913 1306 1014 1345 illud
1039 1309 1077 1345 in
1105 1307 1397 1357 deterioribus,
1446 1306 1679 1344 luculenter

203 1361 283 1402 loci
317 1367 524 1403 sententia
557 1363 756 1402 declarat.
817 1364 981 1402 Etenim
1007 1364 1102 1414 quid
1129 1377 1342 1402 commune
1370 1366 1423 1401 sit
1444 1363 1678 1401 hominibus

205 1419 479 1459 demonstrari
512 1421 648 1472 potius
681 1424 864 1470 oportet,
898 1433 1014 1469 quam
1050 1433 1124 1470 qua
1154 1432 1197 1457 re
1220 1419 1477 1471 discrepent,
1511 1419 1676 1458 disseri.

205 1476 491 1528 Discrepantia
529 1479 652 1528 igitur
691 1478 747 1513 ita
791 1480 949 1514 tantum
988 1477 1122 1527 potuit
1161 1478 1502 1527 commemorari,
1544 1480 1589 1514 nt
1621 1474 1678 1523 id,

205 1533 312 1583 quod
345 1546 558 1572 commune
592 1536 719 1582 esset,
754 1545 800 1570 ea
833 1545 913 1570 non
948 1532 1035 1570 tolli
1066 1537 1290 1571 constaret.
1350 1534 1483 1582 Quare
1508 1546 1556 1571 ea
1586 1536 1678 1569 tan-

203 1594 287 1627 tum
331 1590 463 1628 forma
504 1590 699 1628 orationis
741 1589 836 1629 huic
872 1589 963 1627 loco
1007 1593 1101 1640 apta
1143 1594 1232 1639 est,
1273 1602 1350 1640 qua
1390 1589 1528 1641 paullo
1583 1592 1679 1626 ante

205 1660 300 1686 usus
342 1652 407 1685 est
450 1651 617 1691 (certe
659 1650 738 1683 est
781 1648 1066 1684 communis
1108 1646 1357 1684 doctrina
1400 1646 1678 1684 differens

204 1706 320 1751 cet.)
354 1717 399 1741 ac
428 1703 587 1741 fallitur
609 1702 776 1752 Bakius,
811 1704 877 1753 qui
909 1704 1100 1753 scripsit:
1135 1704 1519 1753 interpresque
1542 1714 1678 1740 men-

204 1761 272 1799 tis
306 1761 474 1798 oratio
502 1760 680 1797 uerbis
704 1759 1009 1810 discrepat,
1034 1760 1331 1796 sententiis
1359 1770 1676 1809 congruens.

316 1817 349 1867 Q.
384 1815 447 1856 31.
508 1815 682 1854 ducem
737 1818 972 1853 naturam
1023 1815 1228 1865 nactus]
1300 1816 1386 1853 Nec
1437 1819 1678 1863 secutus,

204 1872 313 1924 quod
349 1873 573 1911 Lambinus
616 1873 654 1909 in
707 1870 862 1921 aliquot
911 1872 1215 1922 exemplaribus
1264 1872 1439 1922 reperiri
1487 1875 1678 1918 testatur,

204 1942 280 1967 nec
312 1930 580 1979 imitatus,
615 1927 722 1979 quod
754 1929 944 1966 Dauisius
977 1929 1171 1978 coniecit,
1205 1932 1319 1966 tanto
1352 1929 1530 1965 omnium
1563 1926 1679 1965 codi-

203 1999 293 2024 cum
333 1999 533 2024 consensu
572 1990 713 2037 potest
753 1985 930 2036 probari.
997 1985 1084 2023 Mc
1124 1985 1301 2035 deniqne
1345 1986 1468 2022 uerba
1499 1985 1522 2022 (Ι
1540 1996 1678 2022 ucem

202 2047 443 2080 naturam
477 2048 665 2087 nactus
695 2040 1053 2091 significantl1.l.
1088 2043 1202 2091 quia
1236 2041 1415 2078 ducem
1447 2046 1679 2079 naturam

202 2102 393 2136 nactus
425 2103 527 2148 est,
563 2097 905 2148 quemadmodum
938 2110 1027 2135 cum
1055 2098 1257 2147 Wagnero
1291 2102 1333 2134 et
1353 2097 1520 2135 Mosei-o
1547 2098 1679 2134 inter-

201 2158 390 2206 pretatus
423 2158 488 2192 est
521 2155 695 2203 BakiuS,
738 2153 811 2191 sed
844 2167 950 2192 cum
992 2153 1170 2192 ducem
1211 2158 1447 2191 naturam
1495 2157 1678 2190 nactus

204 2215 300 2249 est.
370 2211 470 2248 Nam
522 2211 599 2248 etsi
650 2214 834 2248 naturam
888 2211 1064 2261 primum
1108 2223 1250 2248 omnes
1295 2214 1543 2260 sequuntur,
1587 2221 1679 2246 mox

202 2272 341 2304 tamen
376 2271 418 2304 et
448 2266 746 2304 consuetudine
778 2268 959 2317 corrupti
1004 2267 1203 2305 malorum
1247 2271 1289 2304 et
1329 2266 1544 2317 uoluptate
1587 2279 1679 2303 cor-

203 2325 314 2375 poris
357 2322 518 2361 deliniti
558 2337 577 2360 a
623 2328 706 2360 nau
725 2336 768 2362 ra
807 2324 996 2361 homines
1037 2323 1284 2372 discedunt,
1328 2326 1372 2360 ut
1402 2323 1453 2360 ad
1485 2324 1679 2360 uirtutem

205 2381 423 2431 peruenire
462 2392 542 2417 non
585 2381 770 2429 possint,
809 2381 887 2417 nisi
929 2381 994 2430 qui
1038 2384 1224 2417 naturam
1256 2379 1401 2417 ducem
1440 2380 1549 2417 nacti
1582 2380 1679 2416 sint.

203 2436 267 2474 cf.
303 2436 332 2474 Ι.
365 2437 399 2486 Q.
433 2434 499 2476 32.
536 2436 658 2474 Tusc.
692 2437 759 2485 ΙΙΙ,
797 2437 832 2476 1.
865 2436 903 2476 2.
967 2437 1097 2474 Recte
1136 2441 1270 2474 autem
1302 2436 1452 2473 Bakius
1494 2434 1678 2473 animad-

206 2494 332 2530 uertit
363 2493 468 2530 hanc
499 2491 551 2530 de
583 2493 757 2530 rationis
791 2495 1083 2531 communitate
1125 2492 1447 2543 disputationem
1489 2494 1548 2529 sic
1579 2503 1676 2529 con-

204 2547 330 2598 cludi,
364 2550 456 2598 quia
487 2551 615 2586 uirtus
648 2548 752 2586 nihil
782 2549 893 2587 aliud
926 2551 979 2587 sit
1011 2563 1127 2600 quam
1161 2550 1267 2586 ratio
1299 2549 1501 2600 perfecta.

316 2605 422 2648 XI.
487 2606 532 2642 in
566 2606 955 2656 prauitatibus]
1018 2607 1187 2644 Probari
1219 2618 1298 2643 non
1332 2610 1473 2655 potest
1500 2616 1576 2641 nec
1601 2602 1677 2640 ‹le-

203 2660 400 2698 teriorum
445 2660 633 2699 codicum
682 2664 884 2713 scriptura
935 2677 957 2701 a
999 2663 1182 2701 Uictorio
1221 2662 1391 2713 probata
1429 2666 1471 2697 et
1513 2661 1677 2698 Dauisio

205 2716 385 2767 prauis
428 2719 638 2756 actibus
694 2731 771 2755 uec
810 2719 966 2758 Krausii
1015 2720 1249 2758 coniectura
1294 2719 1335 2754 in
1384 2730 1517 2768 progr.
1563 2730 1604 2767 p.
1637 2715 1675 2756 5.

210 2773 391 2825 prauis
448 2774 771 2824 affectibus,
830 2778 921 2826 quia
969 2789 1043 2814 nec
1092 2775 1142 2813 de
1188 2774 1412 2812 actionibus
1469 2774 1674 2812 bominum

1774 2652 1776 2664 -
1771 2581 1777 2620 .>‚
1770 2136 1781 2559 d.0—⁴->:-1—-=..=2a-.—-:---—-.-0-—
1773 2063 1778 2088 ⁴⁴
1774 2033 1775 2036 „
1776 2012 1778 2014 <

1765 3132 1781 3192 {aas
1769 3001 1772 3122 ff—ffi—
1767 2951 1773 2985 κς
