1781 3192
217 184 309 223 27⁴
792 183 860 221 DE
893 182 1125 224 LEGlBUS

348 294 752 346 Theophrastus
797 294 1004 346 Eresius,
1052 297 1229 350 primum
1272 295 1490 348 Platonis,
1545 299 1701 339 deinde

235 351 468 396 Aristotelis
508 348 669 388 auditor
710 352 878 402 eiusque
920 358 1014 404 post
1054 354 1209 393 obitum
1260 350 1450 406 (Olymp.
1487 354 1588 405 114,
1629 353 1698 409 3.)

236 415 279 452 in
309 406 571 464 philosophia
592 406 794 446 tradenda
817 421 1047 448 successor.
1109 410 1289 448 Temere
1312 409 1458 448 Bakius
1484 412 1701 464 participia

237 467 530 508 institutus
561 467 604 501 et
635 463 822 504 doctus
853 465 1101 518 interpolata
1133 478 1227 503 esse
1259 467 1488 517 suspicatus
1521 471 1600 506 est.

352 519 637 571 habitauit]
708 522 953 573 Metaphora
999 536 1193 575 perquam
1245 523 1342 560 trita
1392 522 1444 561 de
1496 526 1584 574 eis,
1639 525 1707 575 qui

236 578 410 620 multum
442 576 510 616 uel
539 577 581 614 in
612 576 703 616 loco
735 577 848 632 (Cic.
882 580 995 617 Brut.
1024 577 1096 629 89,
1129 578 1226 620 305.
1259 583 1311 617 et
1346 580 1402 630 ii,
1446 581 1530 631 qui
1561 580 1705 619 habi-

239 639 424 677 tabant
454 636 506 672 in
535 636 749 674 rostris.
792 648 866 687 pro
899 636 1005 674 Mur.
1039 633 1080 686 9,
1113 636 1180 676 21.
1225 634 1277 673 de
1309 635 1376 674 Or.
1413 632 1448 686 I,
1481 636 1546 677 62.
1579 634 1704 690 264.)

236 693 306 790 plel
345 694 386 731 in
425 690 646 801 {goayqua
685 696 904 730 uersantur
942 690 1055 746 (Cic.
1086 691 1139 730 de
1171 692 1243 731 Or.
1277 687 1336 742 II,
1370 690 1440 732 38.
1475 692 1570 734 160.
1601 692 1705 733 ibid.

283 779 295 802 ,
323 750 392 790 72.
487 779 521 788 „.
555 774 567 785 .

1778 0 1781 33 Ι

1778 36 1781 86 ἱ

1779 142 1781 169 A

1779 195 1781 220 1

1779 236 1781 266 A

355 804 736 855 Dicaearchus]
809 804 869 844 Ex
920 805 1059 844 multis
1101 803 1243 854 libris,
1286 817 1386 855 quos
1423 805 1702 845 Dicaearchus
1780 806 1781 818 ¹

239 862 403 904 Siculus
435 874 483 900 ex
516 862 616 900 urbe
637 862 847 912 Messana,
875 862 1180 914 Peripateticus
1213 861 1346 900 clarus
1379 863 1546 913 scripsit
1577 860 1706 917 (uixit
1780 898 1781 901 ,

240 924 349 960 circa
377 918 446 958 Ol.
482 915 603 972 115.)
634 932 762 971 pauca
797 920 1032 957 etiamnunc
1064 917 1296 969 fragmenta
1326 924 1570 970 supersunt,
1604 931 1707 970 quae

239 977 408 1028 collegit
442 975 599 1016 Fuhr.
650 976 832 1016 Darmst.
873 975 997 1017 1841.
1039 975 1105 1014 Cf.
1149 976 1286 1013 Osann
1330 975 1371 1012 in
1417 976 1527 1016 Diar.
1570 975 1703 1016 schol.
1780 970 1781 973 ¹

238 1033 361 1077 1833.
390 1046 432 1085 p.
468 1030 591 1072 1097.

352 1105 375 1129 a
416 1088 812 1140 Theophrasto]
887 1088 979 1127 Etsi
1028 1089 1380 1141 praepositionem
1431 1101 1458 1127 a
1501 1092 1705 1140 sequente

237 1150 405 1190 nomine
435 1148 475 1185 in
514 1144 630 1184 libris
672 1145 967 1199 philosophicis
990 1143 1038 1200 ἦε)
1079 1145 1264 1183 attributi
1315 1146 1447 1182 instar
1486 1146 1544 1183 ita
1583 1158 1703 1183 usur·
1780 1140 1781 1171 ἶ

237 1207 328 1261 pari
359 1207 543 1253 constat,
575 1206 620 1240 ut
650 1207 790 1241 sectae
822 1216 842 1240 a
873 1203 1059 1255 principe
1091 1203 1180 1241 eius
1214 1207 1380 1240 auctore
1420 1206 1534 1240 ortus
1574 1203 1705 1253 signi-

239 1266 387 1303 ficetur
426 1257 537 1312 (Cic.
570 1259 647 1299 Off.
681 1255 765 1309 III,
799 1257 868 1299 33.
905 1257 999 1300 116.
1043 1259 1186 1309 atqui
1228 1260 1282 1296 ab
1315 1259 1586 1310 Aristippo
1619 1259 1707 1308 Cy·

238 1313 493 1370 renaici),
533 1314 644 1354 idem
686 1321 824 1354 tamen
863 1327 944 1353 non
982 1320 1096 1354 recte
1139 1327 1229 1353 cum
1258 1313 1469 1365 Maduigio
1502 1313 1579 1367 (de
1610 1315 1704 1353 Fin.
1780 1309 1781 1355 ἶ

236 1391 279 1430 p.
312 1369 438 1426 646.)
477 1371 627 1410 Bakius
668 1371 718 1410 ad
757 1375 943 1409 nostrum
978 1370 1113 1410 locum
1156 1371 1382 1408 transferre
1424 1369 1612 1420 uidetur3
1658 1384 1704 1409 ac
1780 1382 1781 1421 ;

237 1433 378 1487 potius
406 1429 612 1481 participii
643 1427 933 1480 praecedentis
965 1428 1026 1465 uis
1060 1428 1295 1464 etiamnunc
1325 1427 1365 1463 in
1395 1425 1523 1463 Tullii
1566 1432 1706 1464 mente

237 1489 460 1529 inhaerens
493 1482 561 1523 uel
592 1482 643 1523 ad
668 1485 771 1523 haec
801 1485 1013 1535 pertinere
1044 1482 1233 1531 uidetur,
1277 1483 1435 1533 pariter
1474 1487 1518 1520 ut
1548 1480 1601 1519 de
1633 1482 1705 1522 Or.
1780 1475 1781 1519 Ῐ

1780 1537 1781 1550 ,

238 1542 299 1597 Il,
338 1542 402 1585 14.
435 1540 505 1583 58.
539 1542 598 1579 uis
630 1541 836 1593 participii
875 1540 1152 1592 profectus
1193 1539 1317 1576 etiam
1358 1538 1406 1576 ad
1444 1538 1570 1576 uerba
1606 1551 1705 1590 per-

238 1605 346 1642 tinet
375 1606 499 1652 post
528 1599 583 1636 ab
616 1596 918 1637 Aristotele
951 1595 1352 1645 Callisthenes3
1386 1595 1437 1633 de
1462 1596 1533 1633 Or.
1567 1599 1703 1633 autem

238 1656 329 1710 III,
364 1657 430 1698 17.
462 1655 543 1706 62,
581 1667 700 1706 quem
743 1654 879 1692 locum
919 1653 1029 1692 idem
1062 1651 1210 1691 Bakius
1243 1652 1387 1690 citauit
1416 1653 1550 1690 omnia
1581 1650 1652 1689 illa
1683 1665 1706 1690 a

240 1716 466 1756 Platone
497 1735 552 1741 ——-
582 1713 639 1750 ab
671 1711 995 1750 Antisthene
1025 1733 1076 1738 —
1108 1710 1165 1747 ab
1204 1709 1478 1760 Aristippo
1518 1721 1567 1746 ex
1606 1721 1703 1747 ma-

238 1771 401 1812 nandi
432 1770 560 1808 uerbo
591 1768 792 1820 pendent.
851 1769 939 1806 Nee
979 1779 1077 1806 uero
1117 1766 1159 1803 in
1198 1765 1276 1803 hoc
1311 1778 1464 1817 genere
1505 1763 1574 1803 illa
1605 1770 1702 1803 sunt

239 1830 291 1868 de
334 1829 430 1867 Fin.
471 1826 538 1877 V,
582 1825 622 1865 7.
668 1823 734 1866 19.
782 1825 837 1862 ab
883 1824 967 1863 his
1012 1823 1327 1876 principiis3
1378 1834 1482 1873 quae
1527 1821 1703 1860 notabili

237 1883 435 1938 loquendi
475 1880 804 1933 breuiloquentia
845 1880 896 1919 ad
933 1878 1214 1920 referendi
1255 1880 1424 1917 uerbum
1465 1878 1703 1917 referuntur

237 1940 337 1996 (von
378 1941 522 1980 diesen
554 1939 793 1990 Principien
835 1933 957 1992 aus),
999 1935 1339 1989 quemadmodum
1380 1933 1571 1974 similiter
1602 1934 1702 1974 dicit
1779 1931 1781 1960 ³

235 2000 288 2039 de
319 1999 399 2038 Off.
434 1997 465 2048 Ι,
499 1995 540 2037 2.
561 1994 603 2036 8.
635 1995 810 2034 dicitur:
842 1994 1130 2034 institutio
1154 2006 1176 2031 a
1197 1994 1411 2031 ratione
1439 1989 1540 2047 (von
1565 1994 1701 2030 einem

235 2057 402 2108 Princip
436 2050 531 2108 aus)
563 2053 861 2104 suscipitur
891 2050 953 2090 de
986 2049 1169 2102 aliqua
1199 2062 1271 2089 re.

351 2111 411 2150 de
443 2123 540 2162 quo
572 2109 676 2148 feci
708 2107 810 2158 cet.]
873 2108 938 2147 Cf.
968 2104 1026 2146 II.
1057 2108 1091 2157 ᾧ.
1126 2105 1193 2148 64.

349 2165 649 2207 umbracula
687 2169 805 2203 erant
841 2163 933 2201 loca
971 2165 1165 2201 umbrosa
1205 2175 1293 2199 cum
1335 2161 1558 2211 gymnasiis
1598 2173 1698 2197 con-

236 2226 375 2264 iuncta
395 2253 407 2275 ,
459 2224 501 2260 in
543 2222 685 2273 quibus
733 2218 969 2272 philosophi
1014 2219 1176 2257 litteras
1223 2218 1542 2269 profitebantur3
1594 2229 1698 2267 quae

234 2286 378 2320 nostro
409 2291 524 2318 more
554 2278 707 2316 dixeris
740 2276 954 2315 auditoria.
1016 2276 1076 2313 Ex
1117 2276 1259 2326 quibus
1297 2287 1372 2325 per
1410 2272 1696 2324 metaphoram

235 2337 468 2390 elegantem
503 2349 524 2374 a
553 2333 660 2372 ludis
693 2338 734 2372 et
766 2331 873 2371 bello
905 2334 1124 2384 repetitam
1155 2331 1382 2369 doctrinam
1413 2330 1454 2367 in
1478 2330 1539 2367 rei
1561 2328 1698 2381 publi-

237 2408 308 2434 cae
340 2393 736 2435 administrationem
771 2391 933 2441 forique
953 2390 1283 2428 concertationes
1307 2384 1569 2425 transtulisse
1593 2385 1696 2424 dici-

231 2455 313 2491 tur.
373 2449 529 2490 Eadem
556 2448 799 2500 metaphora
823 2446 911 2485 Cic.
938 2449 1066 2485 utitur
1089 2447 1239 2484 omissa
1260 2444 1500 2496 gradatione
1518 2443 1632 2481 Brut.
1652 2440 1695 2494 9,

236 2507 307 2549 37.
341 2505 680 2561 (delectabat
720 2505 882 2556 magis
913 2503 1279 2543 Athenienses
1311 2512 1453 2553 quam
1485 2497 1697 2538 inflam-

233 2565 428 2614 mabat3
461 2567 811 2617 processerat
841 2561 980 2600 enim
1011 2561 1062 2599 in
1101 2558 1267 2599 solem
1313 2562 1366 2597 et
1402 2553 1696 2610 puluerem,

328 2712 361 2755 ⁸)
390 2712 425 2746 in
451 2711 509 2744 his
535 2710 679 2754 quidem
703 2711 839 2754 passim
864 2709 1092 2743 aduerbialia
1115 2711 1264 2752 propter
1295 2706 1478 2740 defectum
1509 2703 1696 2748 participii

233 2769 313 2791 ens
341 2758 596 2792 attributorum
621 2757 737 2791 instar
762 2756 930 2799 usurpari
957 2756 1046 2790 satis
1073 2759 1227 2790 constat.
1264 2753 1322 2789 Cf.
1348 2753 1391 2786 de
1417 2751 1496 2785 Fin.
1523 2752 1553 2793 1,
1577 2750 1610 2785 6.
1640 2751 1695 2784 17.

233 2815 285 2838 ex
309 2808 511 2839 aeterno
535 2803 767 2849 intelligi
792 2803 977 2838 debere.
1002 2802 1068 2836 111.
1091 2801 1122 2845 ἕ.
1150 2800 1183 2834 5.
