1781 3192
275 776 369 829 Μ.
415 772 758 828 'femin
801 770 1301 826 memmius

468 895 603 967 DE
649 891 1105 966 LEGIBUS

563 1055 724 1092 LiBER
756 1052 1018 1092 TERTIUS.

726 1185 862 1197 ,ψ

171 1281 217 1323 Ι.
278 1279 311 1329 ᾧ.
348 1278 386 1319 1.
448 1276 659 1328 quadam
701 1274 1080 1325 admiratione]
1149 1273 1275 1312 Pron.
1319 1271 1519 1323 quidam

56 1337 326 1375 snbstantiuis
360 1335 577 1372 abstractis
621 1331 802 1370 additum
847 1333 1029 1382 speciem
1075 1331 1274 1381 quandam
1318 1330 1402 1378 rei,
1441 1341 1522 1365 non

56 1406 142 1431 rem
176 1394 408 1429 uniuersam
443 1390 662 1439 significat.
724 1390 986 1438 Quapropter
1014 1389 1257 1438 pronomine
1283 1390 1325 1423 et
1352 1390 1524 1435 augetur

58 1449 118 1486 rei
150 1449 264 1484 notio
297 1452 340 1484 et
370 1447 581 1483 minuitur.
643 1444 729 1481 Cic.
762 1444 814 1480 de
847 1444 918 1481 Or.
951 1444 996 1492 ΙΙ,
1031 1442 1096 1484 46.
1138 1441 1225 1482 194.
1259 1443 1372 1480 sine
1404 1453 1523 1491 quo-

60 1503 166 1541 dam
208 1502 407 1540 afflatu
447 1502 594 1552 quasi
635 1499 852 1537 furoris.
896 1499 976 1537 Off.
1012 1498 1049 1549 1,
1098 1497 1160 1539 14.
1205 1498 1273 1539 44.
1314 1497 1524 1549 quadam

58 1557 233 1610 gloria
268 1558 419 1596 ductu
435 1571 466 1595 S.
527 1556 590 1596 Cf.
623 1556 746 1606 Seyff.
780 1554 829 1592 ad
848 1554 956 1595 Lael.
978 1568 1017 1607 p.
1042 1553 1118 1595 199
1143 1561 1185 1593 et
1209 1555 1304 1595 322.
1365 1552 1524 1591 inutilis

59 1621 124 1652 est
143 1617 271 1666 igitur
290 1616 443 1653 Moseri
463 1614 698 1651 coniectura
723 1624 865 1662 quem
891 1611 1131 1662 equidem
1158 1611 1523 1659 admiratione,

58 1684 182 1722 praua
230 1680 363 1710 autem
413 1671 504 1707 Gzii
562 1682 709 1719 quern
761 1669 923 1706 nimia
971 1668 1182 1719 quadam
1232 1667 1356 1705 adm.
1434 1667 1523 1703 Non

60 1728 167 1765 enim
195 1728 388 1764 nimiae
418 1726 703 1764 admirationis
726 1731 840 1762 recte
862 1737 906 1762 se
936 1725 1100 1762 uidetur
1129 1725 1288 1762 Marcus
1319 1725 1523 1770 incusare,

0 1797 1 1816 1
60 1785 126 1834 qui
169 1781 265 1820 alibi
306 1782 381 1836 (ad
422 1784 508 1821 Att.
544 1782 620 1830 lv,
660 1782 721 1820 15.
756 1780 807 1818 de
836 1782 886 1818 N.
922 1782 969 1820 Ι).
1004 1781 1049 1830 ii,
1088 1781 1149 1820 12.
1184 1780 1278 1834 32.)
1322 1785 1363 1817 et
1400 1778 1523 1816 deum

58 1839 275 1878 Platonem
308 1845 427 1877 uocat
460 1846 503 1876 et
535 1852 622 1876 cum
657 1851 704 1875 eo
739 1850 875 1875 errare
908 1851 950 1874 se
984 1836 1104 1875 malle
1135 1837 1253 1888 dicit,
1285 1849 1400 1887 quam
1435 1848 1524 1873 curn

59 1894 151 1936 aliis
184 1909 282 1933 uere
314 1898 481 1935 sentire.
544 1895 627 1933 Cic.
666 1894 789 1934 Tusc.
825 1894 853 1943 Ι,
895 1895 952 1934 17.
987 1893 1052 1934 39.

174 1952 335 2003 dicis]
407 1954 487 1991 Per
524 1965 567 1989 se
611 1964 708 1988 sane
750 1953 904 2001 optima
946 1957 1010 1988 est
1050 1950 1250 1988 correctio
1299 1948 1437 1986 dicis
1484 1949 1524 1985 in

59 2011 245 2048 omnibus
279 2011 398 2047 editt.
434 2008 530 2046 inde
567 2022 587 2045 a
618 2008 814 2045 'lurnebo
848 2021 1067 2057 expressa,
1101 2011 1144 2043 ut
1175 2019 1293 2056 quem
1328 2007 1523 2042 uniuerse

61 2065 225 2104 'lullius
247 2067 555 2117 significauerit,
580 2065 613 2100 is
637 2064 789 2101 deinde
815 2064 1048 2101 distinctius
1072 2064 1320 2101 nominetur.
1355 2062 1418 2099 Cs.
1440 2062 1525 2099 Cic

60 2123 193 2160 deN.
229 2123 274 2160 D.
308 2119 340 2171 l
374 2121 442 2161 31.
473 2119 528 2160 ὃὸ
576 2126 785 2158 mortem
819 2119 938 2157 dico
981 2125 1030 2157 et
1069 2120 1208 2157 deos.
1251 2118 1302 2156 de
1342 2119 1412 2155 Or.
1446 2114 1525 2167 ΙΙΙ,

60 2177 256 2219 44174.
318 2180 402 2216 Nec
434 2184 568 2216 tamen
600 2179 741 2227 inepte
774 2178 932 2214 Atticus
962 2178 1091 2227 ipsam
1127 2174 1357 2212 admirandi
1388 2176 1525 2212 notio-

60 2248 157 2273 nem
186 2249 205 2273 a
236 2235 375 2273 ''lullio
403 2236 594 2272 iniectam
632 2239 773 2270 tenere
807 2239 928 2284 atque
961 2246 1032 2284 pro
1065 2231 1134 2270 illa
1160 2237 1370 2282 cognatam
1398 2244 1525 2281 quan-

65 2290 158 2326 dam
199 2292 407 2327 notionem
449 2287 507 2341 (i.
551 2290 583 2340 §-
627 2290 691 2329 15.
735 2303 881 2340 quem
925 2294 972 2327 tu
1019 2289 1330 2337 admiraris,
1381 2300 1524 2338 quem

66 2347 310 2382 omnibus
344 2348 664 2396 anteponis,
699 2359 839 2395 quem
875 2347 1090 2383 maxime
1113 2345 1310 2396 diligis.
1347 2344 1389 2383 ΙΙ.
1415 2342 1526 2395 ξ.4’.)

66 2402 318 2439 substituere
360 2401 533 2440 uidetur.
607 2400 688 2452 (Es
723 2404 777 2439 ist
818 2402 1000 2440 ofl'enbar
1038 2401 1180 2452 Plato,
1222 2402 1302 2439 den
1342 2400 1395 2438 du
1434 2413 1527 2437 ver-

66 2456 205 2511 ehrst)
284 2459 370 2506 Qua
414 2456 570 2495 leuiore
610 2471 652 2494 re
694 2460 906 2509 profligata
939 2459 988 2496 ad
1022 2464 1143 2510 caput
1174 2460 1234 2496 rei
1266 2456 1529 2509 progreditur

66 2520 114 2552 tu
149 2528 273 2552 uero
306 2538 357 2543 —-
392 2513 735 2567 laudaueris).
796 2517 1014 2553 Assentior
1039 2518 1165 2567 igitur
1194 2527 1302 2553 nunc
1334 2515 1526 2566 Zumptio

66 2570 158 2610 cod.
195 2572 305 2610 arcii.
340 2573 587 2621 scripturam
622 2570 809 2622 diligis
842 2573 1052 2611 retinenti.

179 2630 357 2666 nostri
387 2627 467 2665 illi
509 2640 566 2665 sc.
611 2628 827 2678 Epicurei,
867 2630 934 2679 qui
975 2631 1146 2680 primum
1188 2641 1329 2666 uerum
1372 2626 1528 2665 uidisse

67 2685 263 2723 dicebant
294 2685 514 2736 Epicurum
549 2686 763 2736 omniaque
795 2684 1041 2735 tradidisse,
1082 2698 1185 2737 quae
1216 2684 1264 2722 ad
1292 2685 1398 2723 bene
1430 2685 1529 2721 bea-

70 2747 192 2792 teque
225 2742 447 2780 uiuendum
482 2743 752 2792 pertinerent.
799 2743 865 2782 Cf.
906 2743 992 2782 Cic.
1036 2744 1129 2782 Fin.
1163 2742 1193 2792 Ι,
1227 2743 1266 2782 5.
1302 2739 1367 2781 14.
1411 2741 1528 2779 Lucr.

70 2799 123 2836 de
156 2799 253 2837 uer.
282 2800 374 2838 Nat.
410 2795 489 2837 lll.
522 2799 611 2837 init.

1265 2868 1313 2888 4«-
