1781 3192
197 189 285 227 108
767 189 836 227 DE
872 190 1104 229 LEGIBUS

202 300 241 343 6.
282 301 344 342 15.
377 299 643 355 (omnibus
687 305 778 337 aut
819 304 1060 341 maximis
1100 303 1255 340 rebus
1297 303 1391 352 iis,
1431 316 1558 354 quae
1598 317 1671 340 se-

203 357 420 395 cundum
451 361 690 393 naturam
724 357 866 408 sint,
896 359 1168 397 fruentem
1207 356 1415 411 uiuere)
1456 359 1579 397 ’l‘usc.
1614 356 1670 408 V,

204 414 271 455 30,
313 412 380 452 84,
421 409 583 463 (nihil
625 413 832 463 bonum,
874 415 975 452 nisi
1015 420 1231 453 naturae
1279 416 1473 466 primis
1522 415 1670 452 bonis

206 475 291 509 aut
334 469 574 505 omuibus
609 475 695 505 aut
727 471 961 509 maximis
1001 468 1149 522 frui).
1217 470 1372 519 Quodsi
1411 473 1473 509 cui
1515 469 1558 507 id
1599 470 1673 507 ob-

207 534 317 564 stare
350 524 530 572 uidetur,
573 523 679 573 quod
720 526 807 575 ipsa
847 527 1017 564 uirtus
1059 528 1098 564 in
1139 526 1201 564 his
1244 527 1552 564 definitionibus
1591 538 1673 563 non

207 584 454 629 nominatur,
488 582 722 617 continetur
751 580 819 618 illa
852 583 972 620 rebus
1008 585 1071 632 iis,
1106 596 1208 633 quae
1236 583 1461 620 secundum
1487 590 1671 620 naturam

206 643 302 676 sunt
333 635 409 691 (cf.
444 636 585 674 Mfflln·
617 636 669 674 de
699 638 791 675 Fin-
825 651 865 689 p.
898 637 1006 692 508)
1048 644 1089 677 et
1129 641 1370 677 nominatim
1412 640 1581 676 effertur
1619 636 1672 675 de

209 697 297 733 isin.
342 694 402 743 11,
449 693 510 732 11.
559 691 627 731 34.
676 694 984 739 (secundum
1036 701 1277 733 naturam
1329 697 1514 733 uiuere
1558 696 1588 732 i.
1637 706 1672 733 e.

208 753 408 789 uirtute
464 748 717 786 adhibita
778 749 886 788 frui
940 753 1130 801 primis
1176 765 1196 789 a
1244 756 1441 789 natura
1487 745 1673 802 datis).

208 806 370 845 Deinde
410 807 451 842 in
492 805 630 842 Stoica
674 807 822 843 summi
873 807 965 844 boni
1013 807 1277 857 delinitione,
1325 810 1441 845 cuius
1492 807 1674 858 priorem

207 868 366 914 partem
400 865 513 899 recte
545 860 780 911 Maduigius
813 861 865 900 de
896 863 986 902 Fin.
1020 860 1101 913 ΙΙΙ,
1131 864 1172 904 (5.
1199 864 1267 903 22.
1313 876 1548 914 expressam
1581 872 1674 899 esse

208 920 311 957 dicit
352 931 399 955 ex
436 919 638 968 Antipatri
681 918 902 956 Tarsensis
940 920 1076 957 uerbis
1120 934 1185 972 ap.
1219 920 1335 958 Stob.
1367 920 1466 958 Eth.
1501 932 1542 970 p.
1585 916 1676 966 136,

209 977 359 1014 uerba:
395 973 534 1024 quod
567 975 715 1011 inter
741 975 864 1012 haec
891 998 946 1002 —
968 977 1178 1026 uiuere,
1212 989 1314 1027 quae
1338 976 1436 1014 Dau.
1467 981 1509 1013 et
1533 973 1679 1011 Bakius

209 1047 230 1070 a
272 1030 414 1070 Tullio
454 1030 761 1080 abiudicaruut,
805 1030 946 1069 addita
987 1036 1083 1069 sunt
1118 1038 1368 1084 propterea,
1412 1036 1457 1069 ut
1486 1028 1679 1069 uirtuti

209 1089 261 1126 de
305 1088 537 1125 Stoicorum
590 1088 796 1124 sententia
843 1089 1107 1138 praecipuum
1162 1088 1364 1139 quendam
1412 1087 1545 1125 locum
1592 1085 1680 1122 dari

210 1147 386 1198 pateret.
448 1143 503 1181 Cf
545 1142 631 1180 Cic.
665 1142 716 1179 de
745 1143 826 1181 Off.
861 1140 942 1193 ΙΙΙ,
976 1143 1016 1183 3.
1054 1143 1118 1186 13.
1161 1146 1354 1182 etenim
1388 1142 1520 1194 quod
1551 1154 1603 1179 su
1618 1153 1679 1177 m-

209 1213 333 1239 mum
363 1200 544 1237 bonum
577 1212 598 1236 a
620 1199 828 1237 Stoicis
854 1198 1079 1249 dicitur,
1113 1201 1506 1239 conuenienter
1532 1201 1678 1234 natu-

208 1269 300 1296 rae
332 1257 536 1305 uiuere,
571 1254 622 1292 id
651 1255 810 1293 habet
840 1256 983 1307 hanc,
1015 1261 1066 1294 ut
1100 1258 1300 1308 opinor,
1333 1253 1679 1301 sententiam,

209 1326 317 1352 cum
370 1312 574 1349 uirtute
625 1324 930 1361 congruere
975 1326 1203 1364 semper,
1267 1317 1448 1350 cetera
1498 1313 1678 1356 autem,

211 1381 345 1421 quae
389 1366 673 1406 secundum
715 1373 954 1405 naturam
997 1374 1201 1418 essent,
1247 1370 1322 1405 ita
1373 1367 1588 1418 legere,
1637 1364 1679 1401 si

213 1440 270 1464 ea
303 1425 495 1461 uirtuti
530 1436 626 1460 non
667 1430 1058 1473 repugnarent.
1129 1426 1312 1475 Denique
1355 1421 1525 1461 uoculae
1566 1434 1682 1471 qua-

211 1485 436 1535 propter
464 1478 680 1530 ponendae
712 1479 814 1516 haec
854 1480 958 1517 ratio
1001 1480 1089 1519 fuit.
1169 1480 1267 1518 Cum
1309 1477 1522 1518 difficilem
1564 1479 1682 1514 istam

213 1537 358 1577 summi
391 1537 486 1573 boni
521 1533 857 1572 diiudicationem
888 1548 980 1573 esse
1023 1536 1209 1585 dixisset,
1246 1535 1319 1573 sed
1351 1540 1485 1573 tamen
1521 1532 1685 1570 exclusa

217 1595 506 1645 Epicureorum
549 1592 759 1629 sententia
807 1591 937 1629 solam
982 1593 1324 1630 Academicorum
1372 1597 1414 1629 et
1453 1591 1684 1628 Stoicorum

214 1651 415 1689 rationem
460 1649 499 1685 in
546 1660 713 1685 censum
760 1649 902 1685 uenire
941 1648 1198 1698 addidisset,
1252 1650 1346 1699 quia
1396 1646 1685 1685 difficultatem

216 1707 431 1755 utriusque
484 1702 772 1741 diiudicandae
822 1717 900 1741 non
952 1705 1204 1754 sustulerat,
1258 1718 1306 1741 an
1351 1715 1537 1754 umquam
1586 1701 1688 1737 haec

214 1762 400 1815 quaestio
440 1761 650 1812 profligari
689 1764 848 1810 posset,
894 1760 1108 1800 dubitauit.
1171 1757 1313 1812 ltaque
1346 1770 1571 1811 pronomen
1593 1757 1686 1794 hoc

218 1820 268 1857 ad
310 1816 439 1856 solam
479 1817 701 1854 academici
745 1821 786 1853 et
825 1818 943 1854 stoici
982 1818 1077 1854 finis
1108 1817 1443 1855 diiudicationem
1477 1815 1687 1865 pertinere

219 1876 425 1914 existimo.
486 1872 649 1923 Reliqui
694 1871 744 1909 ad
787 1873 1020 1910 uniuersam
1063 1873 1397 1912 diiudicationem
1431 1869 1688 1917 retulerunt3

220 1945 323 1983 quae
353 1943 421 1968 res
455 1930 620 1978 Gzium,
653 1928 882 1978 Moserum,
914 1928 1113 1968 Orellium
1145 1928 1323 1980 impulit,
1358 1932 1399 1966 ut
1430 1927 1689 1965 haecomnia

219 1988 314 2026 sed
349 1992 501 2024 certe
535 2010 586 2013 —
621 1985 809 2022 uiuere
841 1986 1081 2036 parenthesi
1113 1986 1514 2025 circumscriberent.
1581 1981 1690 2021 Male

220 2045 350 2095 wytt.
383 2043 561 2081 coniecit
592 2041 864 2092 probauitque
888 2040 1069 2079 Orellius
1102 2044 1247 2079 intra
1272 2055 1344 2091 pro
1370 2042 1520 2077 inter.
1570 2040 1692 2078 Men-

221 2101 315 2138 dum
356 2099 510 2136 codicis
549 2098 663 2134 arch.
706 2098 901 2135 habeut
936 2097 1032 2134 inde
1089 2099 1135 2136 ab
1180 2098 1370 2134 Ernestio
1416 2097 1564 2133 merito
1617 2096 1692 2132 uiri

222 2157 331 2194 docti
380 2153 655 2191 sustulerunt.
723 2153 885 2190 Pariter
936 2154 1008 2190 Ac.
1051 2150 1115 2202 ll,
1164 2154 1224 2192 17.
1266 2151 1335 2191 51.
1379 2153 1483 2190 Gzio
1526 2156 1693 2190 auctore

221 2212 298 2266 (de
338 2212 430 2250 Fin.
474 2206 504 2248 Ι.
546 2209 575 2259 ξ
617 2205 713 2260 25.)
753 2209 935 2248 Schuetz
990 2213 1032 2246 et
1075 2211 1146 2248 Or.
1186 2222 1260 2262 pro
1303 2209 1531 2247 habeant
1566 2208 1693 2246 resti-

220 2271 392 2307 tuerunt
422 2266 632 2304 habeat.

339 2326 462 2374 apta
492 2320 715 2370 uirtute]
788 2320 917 2371 Apta
955 2325 1019 2359 est
1061 2321 1199 2360 mendi
1241 2320 1333 2360 cod.
1373 2320 1484 2359 arch.
1517 2323 1696 2371 aperta

224 2380 458 2418 necessaria
505 2379 722 2416 correctio.
795 2376 997 2415 Similiter
1038 2377 1139 2415 dixit
1177 2378 1264 2415 Cic.
1306 2378 1378 2416 Ac.
1421 2377 1478 2427 ll,
1522 2376 1586 2416 10.
1626 2374 1697 2416 31.

226 2449 285 2475 ex
328 2448 422 2486 qua
460 2447 516 2472 re
558 2447 655 2472 una
694 2433 777 2486 (sc.
819 2434 994 2481 uirtute)
1035 2436 1207 2472 omnis
1248 2435 1360 2471 uita
1400 2438 1523 2484 apta
1555 2434 1627 2470 sit
1656 2435 1699 2469 et

227 2494 380 2531 omissa
411 2491 718 2542 praepositione
763 2489 891 2528 Tusc.
923 2490 975 2539 V,
1012 2488 1074 2530 14'.
1108 2489 1176 2529 40.
1219 2489 1535 2528 rudentibus
1578 2492 1696 2538 apta

226 2549 453 2587 fortuna.
517 2544 661 2597 ltaque
691 2559 768 2584 nec
801 2547 983 2598 Zumptii
1017 2547 1253 2584 coniectura
1285 2551 1410 2597 apta
1442 2558 1464 2582 e
1496 2545 1697 2582 uirtute

228 2610 294 2643 est
335 2604 569 2642 necessaria
612 2615 687 2640 nec
728 2602 956 2653 probabilis
994 2602 1284 2653 Cannegieteri
1325 2605 1443 2652 apta
1480 2601 1693 2637 uirtuti,

226 2662 323 2700 Uita
350 2665 443 2711 apta
475 2661 627 2697 uirtute
661 2666 725 2696 est
755 2672 818 2707 ea,
849 2672 951 2709 quae
982 2672 1030 2697 ex
1062 2660 1212 2697 uirtute
1244 2657 1426 2709 pendeat
1455 2656 1505 2694 ad
1528 2667 1699 2706 eamque

228 2724 313 2755 tota
347 2716 558 2763 dirigatur.

349 2777 544 2824 quantu
562 2785 596 2808 m
644 2773 690 2808 iu
733 2771 871 2822 ipso]
947 2769 1297 2820 Quemadmodum
1343 2774 1435 2819 post
1474 2769 1703 2805 uniuersam

1773 2518 1779 2540 ἒ

1773 2687 1776 2702 ῑ
