1781 3192
258 173 320 211 90
828 176 898 215 DE
934 177 1162 220 LEGIBUS

379 300 502 338 ergo
542 288 691 338 item]
763 290 832 329 Sic
878 296 993 330 recte
1035 294 1284 346 superiores.
1355 295 1530 347 Bakius,
1574 302 1642 351 qui
1684 313 1732 340 ex

263 344 414 386 mendo
456 343 640 383 codicum
674 345 890 385 meliorum
937 350 1116 388 eadem
1160 350 1262 387 11300
1304 350 1465 390 effecit:
1505 366 1631 406 ergo
1672 371 1730 396 ea

263 404 463 442 demum
495 402 745 453 iustitia,
778 416 930 454 quae,
962 418 1040 444 non
1076 405 1369 444 animaduertit
1399 414 1512 447 recta
1545 413 1608 449 uia
1636 426 1728 452 ora-

259 462 414 498 tionem
448 468 495 495 eo
528 458 719 509 tendere,
752 465 796 498 ut
822 461 1020 501 iustitiam
1053 461 1158 500 nihil
1186 464 1357 512 praemii
1383 471 1595 518 expetere,
1630 481 1728 520 ergo

257 528 334 568 per
365 527 409 552 se
442 514 714 565 expetendam
749 529 842 554 esse
872 518 1142 570 intelligatur.

369 569 458 608 ead
473 583 649 622 emque
680 576 965 613 sententia
992 575 1091 626 est]
1153 574 1442 615 praetermisit
1465 578 1568 616 haec
1599 581 1726 619 uerba

254 631 297 668 in
345 629 692 678 interpretatione
739 630 960 669 uernacula
1003 632 1245 681 Zumptius;
1299 646 1392 671 casu
1437 647 1485 671 an
1539 635 1724 675 consulto

256 687 413 726 nescio.
490 684 568 723 Alii
620 699 762 737 parum
808 691 923 725 recte
961 689 1311 739 interpretantur,
1361 695 1404 727 ut
1455 692 1607 742 Gzius,
1657 694 1724 744 qui

254 743 450 783 Turnebo
484 746 526 780 et
556 742 760 793 Wagnero
792 746 1024 782 auctoribus
1065 745 1189 782 uerba
1233 758 1390 784 causa
1428 752 1469 784 et
1505 753 1722 786 senten-

251 804 327 840 tia
358 800 399 837 h.
428 797 455 836 l.
490 812 538 837 ex
568 812 613 837 re
645 799 803 837 forensi
833 803 1011 851 repetita
1043 814 1135 839 esse
1173 800 1290 838 dixit.
1362 804 1578 841 Sententia
1618 805 1722 844 haec

253 863 343 896 est:
377 854 555 894 Gleiche
586 856 871 894 Bewandtniss
902 858 975 896 hat
1006 872 1049 895 es
1081 858 1156 894 mit
1196 856 1304 896 allen
1339 860 1595 910 'l'ugenden,
1638 862 1721 899 und

252 914 332 953 alle
364 913 496 951 haben
541 911 765 951 denselben
801 913 918 952 Sinn.
987 915 1151 952 Causa
1194 918 1259 951 est
1297 917 1422 966 igitur
1459 916 1550 954 fere
1592 917 1719 967 idem,

249 970 359 1022 quod
390 968 657 1018 conditio,
687 983 858 1020 quocum
894 970 945 1008 de
976 969 1058 1021 leg.
1091 983 1173 1020 agr.
1206 966 1287 1020 III,
1322 972 1362 1011 2.
1389 970 1428 1011 9.
1461 978 1725 1023 permutatur

248 1029 288 1066 in
322 1041 367 1067 re
400 1025 562 1076 eadem,
597 1025 949 1077 contemplatione
983 1027 1163 1076 diuersa,
1198 1030 1407 1071 sententia
1439 1029 1600 1069 eadem.
1652 1030 1715 1071 Cf.

245 1084 364 1123 Halm
409 1097 483 1134 pro
518 1084 626 1122 Sest.
662 1082 728 1132 16,
761 1083 847 1132 57.,
888 1085 954 1134 qui
996 1083 1137 1121 laudat
1175 1083 1316 1122 Madu.
1362 1084 1414 1122 de
1452 1085 1542 1125 Fiu.
1578 1083 1612 1136 I,
1651 1086 1715 1126 15.

246 1140 317 1182 49.
379 1141 660 1179 Sententia
693 1144 827 1178 autem
861 1145 926 1178 est
957 1140 1014 1189 id,
1055 1139 1163 1189 quod
1192 1140 1232 1176 in
1266 1153 1311 1177 re
1341 1142 1588 1180 nominanda
1617 1155 1713 1180 sen-

244 1200 360 1249 titur,
393 1201 436 1235 ut
467 1198 547 1235 Off.
580 1197 648 1246 111,
682 1195 723 1236 3.
758 1195 822 1236 13.
857 1195 907 1234 de
940 1197 1034 1247 Leg.
1070 1196 1120 1245 11,
1154 1194 1190 1235 5.
1234 1196 1291 1236 11.

358 1256 392 1302 ᾇ.
426 1252 494 1294 49.
563 1258 747 1304 suapte
785 1245 857 1302 bi]
925 1253 984 1290 Ex
1021 1250 1112 1290 cod.
1166 1253 1278 1290 arch.
1329 1251 1479 1290 111011110
1529 1258 1712 1305 suapte

244 1315 417 1352 uirtus
459 1311 606 1362 Steph.
647 1311 750 1348 Dan.
798 1309 899 1347 ΕΓΗ.
949 1309 1093 1359 lVagn.
1141 1308 1290 1347 Bakius
1342 1309 1573 1346 ell'ecerunt
1621 1324 1713 1349 sua

242 1372 432 1420 sponte
475 1369 680 1416 uirtuS,
729 1365 876 1416 reliqui
919 1365 1169 1403 deteriorum
1218 1365 1472 1416 quorundam
1522 1366 1708 1405 codicum

239 1426 542 1465 correctionem
576 1427 761 1472 suapte
792 1426 984 1460 natura
1015 1422 1187 1458 uirtus
1221 1427 1527 1473 expresserunt.
1594 1425 1710 1472 Quo-

239 1495 328 1521 rum
361 1486 580 1531 utrumqne
620 1491 696 1530 per
738 1491 782 1516 se
825 1483 940 1515 recte
981 1490 1026 1515 se
1066 1476 1206 1515 habet.
1268 1479 1369 1515 Nam
1410 1478 1518 1528 quod
1559 1479 1739 1518 Bakius-

240 1542 364 1589 negat
409 1541 599 1588 suapte
645 1539 836 1573 natura
875 1538 990 1572 recte
1032 1532 1135 1582 dici,
1178 1535 1269 1585 quia
1308 1532 1421 1572 nulla
1461 1533 1564 1573 11.1.
1608 1550 1707 1575 con-

237 1597 377 1647 spicua
408 1598 521 1632 esset
552 1593 774 1645 oppositio,
806 1603 886 1628 non
917 1588 1208 1629 animaduertit
1236 1590 1322 1641 ille,
1359 1591 1483 1629 uerba
1514 1599 1705 1645 suapte

236 1655 425 1690 natura
459 1651 674 1688 coniuncta
699 1648 849 1700 opponi
873 1660 995 1699 posse
1020 1645 1326 1698 emolumentis,
1361 1647 1706 1698 quemadmodum

235 1708 288 1747 de
319 1708 392 1747 Or.
436 1703 495 1757 11,
539 1706 605 1748 23.
646 1703 714 1744 98.
754 1710 939 1755 suapte
979 1707 1171 1741 natura
1209 1706 1431 1755 opponitur
1481 1705 1701 1744 imitationi

233 1764 422 1803 aliorum.
484 1763 567 1802 Sed
608 1761 863 1815 probabilius
905 1766 1040 1799 tamen
1080 1759 1272 1798 Ciceroni
1314 1760 1551 1798 restituisse
1601 1763 1703 1799 mihi

234 1822 381 1860 uideor
413 1822 484 1869 ui,
519 1822 632 1858 cuius
664 1823 836 1870 propter
875 1816 1036 1855 litteras
1080 1817 1271 1865 easdem,
1314 1829 1416 1867 quae
1459 1824 1702 1867 sequuntur,

231 1877 430 1916 facillima
463 1878 630 1915 omissio
663 1876 756 1913 fnit.
817 1872 900 1913 Cic.
943 1874 994 1911 de
1032 1872 1127 1911 Fin.
1158 1872 1226 1923 111,
1265 1871 1303 1913 6.
1337 1872 1403 1912 21.
1445 1871 1494 1920 ll,
1528 1873 1594 1915 26.
1628 1875 1699 1914 2³2.

232 1931 290 1985 ΙΙ,
327 1933 492 1975 1144.
541 1932 679 1985 quod
721 1933 792 1970 sit
840 1931 1011 1981 ipsum
1055 1930 1104 1966 ui
1147 1943 1234 1968 sna
1272 1932 1499 1981 propter
1537 1942 1700 1982 seque

233 1993 405 2043 ipsum
439 1989 804 2042 expetendum.

345 2061 442 2086 una
485 2049 590 2085 erit
627 2047 824 2093 uirtuS,
877 2056 1007 2095 quae
1049 2066 1102 2071 —
1145 2042 1381 2092 dicetur]
1459 2043 1696 2094 Dicitur,

230 2103 338 2154 quod
380 2109 444 2142 est
482 2105 524 2141 in
562 2102 836 2140 deterioribus
877 2099 1113 2151 quibusdam
1156 2099 1277 2138 codd.
1318 2104 1489 2149 propter
1519 2112 1692 2150 praece-

230 2159 333 2198 dens
362 2160 440 2198 fut.
476 2164 637 2210 tempus
671 2152 822 2211 (erit)
856 2157 903 2194 ab
934 2156 1011 2193 hoc
1041 2154 1132 2193 loco
1166 2156 1342 2193 alienum
1384 2161 1461 2195 est.
1534 2157 1690 2207 Requi-

226 2217 333 2255 ritur
367 2220 436 2254 aut
467 2215 702 2263 dicetur,
737 2212 845 2264 quod
874 2212 990 2251 codd.
1022 2211 1215 2250 meliores
1248 2216 1393 2249 tenent
1419 2225 1509 2249 cum
1538 2212 1692 2265 pleris-

229 2285 307 2323 que
332 2271 601 2321 deteriorum,
631 2276 701 2308 aut
724 2269 950 2318 dicatur,
976 2268 1083 2319 quod
1108 2268 1292 2306 aduersis
1318 2268 1526 2306 codicibus
1548 2283 1691 2321 parum

225 2328 497 2380 probabiliter
523 2328 623 2365 111-11.
657 2327 847 2365 001110011.
908 2326 999 2363 1Νο11
1035 2326 1143 2362 0111111
1177 2327 1341 2362 uirtutis
1373 2325 1487 2375 quasi
1519 2325 1692 2376 qualita-

226 2391 310 2424 tem
345 2384 545 2436 quandam
581 2384 741 2422 definiri
774 2393 947 2420 neccsse
981 2386 1066 2430 cst3
1098 2386 1140 2419 et
1172 2387 1341 2419 externo
1362 2382 1500 2432 potius
1526 2381 1688 2421 uinculo

226 2444 436 2481 sententia
467 2441 641 2479 relatiua
680 2453 770 2478 cum
811 2439 1092 2490 praecedente
1133 2440 1350 2476 coniuncta
1382 2442 1460 2488 est,
1500 2443 1544 2476 ut
1573 2437 1686 2478 Lael.

225 2496 295 2548 23,
322 2497 390 2540 86.
440 2511 538 2536 una
577 2501 660 2535 est
698 2497 834 2534 enim
877 2497 1121 2535 amicitia
1159 2496 1208 2533 in
1242 2496 1400 2533 rebus
1428 2495 1683 2542 humanis,

223 2553 286 2592 de
319 2556 463 2593 cuius
498 2553 747 2592 utilitate
776 2565 954 2590 omnes
986 2553 1353 2591 consentiunt.
1413 2551 1575 2599 Bakius,
1614 2550 1684 2600 qui

219 2611 322 2649 haec
346 2612 548 2650 coniecit:
579 2609 727 2648 nulla
753 2610 861 2647 erit
883 2611 1059 2647 uirtus
1085 2613 1244 2659 atque
1267 2606 1470 2645 malitia
1493 2607 1682 2644 rectis-

218 2669 352 2706 sime
385 2667 614 2717 dicetur,
647 2680 725 2704 non
752 2665 1061 2716 animaduertit,
1084 2667 1257 2717 primum
1286 2664 1525 2712 uirtutis,
1561 2675 1679 2713 quam

213 2723 336 2762 modo
365 2725 666 2773 nomimmerat,
691 2735 839 2761 nomen
864 2735 885 2760 a
903 2723 1103 2761 Cicerone
1121 2722 1308 2772 retineri,
1331 2718 1484 2758 deiude
1509 2731 1676 2769 nomen,

211 2793 288 2830 quo
321 2782 458 2820 uerius
494 2778 740 2834 appelletur,
771 2780 976 2820 substitui.

1779 1675 1781 1708 i

1779 1720 1781 1740 ι

1777 1747 1781 1774 1

1778 1775 1781 1797 i

1776 1801 1781 1829 Ι
