1781 3192
471 185 633 224 LlBER
662 183 922 225 TERTIUS.
970 184 1071 224 CM».
1104 183 1173 224 lx,
1468 183 1558 223 285

86 299 196 340 illam
231 298 441 338 collaudet
472 310 548 336 nec
581 295 662 336 ulla
683 310 779 349 spes
804 296 1055 336 consulatus.
1119 298 1266 335 Parum
1293 300 1408 334 recte
1430 294 1553 334 Mad-

87 359 218 409 uigius
252 356 302 394 de
335 356 425 395 Fin.
457 369 499 407 p.
525 353 621 395 723.
657 356 711 392 ibi
745 353 917 393 alterum
952 355 1186 392 rhetoricae
1208 353 1551 404 interrogationis

87 427 217 466 genus
249 413 464 451 confusum
491 424 581 450 esse
604 413 764 464 putauit
787 424 875 449 cum
903 410 1155 450 cxclamandi
1181 409 1353 461 quodam
1379 421 1551 460 genere,

87 470 205 522 quale
238 470 433 506 habemus
465 469 495 519 ᾗ.
529 468 594 508 22.
628 467 719 506 sed
751 466 845 506 ille
882 482 1003 519 quas
1034 467 1084 521 (i.
1119 480 1154 507 e.
1187 464 1382 519 quantas)
1419 471 1552 504 stra-

86 539 172 579 ges
205 523 404 562 edidit!
438 524 490 562 de
523 525 612 565 Fin.
645 525 702 575 ll,
745 523 815 565 28.
857 523 926 565 93.
968 537 1097 575 quos
1136 522 1234 561 ille
1277 524 1551 560 cruciatus

85 579 413 636 perferebat!
459 581 679 631 '1¹11sc.¹!,
720 580 763 621 8.
796 582 862 621 20.
907 595 1034 633 quas
1080 581 1164 618 hic
1207 591 1369 617 uoces
1418 578 1553 630 apud

85 637 399 690 Sophoclem
433 636 569 676 edit!
603 636 753 692 (sumsi
786 638 887 676 haec
921 636 1107 689 exempla
1141 651 1160 674 a
1194 633 1355 688 Bakio).
1405 631 1552 687 Inepta

83 699 148 733 est
177 695 291 733 Lbini
327 695 587 732 coniectura:
620 708 764 745 quem
797 697 931 733 enim
966 694 1059 732 ille
1090 689 1291 732 edidit?

196 767 250 801 ut
281 764 448 814 impio
481 763 581 814 cet]
644 763 918 801 Continuatur
943 760 1168 799 similitudo
1200 759 1318 812 pueri
1348 759 1552 810 procreati

81 818 266 870 luditque
304 820 451 858 Cicero
492 821 530 857 in
576 824 735 871 patrum
787 817 1089 869 appellatione,
1141 818 1173 855 si
1215 815 1377 868 quidem
1420 815 1552 866 pietas

82 878 258 914 maxime
292 889 385 926 erga
416 882 610 928 parentes
643 876 902 914 censebatur.
944 875 1041 916 ssak.

196 945 367 982 omnia
400 944 582 981 infima
616 942 850 992 summis]
912 941 1030 980 Nulla
1071 941 1110 981 h.
1145 938 1171 980 l.
1212 950 1314 990 opus
1354 941 1420 976 cst
1460 949 1553 975 cor-

81 1001 292 1050 rectione,
345 1013 449 1051 quae
501 1006 542 1037 et
583 1005 679 1037 ante
726 997 949 1050 dupliciter
997 1003 1154 1036 tentata
1206 1009 1227 1034 a
1268 996 1438 1033 Dauisio
1488 997 1553 1031 est

80 1056 267 1109 (omnia
309 1058 578 1106 turbauit,
619 1057 857 1105 miscuit,
910 1055 1099 1092 infima
1140 1052 1354 1090 summis
1401 1051 1552 1102 paria

80 1114 218 1151 fecit
250 1119 319 1151 aut
351 1113 456 1164 quod
491 1114 613 1150 etiam
650 1112 854 1162 Wagnero
892 1111 1074 1162 placuit,
1117 1109 1300 1146 infima
1338 1106 1552 1144 summis

78 1171 230 1221 paria
262 1170 418 1219 fecit,
451 1170 620 1206 omnia
653 1168 915 1217 turbauit,
949 1164 1194 1217 miscuit)
1225 1168 1267 1201 et
1297 1167 1438 1200 nostra
1480 1174 1552 1199 ae-

79 1230 165 1265 tate
196 1240 218 1264 a
250 1225 377 1264 Bakio
409 1223 605 1280 (omnia
636 1224 826 1262 infima
858 1236 1051 1261 summa
1081 1223 1233 1271 paria
1265 1219 1400 1256 fecit
1429 1213 1549 1271 cet.)

78 1295 134 1332 At
173 1295 231 1332 sic
270 1294 395 1331 uerba
435 1292 628 1330 infima
665 1304 875 1341 summa,
923 1303 1026 1341 quae
1068 1275 1372 1325 ἇσυνόέτως
1416 1284 1553 1336 posita

79 1350 252 1388 eandem
291 1353 374 1387 uim
414 1349 594 1399 hahent,
638 1348 752 1398 quasi
793 1345 1009 1398 particulis
1048 1353 1100 1386 et
1140 1367 1196 1375 —
1236 1349 1286 1382 et
1332 1343 1552 1381 coniuncta

81 1406 165 1442 sint
202 1404 277 1457 (ad
308 1406 423 1445 Fam.
458 1405 518 1454 V,
550 1406 588 1445 8.
622 1404 660 1444 5.
698 1404 897 1442 scribis
940 1403 1001 1440 de
1043 1402 1282 1441 omnibus
1323 1397 1549 1437 minimis

79 1461 319 1499 maximis
363 1461 528 1501 rebus.
562 1459 663 1498 ibid.
697 1464 917 1498 utantur
954 1461 1004 1497 in
1043 1459 1279 1497 omnibus
1318 1451 1550 1508 publicis

83 1519 311 1569 priuatis
339 1514 621 1570 negotiis),
653 1517 803 1554 obiecti
842 1519 999 1553 tantum
1035 1511 1256 1570 (omnia)
1298 1508 1550 1564 epexegesin

80 1574 351 1611 continerent
383 1572 587 1624 simulque
631 1574 891 1623 pertinerent
929 1571 980 1609 ad
1020 1573 1146 1610 uerba
1185 1568 1255 1608 illa
1293 1566 1550 1615 turbauit,

79 1631 307 1669 miscuit.
387 1630 614 1667 Continent
663 1643 761 1667 uero
812 1630 1061 1681 epexegesin
1115 1628 1332 1665 uerborum
1377 1622 1551 1662 omnia

76 1687 223 1738 paria
263 1686 398 1724 secit
450 1691 491 1724 et
541 1699 617 1737 per
653 1685 1018 1736 breuiloquentiam
1062 1683 1263 1735 quandam
1304 1682 1416 1719 dicta
1455 1681 1551 1717 sunt

77 1756 151 1795 pro
193 1744 369 1780 omnia
411 1748 459 1780 et
499 1743 686 1780 infima
726 1742 927 1794 quidem
968 1742 1184 1779 summis
1225 1740 1372 1791 paria
1401 1735 1548 1774 fecit.

77 1798 279 1838 Similiter
311 1798 418 1850 apud
453 1800 541 1837 Liu.
575 1798 643 1848 lv,
685 1800 717 1838 l.
752 1812 843 1836 cum
887 1799 1038 1835 infimis
1082 1809 1284 1835 summum
1326 1792 1548 1844 imperium

76 1855 233 1906 uulgari
285 1862 426 1907 patres
467 1862 707 1906 queruntur.
780 1855 955 1904 Gzium,
995 1855 1062 1904 qui
1105 1854 1324 1891 uerborum
1363 1852 1548 1902 ipsorum

76 1911 367 1951 turbulentiori
402 1914 588 1964 profluxu
630 1916 839 1950 auctorem
882 1913 1022 1948 turbas
1064 1911 1165 1947 istas
1206 1910 1409 1946 imitatum
1453 1915 1548 1942 esse

77 1981 148 2030 ait,
182 1985 224 2017 et
243 1980 470 2029 Moserum,
503 1982 567 2031 qui
594 1980 717 2017 uerba
748 1980 826 2017 tria
860 1962 1164 2014 ἇσυνδέτως
1207 1977 1399 2027 coniungi
1431 1973 1548 2024 dixit,

75 2037 223 2075 merito
254 2036 403 2074 Bal-uus
436 2037 668 2087 castigauit.

189 2116 297 2142 cum
339 2103 669 2153 afflixisset]
739 2103 1040 2152 Posteaquam,
1095 2114 1197 2152 quae
1233 2101 1408 2152 primum
1447 2111 1550 2150 puer

76 2161 225 2212 impius
257 2160 445 2209 fecisset,
478 2160 681 2212 exposuit,
722 2161 782 2196 sic
813 2171 990 2209 pergere
1032 2159 1188 2210 potuit:
1229 2169 1319 2194 nec
1354 2154 1548 2193 deinde

75 2222 252 2255 tamen
285 2218 616 2267 conquieuit.
680 2215 761 2254 Sed
806 2215 951 2252 maluit
988 2219 1125 2252 tamen
1161 2212 1324 2251 Tullius
1353 2216 1547 2249 euentum

79 2284 243 2320 eorum,
294 2284 396 2320 quae
435 2274 609 2322 primum
643 2273 847 2322 patrauit,
893 2273 1080 2309 breuiter
1121 2270 1388 2317 describere,
1428 2280 1547 2319 quam

77 2340 143 2365 res
178 2326 423 2378 simpliciter
448 2340 705 2366 enumerare.
767 2328 830 2367 Cf.
874 2327 925 2365 de
962 2328 1039 2365 hac
1078 2327 1276 2365 orationis
1318 2325 1452 2362 forma
1489 2326 1548 2363 sic

77 2383 293 2432 inchoata,
333 2384 445 2433 quasi
490 2383 685 2421 deinde
718 2385 774 2421 sit
805 2388 1064 2435 secuturum,
1097 2384 1172 2421 sed
1206 2386 1362 2420 mutata
1393 2379 1549 2418 deinde

77 2446 120 2478 et
152 2439 230 2477 alio
264 2439 567 2490 quodammodo
600 2438 786 2477 absoluta
816 2440 856 2476 in
896 2441 1040 2491 primis
1072 2441 1264 2478 Beierum
1307 2437 1358 2475 ad
1399 2437 1477 2477 Off.
1512 2433 1547 2487 I,

81 2495 148 2537 14.
185 2495 253 2536 44.
289 2500 331 2533 et
363 2508 464 2545 quos
498 2494 551 2533 de
582 2496 675 2534 Fin.
707 2509 749 2547 p.
781 2494 850 2536 36.
882 2496 1117 2547 Maduigius
1148 2495 1288 2533 laudat
1317 2494 1547 2532 Manutium

77 2552 128 2591 ad
159 2553 276 2591 Fam.
311 2548 369 2602 ll,
400 2549 439 2591 9.
473 2557 515 2589 et
550 2552 638 2601 Vll,
668 2552 736 2592 23.
765 2551 913 2604 Wopk.
946 2553 1082 2593 Lectt.
1116 2550 1225 2591 Tull.
1249 2565 1289 2603 p.
1315 2549 1382 2591 52.
1415 2550 1547 2588 Heus.

78 2609 130 2647 ad
162 2609 240 2649 Off.
275 2604 342 2658 II,
377 2607 446 2648 28.
490 2606 531 2647 9.
604 2606 811 2647 Particula
860 2621 980 2659 que,
1032 2623 1150 2660 quam
1201 2608 1328 2646 Gzius
1376 2605 1548 2644 uoculae

78 2678 186 2704 cum
220 2664 316 2703 addi
349 2663 492 2715 uoluit,
522 2677 602 2702 non
635 2677 736 2717 opus
769 2669 835 2702 est
873 2666 913 2702 in
955 2665 1032 2704 hac
1071 2667 1241 2704 incitata
1274 2664 1414 2713 Quinti
1454 2675 1546 2700 ora-

78 2722 207 2761 tione.
268 2723 382 2771 Quae
419 2721 469 2759 ad
512 2734 655 2759 omnes
695 2734 765 2759 eas
806 2721 921 2774 leges
960 2727 1146 2776 spectat,
1187 2723 1330 2773 quibus
1362 2720 1546 2772 patriciis

81 2777 237 2817 ordinis
269 2776 485 2831 priuilegia
517 2777 682 2816 ademta
713 2782 820 2819 sunt.

1285 2847 1332 2868 ''t-*X*
