1781 3192
489 161 643 201 Limen
678 159 935 199 TERTlUS.
984 158 1083 197 Cir.
1121 158 1185 197 xi.
1479 157 1570 197 295

117 276 398 325 instituitque,
437 280 480 312 ut
511 272 681 324 singulis
716 270 950 309 consulibus
981 270 1150 309 alternis
1173 272 1378 309 mensibus
1402 270 1567 309 lictores

113 335 321 385 praeirent
361 331 575 381 fascesque
619 330 960 377 demittereutur,
1012 341 1102 366 cum
1143 339 1243 365 coss.
1290 329 1328 365 in
1371 329 1569 366 concione

114 390 253 427 dicere
278 389 525 438 coepissent.
589 386 726 436 ltaque
751 385 888 422 mendi
912 383 1374 436 praeclarissimis
1398 384 1567 423 duorum

115 443 403 483 uocabulorum
436 443 679 481 confusione
711 443 793 478 nati
827 439 900 494 (cs.
937 441 1069 492 praes.
1100 454 1137 491 p.
1172 440 1305 492 xii.)
1335 442 1569 479 etiamnunc

117 503 370 539 uerissimam
406 505 502 549 puto
538 500 834 536 correctionem
869 511 983 546 eam,
1017 510 1129 547 quani
1163 502 1204 534 et
1236 511 1310 546 ego
1350 498 1387 534 in
1431 509 1568 548 prostr.
1614 520 1627 527 -

119 555 239 596 1841.
273 570 313 606 p.
336 556 404 594 ‘2‘2-
438 562 478 592 et
505 556 648 592 [iakius
681 555 910 606 proposuit,
941 552 1244 604 praeclaris
1280 555 1568 602 institutis,

116 625 288 662 eamque
331 610 392 648 uel
438 626 485 648 eo
526 612 754 648 confirmari
797 617 922 661 puto,
964 609 1070 660 quod
1109 623 1232 660 saepe
1263 615 1426 659 praeter
1455 609 1568 660 leges

115 674 486 707 commemorantur
528 669 712 704 instituta
752 680 841 703 cuin
874 665 953 703 illis
982 667 1213 704 coniuncta.
1257 666 1322 704 Cf.
1356 667 1398 716 l,
1432 667 1465 717 ᾧ.
1498 666 1567 706 42.

116 721 197 774 Ill,
231 725 264 774 ᾗ.
295 723 363 764 43.
398 723 447 759 de
479 725 582 774 itep-
617 720 674 773 ll,
714 723 745 762 1.
781 723 906 760 Tusc.
941 718 976 771 Ι,
1013 725 1048 761 1.
1083 722 1121 761 2.

227 780 333 823 XI.
401 780 590 816 Nostra
638 785 805 816 autem
850 778 952 828 cet]
1028 778 1295 815 Tribunatum
1345 782 1391 815 ut
1434 779 1568 829 ipsum

113 848 190 888 per
219 847 264 872 se
295 847 373 872 non
404 837 678 887 perniciosum
713 847 805 872 esse
838 834 1109 882 demonstret,
1141 846 1253 870 suam
1285 847 1445 885 quoque
1475 848 1570 872 cau-

115 904 198 930 sam
232 892 409 941 attingit.
472 888 726 942 Intelligitur
766 897 899 928 autem
943 891 1155 928 tribunicia
1194 895 1375 940 potestas
1416 889 1570 939 Clodii,

115 961 195 986 non
229 948 433 995 uniuersa,
466 961 567 998 quae
601 961 689 984 nio(
721 949 949 984 tribunatus
984 948 1147 983 nomine
1178 952 1456 996 nuncupatur3
1497 949 1572 984 in-

115 1003 300 1042 cidere
342 1010 474 1040 antem
517 1005 555 1040 in
594 1005 688 1041 trib.
730 1008 975 1054 potestatem
1019 1009 1081 1040 est
1123 1002 1228 1051 quod
1277 1015 1349 1040 nos
1399 1003 1570 1041 dicimus

117 1060 190 1098 auf
218 1059 285 1097 die
317 1061 412 1097 trib.
437 1059 597 1097 Gewalt
628 1065 807 1108 stossen,
842 1060 916 1095 mit
947 1059 1010 1095 ihr
1032 1060 1072 1095 in
1098 1059 1341 1107 Beriibrung
1362 1058 1569 1108 kommen,

116 1115 459 1167 quemadmodum
494 1114 686 1152 similiter
716 1115 865 1152 dicitur
896 1114 945 1151 ad
979 1115 1096 1152 Fam.
1128 1113 1184 1162 ΙΙ,
1223 1113 1285 1153 18.
1318 1114 1358 1153 3.
1401 1116 1444 1152 ἰη
1480 1117 1571 1152 tri·-

114 1173 359 1211 bunicios
394 1176 631 1208 terrores
665 1169 922 1209 incidere.
984 1170 1095 1207 Uere
1132 1171 1192 1207 sic
1226 1171 1303 1206 iam
1340 1170 1466 1208 Gzius
1500 1184 1570 1208 ex-

113 1227 304 1281 plicauit,
346 1225 451 1264 male
490 1239 599 1263 nunc
638 1225 784 1263 Bakius
826 1227 884 1263 sic
927 1226 1245 1277 interpretatur:
1285 1239 1410 1275 „mea
1451 1240 1571 1265 cansa

114 1282 259 1322 incidit
288 1284 329 1320 in
372 1295 418 1320 ea
459 1286 668 1334 tempora,
710 1283 854 1333 quibus
892 1281 962 1319 illa
1003 1287 1187 1334 potestas
1224 1294 1301 1334 per
1328 1283 1569 1335 Pompeium

114 1341 306 1379 restituta
338 1339 548 1388 uigebat“.

230 1395 458 1431 seruitia
489 1393 738 1444 incitata]
791 1393 910 1441 Quod
935 1394 1061 1431 Gzius
1086 1395 1262 1433 coniecit
1285 1396 1570 1445 concitata,

114 1450 157 1488 id
190 1450 268 1487 etsi
301 1462 375 1500 per
405 1462 449 1486 se
482 1450 737 1500 aptissimum
773 1455 838 1487 est
869 1449 947 1501 (cf.
982 1449 1168 1502 exempla
1200 1465 1221 1488 a
1249 1451 1370 1489 Bakio
1402 1458 1444 1490 et
1467 1452 1570 1490 Gzio

114 1505 279 1544 laudata
307 1518 381 1556 pro
414 1505 523 1543 Sest.
554 1504 623 1555 24,
656 1504 724 1546 53.
757 1507 987 1544 seruitio
1021 1506 1245 1557 denique
1277 1510 1570 1548 concitato.

117 1576 188 1613 pro
220 1560 357 1599 Flacc.
392 1561 432 1610 2,
465 1562 504 1601 3.
538 1568 580 1599 et
610 1562 651 1612 3,
683 1561 720 1602 6.
752 1575 825 1613 pro
858 1563 970 1600 Dom.
1005 1562 1076 1612 21,
1109 1562 1177 1602 54.
1211 1566 1353 1602 serui
1385 1577 1443 1602 ex
1475 1578 1571 1602 om-

115 1619 270 1656 nibus
314 1619 449 1655 uicis
490 1619 766 1657 concitati,
804 1619 845 1655 in
887 1618 971 1658 Pis.
1013 1617 1062 1667 4,
1103 1616 1197 1670 9.):
1246 1624 1382 1658 tamen
1431 1621 1572 1658 inuitis

116 1674 323 1713 codicibus
354 1687 427 1725 pro
460 1675 683 1712 incitata
715 1675 902 1725 recipere
945 1673 1068 1713 nolui.
1138 1676 1339 1714 Nimirum
1380 1675 1479 1715 illud
1520 1676 1572 1714 ad

116 1729 301 1782 cogenda
338 1731 508 1767 seruitia
548 1735 756 1781 pertinet,
799 1731 877 1768 hoc
915 1730 965 1768 ad
1005 1731 1304 1770 inflammanda.
1375 1733 1571 1771 Eiusdem

117 1794 250 1825 autem
286 1787 398 1823 uerbi
431 1788 623 1837 repetitio
658 1800 705 1825 eo
737 1787 869 1824 minus
901 1786 1158 1824 incommoda
1191 1792 1270 1837 est,
1304 1789 1412 1838 quod
1434 1791 1572 1841 priore

114 1842 205 1882 loco
238 1843 422 1880 attributi
454 1843 583 1880 instar
615 1848 693 1892 est,
725 1842 856 1881 altero
887 1842 1111 1894 praedicati
1155 1845 1235 1881 uim
1277 1846 1451 1883 obtinet.
1510 1845 1573 1883 De

119 1897 266 1938 uinclis
296 1911 371 1949 per
402 1897 590 1937 Clodium
623 1898 768 1937 solutis
803 1898 857 1937 cf.
890 1898 1000 1937 Plut.
1032 1900 1116 1939 Cic.
1149 1912 1184 1938 c.
1218 1899 1286 1939 30.

231 1960 442 1992 terrore
475 1954 722 2005 militari]
782 1956 883 1992 Erat
915 1957 1022 1993 enim
1056 1960 1139 1992 tum
1174 1969 1263 1994 cum
1298 1957 1477 1994 exercitu
1523 1955 1572 1994 ad

116 2016 257 2063 portas
289 2011 462 2060 Caesar,
505 2013 616 2049 cuius
647 2024 756 2048 arma
801 2012 991 2048 Ciceroni
1024 2011 1191 2049 Clodius
1224 2013 1465 2051 intentabat.
1507 2012 1570 2052 Cf.

117 2068 202 2107 Cic.
237 2079 313 2118 pro
356 2067 464 2104 Sest.
497 2064 571 2116 19,
608 2065 675 2106 42.
715 2068 930 2104 intenta
972 2069 1123 2117 signa
1163 2067 1430 2118 legionum
1472 2071 1572 2106 exi-

119 2123 328 2161 stimari
375 2123 678 2160 ceruicibus
729 2135 783 2160 ac
831 2123 981 2160 bonis
1027 2125 1229 2161 uestris
1271 2123 1443 2173 falso,
1482 2124 1572 2161 sed

115 2179 289 2232 putari
320 2182 504 2216 tamen.

232 2247 341 2271 cum
371 2233 462 2271 illa
492 2238 593 2272 tum
629 2239 784 2285 peste
815 2247 874 2272 sc.
907 2248 1024 2285 quam
1057 2234 1225 2273 Clodius
1262 2236 1442 2273 seruitiis
1475 2249 1573 2273 con-

120 2290 256 2327 citatis
289 2294 332 2326 et
363 2289 508 2327 uinclis
539 2289 685 2327 solutis
717 2292 939 2339 excitabat3
982 2304 1072 2328 nam
1114 2296 1157 2329 nt
1195 2290 1381 2329 Clodium
1424 2293 1571 2342 ipsum,

119 2347 200 2383 etsi
235 2357 316 2382 non
356 2357 446 2382 raro
486 2347 664 2396 pestis
704 2345 771 2383 uel
812 2346 950 2384 addito
983 2348 1190 2397 genitiuo,
1231 2347 1338 2398 quod
1377 2346 1573 2397 frequen-

118 2401 339 2450 tissimum,
367 2399 432 2438 nel
460 2402 626 2450 omisso,
658 2405 701 2439 ut
733 2403 772 2439 in
808 2402 923 2441 Verr.
955 2403 1029 2453 ΙΙΙ,
1063 2402 1130 2443 54'.
1172 2404 1262 2444 125.
1293 2403 1344 2452 V,
1375 2401 1444 2443 63.
1482 2402 1575 2443 162.

120 2457 172 2495 de
204 2458 370 2495 homine
393 2456 558 2507 dicitur,
581 2458 639 2494 sic
661 2456 858 2509 appellari
880 2471 960 2499 non
992 2461 1237 2509 existimem,
1269 2460 1391 2497 uerba
1419 2459 1577 2497 faciunt

120 2515 308 2566 opposita
339 2526 446 2551 cnm
467 2513 788 2563 grauissimo
810 2516 887 2551 rei
908 2514 1149 2566 publicae
1172 2522 1427 2567 tempore.
1474 2515 1577 2554 Cum

119 2569 190 2608 illa
219 2571 345 2620 igitur
377 2570 452 2607 sibi
482 2574 690 2608 certamen
712 2570 840 2608 fuisse
864 2576 1006 2622 negat3
1038 2585 1126 2610 cum
1153 2585 1227 2622 qua
1251 2574 1284 2609 si
1303 2570 1387 2609 sola
1409 2571 1576 2609 habuis-

122 2634 211 2676 set,
240 2627 283 2664 id
315 2628 569 2677 suscepisset
600 2639 675 2664 nec
708 2625 870 2664 dubium
903 2628 1068 2680 suisset,
1101 2630 1195 2679 quin
1220 2629 1407 2679 superior
1430 2628 1578 2665 fuisset

121 2682 396 2732 discessurus3
428 2683 571 2720 habuit
604 2695 702 2720 uero
733 2695 821 2720 cum
863 2685 1103 2733 grauissimo
1144 2686 1204 2722 rei
1241 2683 1431 2736 publicae
1470 2688 1577 2719 tem-

119 2751 244 2791 pore:
276 2751 369 2777 nam
399 2752 477 2778 nec
511 2752 694 2792 pugnare
733 2752 824 2778 cum
864 2739 1009 2778 Clodio
1049 2742 1218 2792 eiusque
1258 2741 1378 2779 sociis
1421 2740 1578 2777 ciuitati
