1781 3192
249 170 339 209 224
428 203 435 209 .
821 167 889 206 DE
920 167 1152 207 LEGIBUS

254 295 344 321 cum
379 281 481 319 hanc
514 280 562 317 ob
596 289 783 328 causam,
824 279 915 328 quia
946 291 1072 328 genus
1105 280 1318 328 sacrificii,
1360 279 1468 329 quod
1507 279 1624 330 quale
1656 282 1710 319 sit

256 338 428 376 edisseri
462 347 540 371 non
576 333 684 383 uult,
717 335 795 372 isto
830 335 1026 373 uocabulo
1060 336 1286 373 accuratius
1324 334 1591 385 describitur,
1624 341 1710 375 tum

253 398 487 445 propterea,
519 391 610 441 quia
641 391 837 428 orationis
868 392 1124 429 concinnitas
1162 392 1446 442 perturbatur,
1488 393 1567 429 nisi
1604 392 1713 431 forte

253 449 361 489 idem
397 448 517 484 etiam
553 445 603 483 ad
635 447 756 484 uerba
789 448 997 497 superiora
1025 447 1154 485 finis
1186 448 1434 485 funestae
1465 448 1581 486 fam.
1613 460 1711 499 spe-

256 514 367 544 ctare
400 502 711 543 existimaueris.
776 503 916 553 itaque
950 505 1299 553 nerbecibus,
1340 503 1447 554 quod
1477 504 1638 555 pridem
1670 505 1712 543 in

256 562 552 600 dubitationem
606 564 803 597 uocarunt
852 561 948 599 Dan.
1000 567 1041 597 et
1088 560 1315 611 W'agnerus
1337 588 1348 609 ,
1399 573 1474 610 ego
1522 566 1566 598 ut
1616 573 1713 611 pro-

253 619 407 656 fectum
443 617 489 654 ab
524 616 688 653 homine
730 617 808 653 ista
849 617 1170 668 interpretaturo
1218 616 1506 668 expellendum
1547 628 1711 655 censeo.

257 675 409 714 Dauisii
441 673 675 711 coniectura
708 673 755 709 in
787 685 878 709 exn
894 675 1032 710 erris
1064 674 1168 710 fiat
1203 671 1334 711 aliena
1358 678 1437 722 est,
1470 686 1557 711 cum
1580 675 1713 724 ipsum

256 731 498 770 sacrificium
549 742 637 765 cum
685 733 770 766 tota
817 728 998 766 familiae
1045 730 1314 780 purgatione,
1360 742 1441 767 non
1487 742 1577 767 cum
1626 730 1712 767 eius

256 793 373 841 parte
415 786 675 823 coniunctum
719 786 795 836 sit,
836 798 937 836 quae
974 791 1068 823 sunt
1100 798 1310 826 exuerrae.
1363 785 1427 826 Cf.
1459 786 1571 826 Fest.
1605 797 1639 826 S.
1674 798 1711 827 u.

257 843 571 883 euerriator.

371 913 424 937 os
458 899 737 949 resectum]
802 898 843 937 in
868 899 957 939 cod.
985 900 1091 940 arch.
1115 899 1195 938 fuit
1226 913 1281 938 os
1315 900 1575 938 reiectum
1607 902 1712 937 ter-

258 970 359 998 rae.
420 955 502 999 Sed
534 968 609 993 nec
642 962 755 994 recte
786 954 886 994 illud
928 957 1078 994 (licitur
1118 970 1191 1008 pro
1230 970 1326 996 osse
1366 962 1501 994 terrae
1535 954 1716 1005 reddito,

257 1021 300 1054 et
331 1027 374 1052 os
405 1015 537 1065 ipsum
572 1014 799 1050 accuratius
832 1013 997 1051 definiri
1032 1018 1209 1063 oportet.
1271 1014 1443 1051 Constat
1467 1025 1562 1050 uero
1586 1024 1716 1050 mem-

257 1073 372 1110 brum
407 1070 553 1107 mortui
587 1068 692 1120 apud
727 1070 932 1108 Romanos
966 1069 1151 1107 abscindi
1185 1082 1278 1108 esse
1311 1069 1493 1118 solitum,
1525 1068 1575 1106 ad
1607 1066 1717 1119 quod

258 1133 465 1168 seruatum
507 1126 615 1162 iusta
656 1126 806 1163 fierent
843 1125 1000 1176 reliquo
1024 1139 1196 1177 corpore
1227 1127 1452 1164 combusto.
1502 1124 1564 1163 Cf.
1599 1125 1715 1163 Fest.

258 1199 290 1224 s.
328 1197 366 1222 u.
410 1183 696 1221 membrum.
769 1183 874 1220 Hinc
914 1187 1026 1220 recte
1066 1182 1117 1219 de
1158 1182 1323 1220 Patricii
1366 1182 1600 1220 coniectura
1642 1177 1719 1234 (ad

259 1243 329 1280 Cic
385 1240 549 1289 Fragm.
592 1235 718 1278 3919.
759 1238 825 1277 ed.
871 1235 1019 1292 [iet-b.)
1063 1239 1201 1276 Lami).
1246 1238 1373 1278 Gzius
1405 1236 1551 1288 reliqui
1582 1239 1716 1288 scrip-

262 1302 405 1337 serunt
436 1308 489 1333 os
520 1300 790 1332 resectum
826 1300 966 1332 terra
1001 1296 1299 1345 obtegatur.
1362 1295 1569 1333 Manutius
1612 1292 1717 1332 male

262 1353 438 1393 coniecit
468 1355 761 1401 receptum,
795 1350 941 1387 melius
975 1350 1191 1389 Turnebus
1223 1356 1264 1389 et
1296 1352 1485 1389 Dauisius
1525 1363 1716 1403 excep-

259 1417 360 1450 tum
391 1413 528 1446 terra
568 1404 646 1460 (cf.
681 1406 798 1445 Varr.
832 1407 863 1444 L
911 1406 956 1444 L.
1005 1406 1050 1445 V.
1088 1407 1119 1456 ξ.
1153 1404 1269 1460 23),
1311 1407 1384 1445 sed
1433 1405 1536 1444 illud
1580 1412 1718 1446 tamen

259 1470 431 1520 propter
462 1464 658 1501 maiorem
692 1462 917 1500 litterarum
964 1461 1272 1501 similitudinem
1312 1461 1573 1514 probabilius.
1635 1463 1719 1501 Sed

262 1527 415 1571 errant,
448 1521 513 1571 qui
545 1518 645 1557 illud
680 1533 733 1557 os
766 1525 1035 1570 exceptum
1068 1519 1173 1571 apud
1204 1520 1429 1558 Uarronem
1462 1532 1508 1557 os
1547 1525 1590 1558 et
1629 1522 1720 1571 qui-

261 1581 355 1618 dem
389 1576 543 1615 caluam
582 1578 764 1628 corporis
797 1577 996 1614 combusti
1027 1588 1119 1614 esse
1144 1576 1301 1626 dicunt,
1335 1577 1449 1627 quasi
1473 1578 1722 1628 excipere

262 1649 341 1674 non
373 1640 487 1671 recte
520 1633 678 1670 dicatur
709 1633 761 1670 de
794 1646 887 1670 osse
922 1645 969 1671 ex
1002 1645 1173 1684 corpore
1204 1633 1382 1671 nondum
1410 1634 1621 1671 combusto
1645 1633 1722 1671 de-

262 1691 425 1731 mendo.
488 1689 550 1728 Cf.
586 1688 694 1728 Cels.
717 1689 805 1737 VH,
843 1689 965 1728 12.1.
998 1693 1099 1727 tum
1124 1689 1280 1737 dens,
1315 1690 1354 1726 si
1378 1689 1720 1740 fieripotest,

265 1761 434 1795 lnanu3
468 1747 510 1783 si
544 1746 740 1795 minus,
772 1745 983 1797 forcipe
1016 1744 1362 1796 excipiendus
1397 1749 1488 1784 est.

377 1814 616 1854 quaeque
656 1802 704 1838 in
745 1814 902 1851 porca
941 1806 1104 1840 contr.
1149 1803 1259 1838 iura
1301 1802 1437 1850 sint,
1476 1801 1502 1840 i.
1544 1812 1579 1840 e.
1623 1813 1724 1851 quae

263 1862 351 1900 fieri
387 1863 593 1911 oporteat,
621 1859 655 1895 si
681 1870 804 1909 porca
837 1858 891 1895 sit
920 1862 1142 1898 contracta.
1185 1856 1247 1896 Cf.
1282 1869 1385 1907 quae
1415 1857 1497 1895 dixi
1531 1852 1585 1897 Ιῖ.
1607 1857 1638 1907 ᾗ
1656 1856 1724 1897 55.

263 1916 375 1957 Male
417 1914 579 1966 quidam
619 1918 895 1952 contracta
930 1912 979 1950 ad
1020 1914 1107 1951 iura
1145 1914 1355 1965 pertinere
1395 1913 1600 1954 dixerunt.
1661 1913 1724 1954 Cf.

266 1975 298 2025 ᾧ.
332 1974 399 2014 57.
461 1971 592 2009 Porca
620 1977 755 2008 antem
790 1970 1109 2007 contrahebatur
1139 1983 1189 2008 ex
1222 1982 1289 2018 eo,
1323 1969 1528 2024 quod'aut
1559 1972 1724 2008 omnino

264 2044 346 2069 non
378 2029 587 2066 faciebant
618 2028 724 2064 iusta
758 2026 955 2063 defuncto
985 2031 1053 2063 aut
1082 2027 1123 2063 in
1158 2027 1216 2063 eis
1251 2025 1454 2064 faciendis
1486 2029 1723 2077 peccabant.

265 2087 329 2126 (js,
372 2097 491 2135 quem
524 2084 631 2122 Mos.
672 2082 811 2119 laudat
853 2083 1025 2120 Marium
1070 2082 1176 2121 Uict.
1221 2083 1264 2121 A.
1306 2083 1376 2122 Gr.
1418 2082 1480 2123 li.
1520 2096 1558 2133 p.
1600 2082 1723 2123 2470.

265 2144 395 2191 Quam
429 2152 593 2190 porcam
627 2139 845 2187 quotannis
884 2137 1086 2175 immolari
1127 2139 1360 2188 oportuisse
1401 2138 1507 2175 idem
1550 2143 1727 2176 testatur

264 2198 369 2237 Mar.
402 2196 509 2234 Uict.
538 2193 714 2243 ibidem,
755 2197 797 2230 et
835 2192 1146 2244 praecidaneam
1191 2206 1277 2231 eam
1316 2194 1446 2232 fuisse
1479 2193 1724 2244 appellatam

264 2255 379 2294 Fest.
421 2249 549 2289 tradit
590 2262 621 2289 s.
655 2263 693 2289 u.
732 2249 1084 2300 praecidanea
1126 2255 1167 2288 et
1205 2248 1312 2290 Gell.
1343 2251 1392 2290 N.
1424 2251 1472 2290 A.
1505 2247 1581 2300 lv,
1614 2250 1652 2292 6.
1685 2256 1728 2289 et

265 2310 396 2350 Varro
429 2320 490 2358 ap.
523 2307 627 2346 Non.
658 2319 696 2357 p.
735 2304 826 2346 163.
859 2306 923 2345 ed.
957 2306 1084 2345 Mero.

380 2376 475 2415 quo
497 2367 738 2413 tempore
763 2361 861 2412 cet]
910 2362 972 2401 Cf.
1000 2374 1102 2412 quae
1128 2364 1217 2414 ipse
1239 2363 1314 2400 hac
1339 2362 1390 2400 de
1410 2375 1453 2399 re
1476 2362 1576 2401 dixit
1600 2363 1633 2413 ᾧ.
1657 2362 1724 2404 57.

383 2422 414 2470 ᾖ.
446 2419 512 2460 56.
565 2420 623 2457 At
647 2432 681 2455 in
698 2419 707 2455 i
724 2419 747 2454 h
764 2418 794 2467 ij
847 2419 1035 2467 Manutii,
1060 2419 1193 2468 Lbini,
1217 2419 1430 2457 Schuetzii
1451 2424 1724 2458 coniecturam

269 2491 324 2516 ac
357 2488 487 2528 nuper
510 2476 714 2513 immerito
737 2474 884 2512 Bakius
909 2476 1111 2526 probauit.
1172 2477 1354 2526 Namque
1381 2476 1458 2524 eis,
1482 2489 1584 2526 quae
1606 2489 1727 2527 prae·
1780 2483 1781 2524 j

267 2532 444 2582 cedunt,
476 2532 613 2583 opinio
645 2532 789 2568 subest
820 2544 990 2582 corpora
1022 2537 1276 2570 mortuorum
1312 2536 1395 2569 tum
1430 2533 1604 2569 cremari
1636 2544 1728 2571 esse
1780 2526 1781 2567 ἶ

269 2588 390 2628 solita
428 2593 471 2626 et
512 2600 556 2625 os
589 2592 744 2624 tantum
773 2595 1004 2637 resectum,
1045 2586 1095 2625 ad
1128 2588 1235 2639 quod
1266 2589 1371 2626 insta
1401 2587 1561 2627 fierent.
1622 2587 1730 2627 Huic

265 2647 393 2697 igitur
423 2645 500 2682 iam
530 2642 773 2694 peruulgato
806 2645 907 2682 mori
941 2645 1113 2695 opponit
1135 2645 1464 2695 antiquissimum
1488 2642 1727 2697 sepulturae
1780 2656 1781 2668 ¹

267 2713 416 2754 genuS,
450 2701 574 2737 totius
606 2700 787 2750 corporis
817 2699 1112 2740 humationem.

386 2754 517 2809 apud
547 2755 793 2807 XenopIr]
856 2757 1003 2809 Cyrop.
1038 2756 1143 2807 Vm,
1176 2755 1213 2796 7.
1246 2755 1311 2795 25.
