1781 3192
186 191 272 227 100
755 191 826 229 DE
857 192 1090 232 LEGIBUS

188 306 261 346 (ac
281 315 378 340 non
409 315 528 350 eam,
562 313 687 351 quae
720 301 941 342 dirimat
962 306 1145 351 omnia)
1172 309 1213 342 et
1237 305 1366 343 Marci
1393 319 1657 358 responsum.

188 358 299 396 Male
339 359 458 396 Goer.
499 358 558 394 sic
595 357 916 408 interpretatur:
959 373 1197 411 „perparua
1239 374 1337 398 sane
1376 365 1659 402 controuersia

190 419 270 463 est,
303 426 419 463 quam
453 412 577 461 dicis,
618 425 755 463 neque
794 415 881 452 eius
913 418 1103 466 generis,
1150 421 1195 454 ut
1236 417 1277 453 in
1317 430 1364 455 ea
1399 417 1661 456 diiudicanda

191 469 492 517 diiudicentur,
535 481 638 518 quae
680 474 947 509 controuersa
997 477 1092 509 sunt
1143 472 1337 522 omnia“;
1389 486 1464 511 nec
1514 473 1660 512 melius

189 526 407 574 Zurnptius
439 526 497 561 sic
531 524 760 562 uertendo:
803 525 909 574 „das
940 528 995 565 ist
1026 530 1065 566 in
1100 528 1175 565 der
1206 528 1316 566 'l‘hat
1347 531 1411 566 ein
1446 529 1660 567 unbedeu-

189 580 343 619 tender
374 580 631 631 Streitpunct
663 580 742 618 und
775 582 889 620 nicht
922 597 994 621 von
1029 584 1104 621 der
1133 584 1232 633 Art,
1271 584 1365 622 dass
1399 586 1491 624 eine
1524 585 1661 624 'Fren-

189 650 299 687 nung
330 637 433 674 auch
465 638 518 674 im
555 636 763 687 Uehrigen
796 639 941 689 nothig
971 641 1126 679 wa're“.

302 692 567 742 sentires]
630 692 672 729 ln
717 692 809 731 cod.
853 696 965 735 arch.
1010 698 1087 733 suit
1129 696 1326 744 sentis3
1372 709 1460 734 nam
1493 698 1661 735 senti-

190 754 335 797 rent,
370 748 478 799 quod
510 761 558 785 ex
591 749 668 786 AB
691 748 833 789 ll.b'5.
875 756 939 789 est
971 756 1224 803 excerptum,
1258 753 1533 790 coniecturam
1566 765 1660 790 esse

190 819 236 843 ex
269 807 358 856 ipso
387 804 474 843 cod.
511 805 540 841 B
574 803 727 843 elucet.
792 805 897 845 Uide
931 814 1074 846 annot.
1106 809 1197 846 crit.
1261 804 1368 846 Illud
1392 822 1479 846 cum
1512 809 1659 846 merito

191 862 384 899 Ernestio
415 860 673 912 displiceret,
703 863 816 899 uarie
849 868 891 900 et
920 863 1094 902 ridicule
1119 863 1335 901 defensum
1367 878 1387 902 a
1411 864 1551 902 multis
1584 868 1663 913 est,

193 923 237 954 ut
269 931 290 954 a
321 916 506 966 Mosero,
541 917 606 966 qni
637 929 728 968 pro
744 918 803 954 be
835 920 1042 968 quidem
1074 922 1251 958 sentis
1295 919 1406 957 idem
1440 933 1532 958 esse
1564 919 1665 957 dicit

192 978 312 1023 atque
344 974 442 1011 hoc:
475 974 634 1023 „probe
667 986 742 1023 ego
775 979 816 1010 te
849 976 1004 1012 sentire
1038 975 1256 1014 dicerem“
1288 981 1330 1013 et
1362 989 1383 1013 a
1413 976 1664 1025 Goerenzio,

194 1032 260 1080 qui
302 1029 466 1068 dicendi
512 1030 636 1067 uerba
678 1041 805 1080 saepe
837 1031 895 1068 sic
927 1033 1022 1082 poni
1055 1033 1294 1069 existimans
1326 1036 1514 1083 tempore
1544 1043 1666 1083 prae-

195 1087 320 1135 senti,
355 1090 398 1124 ut
431 1085 720 1138 imperfectum
744 1086 992 1125 subiunctiui
1020 1092 1231 1136 sequatur,
1262 1088 1320 1124 sic
1343 1089 1664 1138 interpretatur:

195 1143 335 1192 „bene
367 1155 464 1180 sane
496 1155 569 1193 pro
603 1146 671 1179 tua
703 1143 911 1179 sententia
945 1143 1136 1181 dixistiff.
1195 1144 1248 1181 At
1280 1156 1382 1192 quae
1415 1143 1461 1181 ad
1496 1156 1665 1194 prauum

193 1198 409 1235 modorum
451 1204 494 1236 et
531 1203 762 1247 temporum
807 1210 922 1236 usum
964 1200 1286 1237 confirmandum
1328 1204 1396 1236 aut
1439 1199 1666 1237 afferuntur

196 1253 383 1305 exempla
423 1259 493 1293 aut
529 1254 665 1291 afferri
705 1258 899 1304 possunt,
951 1260 1021 1293 aut
1068 1256 1218 1293 rectius
1261 1254 1574 1305 interpretando
1619 1265 1668 1291 ex

193 1312 273 1348 isto
316 1323 469 1360 genere
503 1309 718 1348 eximenda
750 1315 860 1358 sunt,
901 1316 971 1348 aut
1009 1313 1245 1350 coniectura
1274 1311 1473 1349 sananda.
1537 1310 1668 1348 Recte

194 1366 428 1416 Maduigius
472 1366 525 1404 de
566 1366 656 1404 Fin.
695 1366 772 1414 lv,
819 1364 881 1405 19.
925 1367 993 1406 55.
1039 1367 1193 1420 (quae
1231 1380 1337 1405 cum
1378 1367 1668 1418 magnifice

192 1425 358 1473 primo
393 1422 499 1460 dici
532 1421 881 1470 uiderentur,
911 1424 1259 1461 considerata
1291 1424 1455 1460 minus
1480 1423 1667 1473 proba-

194 1476 412 1530 bantur)
445 1476 612 1515 sustulit
639 1476 835 1515 mendum
866 1480 1188 1528 probantur,
1232 1483 1274 1515 et
1305 1483 1399 1515 ante
1432 1492 1453 1515 a
1483 1478 1666 1526 Dauisio,

196 1534 286 1572 aliis
325 1534 424 1572 ibid.
467 1531 508 1584 I,
548 1532 590 1573 8.
629 1533 693 1573 26,
735 1532 860 1581 (alia
903 1533 1038 1573 dixit
1080 1537 1128 1572 in
1178 1535 1421 1585 physicis
1472 1547 1564 1572 nec
1613 1545 1669 1570 ea

196 1592 338 1641 ipsa,
385 1603 514 1641 quae
562 1590 658 1627 tibi
712 1591 1086 1640 probarentur)
1139 1590 1344 1629 sublatum
1397 1595 1462 1628 est
1515 1589 1666 1628 dicit.

196 1644 242 1684 In
286 1645 372 1685 Cic.
412 1651 547 1684 antem
591 1645 642 1684 ad
679 1646 765 1684 Att.
806 1644 900 1683 libri
944 1648 1049 1686 vlu.
1088 1660 1154 1698 ep.
1199 1648 1239 1696 (3,
1285 1646 1324 1686 3.
1360 1648 1594 1696 (moriar,
1628 1646 1667 1683 si

195 1702 513 1754 gauderem,
563 1704 609 1740 si
655 1702 705 1741 id
753 1702 877 1740 mihi
929 1703 1240 1750 accidisset)
1292 1703 1573 1754 gauderem
1618 1701 1668 1738 ad

197 1759 323 1797 uerba
357 1760 399 1797 si
433 1758 738 1798 accidisset
767 1758 971 1809 refertur,
1012 1773 1091 1798 non
1133 1760 1183 1799 ad
1227 1761 1449 1808 lnoriar3
1488 1760 1668 1808 itemque

200 1816 327 1854 Tnsc.
368 1813 411 1865 Ι,
450 1815 517 1856 26.
561 1814 627 1856 63.
674 1815 824 1867 (quod
867 1816 911 1852 si
954 1817 1000 1853 in
1036 1818 1134 1854 hoc
1176 1815 1363 1854 mundo
1394 1815 1518 1852 fieri
1552 1815 1669 1851 sine

199 1872 295 1909 deo
338 1886 436 1910 non
475 1876 684 1923 potest,
724 1884 784 1910 ne
827 1872 874 1908 in
916 1874 1144 1923 sphaera
1195 1871 1406 1922 quidem
1456 1869 1669 1909 eosdem

199 1932 369 1966 motus
402 1929 751 1967 Archimedes
783 1929 896 1965 sine
927 1928 1109 1967 diuino
1140 1929 1360 1977 ingenio
1391 1927 1672 1979 potuisset

200 1985 422 2033 imitari)
455 1986 742 2024 coniunctiilus
773 1986 1052 2036 potuisset
1080 1986 1260 2022 refertur
1300 1984 1351 2022 ad
1389 1983 1669 2022 conditionem

201 2041 240 2077 in
274 2042 407 2079 uerbis
441 2043 556 2079 sine
588 2042 771 2086 diuino·
800 2041 1020 2089 ingenio
1051 2039 1267 2088 latentem,
1310 2052 1412 2089 quae
1443 2040 1549 2077 hanc
1590 2040 1670 2077 nim

201 2097 384 2135 habent:
417 2099 530 2146 „nisi
563 2098 703 2134 diuino
735 2096 903 2144 ingenio
932 2096 1148 2146 praeditus
1190 2096 1387 2135 suisset“.
1446 2096 1533 2132 Nec
1573 2107 1670 2132 uero

199 2152 253 2189 de
286 2153 387 2202 Leg.
422 2148 503 2201 ΙΙΙ,
541 2151 603 2191 17.
638 2149 703 2191 39.
743 2149 990 2200 tolleret,
1036 2153 1069 2189 si
1115 2164 1253 2188 nerum
1288 2158 1424 2200 esset,
1466 2163 1513 2188 ex
1545 2152 1671 2189 uerbo

201 2208 480 2259 praecedente
512 2209 761 2245 continet
789 2205 1011 2257 penderet,
1052 2206 1126 2245 sed
1156 2208 1384 2245 referretur
1413 2207 1462 2244 ad
1496 2206 1671 2245 audien-

203 2264 295 2302 dam
328 2263 438 2302 illan]
473 2263 779 2301 conditionem:
811 2263 881 2313 „si
911 2262 1116 2301 ualeret&
1179 2262 1262 2301 Sed
1307 2265 1442 2301 nerins
1485 2264 1539 2300 ibi
1573 2263 1671 2301 tol-

201 2320 278 2359 lat
308 2321 546 2358 restituisse
581 2321 681 2357 mihi
726 2319 887 2357 uideor.
949 2320 1098 2358 Bakius
1136 2332 1251 2368 uero,
1300 2321 1365 2369 qui
1400 2319 1672 2358 indicatiuum

203 2390 329 2429 saepe
369 2377 429 2414 sic
466 2377 562 2428 poni
602 2376 703 2414 dicit
744 2377 969 2414 subiectum
1005 2375 1232 2414 conditioni
1264 2376 1448 2413 incertae
1465 2378 1527 2425 ff),
1558 2382 1673 2414 recte

204 2435 281 2473 hoc
313 2432 477 2485 quidem
511 2434 713 2484 praecipit
745 2431 797 2470 de
829 2431 950 2470 modo
983 2432 1148 2470 (licendi
1181 2430 1236 2486 (l,
1271 2430 1331 2471 19,
1367 2432 1431 2472 52.
1470 2432 1552 2471 Cic.
1598 2446 1672 2483 pro

203 2490 341 2529 Flacc.
376 2490 416 2539 5,
453 2489 518 2529 12.
557 2494 738 2540 potest
780 2501 899 2527 esse
942 2489 1167 2527 infinita
1206 2502 1261 2526 se.
1303 2489 1432 2526 oratio
1470 2501 1585 2537 mea,
1630 2491 1670 2525 si

204 2548 325 2586 mihi
378 2546 542 2584 libeat
591 2546 760 2584 totius
814 2547 986 2597 gentis
1036 2545 1311 2597 explicare
1363 2545 1670 2584 uanitatem.

302 2695 331 2735 ')
368 2693 536 2726 nimirum
577 2693 794 2726 indicat-inus
830 2694 922 2726 hanc
959 2694 1032 2726 uini
1067 2694 1189 2726 habet.
1233 2697 1269 2725 ut
1307 2693 1352 2731 id,
1386 2694 1477 2735 quod
1503 2693 1672 2735 consequi

208 2740 375 2772 uelimus.
403 2749 530 2771 uerum
555 2742 590 2771 ct
615 2743 764 2773 naturae
803 2743 1082 2774 consentaneum
1120 2750 1198 2772 esse
1238 2739 1464 2772 declaremus
1501 2739 1588 2781 (auf
1610 2740 1672 2771 der

207 2785 463 2819 wirnichkeit
488 2785 701 2825 bcruhcnd).
