1743 3202
181 192 291 224 XLIV
783 191 1066 225 1‘n.-xl<;1··AT10.

182 307 349 347 paruum
383 292 583 345 quendam
615 299 655 330 et
685 298 898 345 angustum
932 294 1067 332 locum
1093 292 1374 334 concludatur.
1413 297 1446 348 ξ.
1475 296 1650 339 16-18,

165 349 402 416 vDisputare
452 364 532 400 iam
583 360 827 412 aggrediens
877 363 1152 413 proficiscitur
1193 375 1215 399 a
1256 361 1364 413 legis
1412 363 1651 403 definitione

183 434 343 471 Stoicos
375 435 555 480 secutuS,
588 430 654 480 qui
683 428 817 480 legem
848 442 1044 468 summam
1088 430 1288 467 rationem
1332 443 1423 470 esse
1464 430 1655 470 dicebant

184 500 348 538 insitam
392 500 434 536 in
484 502 631 535 natura
676 496 931 548 eandemque
977 499 1206 548 rationem,
1246 511 1336 536 cum
1372 499 1412 536 in
1453 500 1651 550 sapientis

185 572 326 605 mente
355 570 469 604 esset
508 566 718 618 perfecta,
760 563 952 602 dicebant
979 564 1140 616 legem3
1186 578 1207 602 a
1240 578 1317 615 qua
1348 578 1505 604 summa
1544 565 1653 617 lege,

184 638 369 688 quoniam
413 635 528 685 leges
579 646 721 672 omnes
763 632 813 670 ad
852 634 1048 683 optimum
1086 632 1187 670 illud
1239 634 1418 671 ciuitatis
1465 646 1595 684 genus
1634 648 1656 673 a

183 704 379 756 Scipione
412 702 693 740 adumbratum
727 701 809 738 sint
840 699 1210 738 accommodandae
1245 701 1494 752 serendique
1518 715 1654 741 mores
1708 728 1722 738 2

186 774 294 822 sint,
327 784 405 808 non
438 770 602 821 scriptis
636 770 769 806 omnia
799 767 1043 818 sancienda,
1077 768 1179 805 iuris
1214 769 1383 819 stirpem
1423 782 1467 807 se
1499 771 1657 822 repeti-

187 843 324 879 turum
360 851 451 876 esse
483 836 610 885 dicit3
653 835 759 886 quod
802 836 973 884 Quintus
1006 839 1047 872 et
1076 836 1235 873 Atticus
1266 837 1429 886 probari
1462 838 1538 875 sibi
1571 839 1655 888 sig-

184 909 365 946 nificant.
408 906 442 956 §-
478 903 655 944 18--2().
712 905 985 952 Posteaquam
1022 900 1174 939 deinde
1208 903 1255 939 ab
1287 903 1423 943 Attico
1456 906 1655 956 Epicureo

185 975 357 1014 deorum
399 973 566 1010 numine
612 971 806 1010 mundum
848 969 1125 1008 administrari
1162 982 1402 1011 concessum
1442 977 1537 1025 est,
1580 975 1658 1012 iam

187 1045 367 1092 homini,
411 1052 529 1092 quem
570 1038 783 1090 praeclara
824 1038 998 1090 quadam
1030 1038 1267 1077 conditione
1299 1053 1321 1077 a
1358 1053 1549 1092 supremo
1579 1040 1657 1078 deo

191 1114 435 1162 generatum
470 1119 566 1144 esse
598 1106 714 1155 dicit,
752 1119 841 1143 cum
877 1106 955 1143 deo
987 1109 1029 1142 et
1059 1105 1228 1142 rationis
1261 1109 1303 1142 et
1332 1107 1431 1144 iuris
1463 1120 1557 1144 esse
1593 1119 1662 1144 so-

189 1181 382 1218 cietatem
417 1175 625 1224 ostendit,
667 1186 762 1223 ergo
805 1174 929 1210 etiam
962 1173 1167 1221 ciuitatis,
1202 1174 1457 1222 praesertim
1497 1187 1588 1211 cum
1621 1176 1664 1211 et

190 1246 246 1285 dii
289 1250 331 1283 et
372 1244 564 1281 homines
614 1239 781 1278 caelesti
831 1239 1099 1290 descriptioni
1152 1240 1362 1288 mentique
1410 1239 1574 1279 diuinae
1621 1231 1734 1279 et›3'

190 1312 453 1368 praepotenti
486 1310 563 1347 deo
607 1311 793 1361 pareant.
837 1307 870 1350 ὁ.
905 1305 1084 1345 21—23.
1147 1305 1309 1344 Deinde
1352 1319 1400 1344 ex
1428 1308 1556 1358 ipsius
1587 1308 1663 1347 ho—

174 1382 311 1420 'minis
344 1383 451 1428 ortu,
483 1390 572 1415 cum
604 1379 769 1427 praeter
799 1372 961 1423 fragilia
999 1377 1040 1410 et
1072 1371 1253 1423 caduca,
1287 1386 1389 1423 quae
1422 1386 1473 1411 ex
1504 1373 1665 1413 mortali

191 1461 346 1499 genere
377 1445 585 1493 sumserit,
618 1442 758 1480 diuino
791 1444 958 1477 ornatus
991 1440 1047 1477 sit
1072 1440 1296 1478 animorum
1323 1454 1506 1492 munere,
1540 1455 1666 1493 agna-

195 1517 347 1553 tionem
381 1512 535 1550 homini
568 1523 657 1548 cum
691 1508 768 1545 deo
809 1506 1073 1545 intercedere
1108 1506 1381 1547 demonstrat.
1444 1511 1532 1559 Quo
1560 1511 1666 1559 fieri,

200 1586 244 1620 ut
276 1594 350 1618 nec
382 1581 504 1617 homo
539 1577 643 1616 ullus
676 1577 745 1625 sit,
778 1575 888 1624 quin,
924 1575 1085 1613 etiamsi
1112 1577 1289 1627 ignoret,
1323 1576 1483 1628 qualem
1512 1578 1667 1616 habere

195 1649 317 1686 deum
358 1647 526 1697 deceat,
567 1649 704 1683 tamen
745 1641 979 1681 habendum
1025 1645 1142 1682 sciat.
1197 1646 1229 1695 ᾗ.
1261 1644 1327 1685 24'.
1389 1648 1669 1699 Quoniamque

200 1720 331 1756 uirtus
361 1714 463 1753 nihil
496 1712 606 1751 aliud
639 1713 715 1762 sit,
748 1711 826 1748 nisi
857 1710 1042 1761 perfecta
1073 1716 1244 1761 natura,
1281 1713 1359 1750 ista
1389 1717 1522 1751 autem
1556 1720 1599 1753 et
1627 1716 1669 1753 in

196 1785 274 1822 deo
306 1784 361 1821 sit
391 1786 431 1819 et
462 1782 504 1818 in
527 1781 710 1830 homine,
743 1775 807 1816 uel
835 1778 931 1815 hinc
964 1782 1005 1815 et
1037 1778 1357 1817 similitudinem
1390 1781 1543 1820 homini
1578 1797 1669 1821 cum

198 1852 275 1891 deo
319 1858 360 1887 et
391 1850 675 1898 cognationem
718 1858 809 1884 esse
842 1845 1014 1896 colligit.
1067 1847 1100 1895 ᾧ.
1134 1847 1202 1886 25.
1269 1848 1330 1884 Ex
1364 1863 1442 1898 quo
1474 1850 1671 1900 quemad-

201 1918 363 1958 modum
407 1920 449 1953 et
488 1927 561 1965 ea,
602 1926 704 1965 quae
747 1914 786 1950 in
829 1919 936 1952 terra
968 1916 1214 1964 gignantur,
1265 1918 1307 1951 et
1347 1914 1530 1967 reliqna,
1583 1920 1673 1967 qui-

196 1989 270 2025 bus
301 1990 443 2023 natura
487 1983 694 2020 hominem
728 1984 962 2032 ornauerit,
1002 1979 1188 2021 consulto
1230 1983 1348 2020 nobis
1390 1982 1538 2022 donata
1580 1996 1672 2022 esse

197 2052 377 2104 colligit:
418 2053 475 2089 ita
515 2063 561 2089 ex
601 2051 677 2087 hac
717 2051 806 2100 ipsa
847 2062 984 2086 rerum
1023 2053 1065 2086 et
1107 2050 1295 2086 ubertate
1337 2056 1379 2087 et
1420 2054 1673 2102 praestantia

198 2121 409 2160 hominem
442 2133 461 2155 a
495 2118 572 2156 deo
604 2117 781 2155 omnium
819 2128 952 2153 rerum
995 2117 1227 2166 principem
1279 2129 1372 2154 esse
1403 2120 1671 2157 constitutum

198 2189 364 2227 conficit
404 2191 669 2235 naturamque
711 2184 832 2220 etiam
874 2183 987 2221 nullo
1041 2184 1217 2222 docente
1268 2182 1429 2233 longius
1478 2185 1672 2237 progredi

199 2254 492 2294 animaduertit
524 2256 643 2302 atque
673 2264 749 2302 per
779 2263 824 2288 se
855 2253 983 2302 ipsam
1017 2253 1260 2289 confirmare
1293 2253 1489 2290 rationem
1517 2258 1558 2290 et
1578 2266 1673 2304 per-

202 2326 342 2363 ficere.
404 2322 535 2371 Atque
574 2321 628 2356 ita
668 2319 845 2368 homini,
884 2320 996 2357 cuius
1038 2317 1197 2356 exculta
1231 2319 1283 2356 sit
1316 2321 1443 2369 ratio,
1478 2321 1503 2359 i.
1538 2333 1573 2359 e.
1607 2332 1673 2357 sa-

202 2392 334 2444 pienti
375 2389 604 2440 perfectam
650 2388 850 2426 rationcm
890 2388 918 2425 i.
950 2400 988 2425 e.
1021 2400 1216 2425 summam
1258 2385 1369 2424 illam
1409 2386 1542 2437 legem
1585 2399 1677 2425 esse

204 2458 502 2511 comprobanit,
524 2469 545 2493 a
572 2468 646 2506 qua
663 2453 1005 2506 proficiscendum
1026 2454 1104 2492 sibi
1125 2467 1218 2492 esse
1239 2453 1411 2493 dixerat.
1441 2456 1474 2506 ᾗ.
1490 2453 1675 2495 26—27.

204 2529 248 2568 ln
281 2529 361 2566 isto
393 2535 585 2563 sermone
615 2525 701 2560 cum
726 2523 810 2573 pati
836 2534 880 2559 se
898 2523 1055 2560 Atticus
1086 2525 1362 2573 significasset
1388 2527 1430 2560 ut
1453 2522 1522 2560 uel
1543 2526 1674 2559 totum

205 2595 313 2633 diem
347 2594 623 2641 consumeret,
652 2603 728 2628 nec
765 2603 988 2640 properare
1019 2603 1062 2628 se
1094 2591 1145 2628 atl
1175 2593 1237 2628 ius
1270 2588 1406 2641 ciuile,
1438 2591 1552 2627 cuius
1572 2590 1675 2628 haec

208 2675 328 2700 causa
352 2663 718 2713 praepararentur:
751 2657 912 2695 Marcus
940 2659 1016 2696 iam
1044 2670 1092 2697 eo
1118 2658 1393 2711 progreditur,
1425 2662 1469 2695 ut
1492 2657 1541 2695 ad
1560 2656 1678 2694 iusti—

211 2731 307 2771 tiam
330 2742 404 2768 nos
425 2733 543 2769 natos
566 2739 658 2765 esse
677 2724 933 2766 demonstret
955 2739 1086 2778 neque
1108 2729 1315 2782 opinione,
1336 2726 1410 2765 sed
1428 2730 1570 2763 natura
1589 2736 1681 2762 esse
