1781 3192
448 201 600 240 LIBER
636 199 857 237 Fuimus.
908 199 1004 238 CM».
1040 198 1145 237 MV.
1474 196 1526 232 71

176 313 446 352 scelerum
491 314 537 350 in
580 310 838 360 homines]
911 310 1058 348 Bakius
1095 310 1336 349 auctoritate
1373 307 1527 346 codicis

63 370 140 420 39,
181 373 246 421 qui
287 369 523 408 sceleris
565 369 690 405 habet
728 372 771 404 et
818 367 888 415 10,
930 369 969 404 in
1011 380 1089 416 quo
1130 370 1195 404 est
1225 365 1527 416 impietatis

65 430 93 465 i.
137 440 174 464 e.
215 424 325 464 nulla
367 425 549 463 codicum
593 424 833 462 auctoritate
875 428 1031 460 temere
1062 422 1288 461 sceleris
1320 432 1529 459 commen-

65 483 179 522 dauit
209 488 252 520 et
280 481 597 532 impietatis.
658 479 720 517 Cf.
755 491 855 528 quae
889 479 966 516 dixi
997 480 1031 529 ξ.
1056 478 1125 518 33.
1184 480 1269 516 Nec
1303 490 1399 516 uero
1431 490 1529 528 pru-

65 539 229 577 dentius
272 538 451 576 coniecit
489 537 536 574 in
581 536 762 573 animis
808 548 880 585 pro
914 537 960 572 in
996 536 1242 573 homines.
1304 531 1530 572 Scelera.

64 598 113 634 in
145 594 382 631 homines
434 590 592 645 (simile
634 590 864 641 exemplum
907 591 1054 629 Bakius
1093 592 1170 628 boc
1211 589 1392 628 laudauit
1428 588 1528 630 Sall.

61 651 151 700 Jug.
192 647 262 697 33,
303 648 343 688 4.
393 646 600 686 scelera
646 648 696 683 in
736 651 932 697 patrem
986 644 1314 696 iratresque)
1354 646 1529 683 nonita

64 706 271 753 dicuntur,
305 709 348 742 ut
377 704 749 753 impietatibus
791 703 1046 741 aduersus
1087 703 1212 740 deos
1252 706 1527 753 opponantur,

65 768 108 800 ut
140 761 174 811 ξ.
200 758 272 800 43.
304 761 509 809 obsequiis
541 760 580 796 in
613 759 801 796 homines
834 765 1093 810 opponuntur
1124 760 1396 797 caerimoniae
1427 755 1528 794 reli-

63 819 288 868 gionesque
321 816 504 854 deorum.
567 811 629 852 Ita
659 817 703 852 in
737 814 862 852 deos
895 815 987 853 addi
1020 817 1216 866 oportuit,
1259 828 1346 852 cum
1379 815 1528 865 impie-

62 878 170 912 tates
203 877 245 910 et
275 873 315 909 in
349 872 537 909 homiues
568 872 651 908 sint
682 875 724 908 et
754 873 793 908 in
818 871 933 909 deos·
997 872 1196 924 Opposita
1220 884 1313 908 esse
1337 870 1529 908 uidentur

63 927 217 968 scelera
250 934 292 966 et
324 930 572 978 impietates,
604 940 769 977 quarum
800 926 914 964 nulla
945 932 1008 964 est
1031 929 1229 978 expiatio,
1263 928 1526 974 facinoribus,

64 986 115 1023 de
148 985 293 1034 quibus
327 990 420 1021 ante
454 983 606 1020 dixisse
639 983 817 1032 uidetur,
861 983 1146 1033 imprudenter
1186 985 1384 1034 patratis,
1426 994 1527 1033 quae

62 1046 233 1093 possunt
266 1041 434 1091 expiari.
493 1038 555 1076 Cf.
589 1039 638 1087 ll,
672 1037 710 1077 9.
744 1039 812 1078 22.
876 1040 926 1076 Et
949 1039 1122 1088 scelera,
1155 1041 1319 1089 quaein
1346 1040 1528 1077 facinore

62 1097 242 1146 elucent,
283 1103 324 1134 et
363 1095 622 1145 impietates,
676 1107 780 1144 quae
819 1096 858 1131 in
901 1096 1034 1132 animo
1078 1097 1283 1144 existunt,
1330 1094 1527 1133 aduersus

62 1154 249 1192 homines
296 1151 474 1189 admissa
515 1149 594 1186 dici
634 1149 740 1187 nihil
772 1152 987 1187 uerborum
1020 1151 1237 1201 dispositio
1270 1156 1398 1189 uetat.
1460 1150 1525 1188 Cf.

64 1210 144 1248 Off.
168 1205 202 1258 I,
220 1206 289 1248 44.
320 1207 410 1248 157.
444 1207 770 1244 consociatio
799 1206 1056 1244 hominum
1089 1213 1141 1245 et
1168 1208 1525 1245 communitas.

64 1262 121 1316 II,
153 1266 193 1305 5.
233 1263 292 1305 16,
322 1263 656 1315 conspiratio
687 1263 953 1301 hominum
988 1268 1040 1303 et
1071 1276 1384 1303 consensuS.

175 1342 322 1382 nulla
363 1342 497 1393 sunt]
566 1343 659 1393 quia
710 1345 779 1379 aut
825 1343 991 1381 omnino
1036 1357 1115 1382 non
1169 1349 1263 1382 sunt
1305 1344 1527 1381 constituta

63 1406 133 1440 aut
165 1413 245 1438 non
285 1406 545 1437 exercentur.
614 1396 726 1451 (Cic.
770 1398 888 1437 Verr.
920 1400 988 1450 lll,
1021 1401 1088 1441 58.
1123 1399 1216 1441 132.
1259 1402 1337 1451 qui
1380 1398 1526 1436 modo

63 1457 265 1495 iudicia
306 1457 487 1493 Romae
525 1455 640 1492 fore
680 1452 931 1506 putaret).
998 1455 1163 1494 Sublata
1204 1462 1339 1495 autem
1373 1456 1527 1493 Romae

64 1513 305 1550 iudiciorum
345 1512 548 1549 seueritas
588 1523 634 1547 ac
665 1509 809 1560 religio
842 1515 950 1547 tecte
981 1513 1203 1562 significari
1235 1513 1401 1551 uidetur
1431 1524 1526 1549 uer-

64 1570 124 1607 bis
149 1569 439 1619 sequentibus:
472 1568 552 1604 ubi
575 1571 693 1604 sunt
716 1571 903 1617 tamen,
937 1581 1194 1620 persaepe
1222 1567 1359 1607 falsa
1390 1571 1525 1607 sunt.

174 1648 258 1685 ubi
289 1646 427 1696 sunt]
494 1646 589 1683 Ubi
630 1650 671 1682 et
712 1645 836 1684 codd.
868 1652 1013 1685 tenent
1044 1653 1085 1685 et
1117 1650 1324 1687 sententia
1354 1648 1526 1698 flagitat.

64 1704 164 1742 Cum
208 1704 315 1740 enim
358 1701 618 1739 multifariam
662 1702 688 1739 i.
732 1714 768 1740 e.
806 1702 948 1741 multis
977 1704 1078 1741 locis
1109 1705 1257 1743 iudicia
1288 1704 1400 1742 nulla
1433 1716 1526 1741 esse

63 1759 251 1809 dixisset,
283 1758 377 1796 addi
411 1760 605 1810 oportuit,
638 1758 704 1795 ubi
734 1759 1017 1798 inuenirentur
1038 1760 1170 1812 qualia
1192 1767 1350 1799 essent.
1395 1761 1526 1798 Recte

61 1819 202 1868 igitur,
243 1816 309 1866 qui
341 1816 424 1852 ubi
456 1816 730 1862 retinuerunt,
763 1828 811 1852 ex
842 1816 992 1854 mendo
1025 1817 1180 1855 codicis
1213 1818 1326 1856 arch.
1359 1818 1432 1854 sit
1464 1815 1526 1853 ef-

60 1874 250 1911 fecerunt
291 1875 419 1909 sunt.
481 1871 740 1908 Coniunctiui
781 1884 803 1908 a
840 1873 1005 1910 Dauisio
1051 1875 1236 1924 expressi
1279 1874 1382 1911 ratio
1416 1870 1527 1910 nulla

64 1934 144 1966 est.
204 1928 331 1975 Quam
373 1939 420 1963 ex
458 1925 735 1964 deterioribus
775 1928 1015 1978 quibusdam
1057 1930 1177 1969 codd.
1225 1929 1526 1969 correctionem

61 1989 157 2035 post
185 1983 290 2021 Uict.
335 1987 377 2020 et
414 1983 586 2020 Lbinum
627 1980 719 2036 (hic
761 1989 812 2021 et
853 1990 904 2022 ut
942 1983 1074 2038 sint)
1118 1990 1368 2038 receperunt
1401 1985 1524 2022 Goer.

64 2040 255 2078 Schuetz.
294 2039 401 2077 Mos.
435 2039 505 2078 Or.
554 2044 605 2076 ιιι
637 2040 767 2089 sint,
802 2053 849 2078 ea
880 2042 936 2079 ita
969 2055 1065 2080 uera
1109 2048 1246 2093 esset,
1285 2043 1320 2079 si
1361 2041 1525 2078 omnino

62 2096 213 2134 iudicia
244 2107 335 2132 esse
367 2100 462 2133 ante
493 2096 740 2145 negauisset.

175 2162 267 2201 sed
304 2175 389 2201 eos
428 2162 654 2213 agitant]
719 2163 837 2201 Ferri
876 2163 988 2203 nullo
1026 2170 1148 2217 pacto
1178 2169 1320 2216 potest
1351 2163 1526 2214 quaein

61 2219 152 2258 cod.
201 2219 313 2257 arch.
364 2219 443 2257 fuit
488 2231 670 2270 quaeque
722 2223 764 2257 et
803 2221 996 2259 'l'urnebo
1042 2223 1083 2260 in
1132 2223 1264 2273 prima
1307 2223 1525 2259 comment.

62 2276 245 2314 editione
292 2280 334 2312 et
387 2277 550 2313 Dauisio
601 2275 755 2326 placuit
801 2279 1098 2316 sententiarum
1155 2276 1371 2316 dissolutio
1426 2288 1525 2313 non

60 2338 160 2370 tam
202 2331 421 2370 iudiciis
461 2354 513 2360 -
552 2330 690 2369 falsa
737 2338 881 2382 sunt,
930 2339 981 2372 ut
1021 2337 1096 2384 (sc,
1140 2347 1283 2385 quam
1323 2345 1416 2371 esse
1461 2330 1527 2368 di-

63 2386 185 2441 cunt)
233 2400 318 2425 eos
369 2388 576 2438 agitant
623 2388 1068 2441 insectanturque
1108 2391 1296 2428 furiae.
1366 2385 1527 2426 Tullius

62 2446 96 2482 si
145 2457 216 2494 eo,
259 2455 336 2493 quo
388 2444 596 2492 instituit,
644 2444 766 2481 modo
821 2448 1048 2484 orationem
1106 2446 1235 2485 uellet
1290 2443 1526 2493 absoluere,

59 2502 118 2538 sic
163 2513 251 2538 eam
292 2499 551 2537 conformare
587 2498 784 2537 debebat:
821 2502 997 2552 itaque
1028 2515 1217 2554 poenas
1249 2500 1399 2539 luunt
1426 2511 1527 2537 non

61 2562 160 2595 tam
202 2554 451 2605 iudiciis,
493 2568 636 2606 quam
687 2555 755 2593 uel
801 2556 954 2596 leuiter
1007 2559 1154 2597 inflexa
1203 2559 1389 2596 oratione
1436 2554 1528 2593 sed

62 2610 145 2666 (sc.
176 2614 233 2651 ita
253 2610 413 2665 luunt),
447 2617 497 2650 ut
523 2624 609 2648 eos
634 2613 842 2662 agitent
863 2615 1316 2665 insectenturque
1340 2612 1527 2649 furiae.

64 2670 196 2718 Atque
235 2666 338 2706 illud
369 2682 458 2707 cum
492 2666 594 2706 Aldo
626 2673 778 2719 nepote
811 2673 853 2706 et
883 2669 1061 2709 Grutero
1100 2672 1391 2722 expresserunt
1427 2666 1528 2704 Ern.

65 2727 109 2760 et
144 2723 383 2775 Wagnerus,
427 2725 505 2762 hoc
548 2724 674 2761 Gzius
724 2726 903 2763 coniecit
950 2725 1238 2778 plaudentibus
1280 2723 1528 2770 Sohaemo,

64 2778 245 2828 Mosero,
266 2780 437 2820 Orellio.
491 2781 545 2819 At
570 2792 667 2819 uero
691 2793 781 2818 cum
811 2780 925 2820 nullo
955 2784 996 2820 in
1027 2782 1168 2822 codice
1191 2783 1271 2820 nisi
1295 2782 1337 2818 in
1361 2778 1449 2817 cod.
1476 2774 1528 2827 β,
