1781 3192
219 157 313 196 340
536 156 702 194 lNDEX
736 155 927 194 RERUM

223 267 404 302 stabilire
423 267 598 312 populos
625 268 680 299 67.

222 315 325 348 Stata
353 315 429 347 172.

221 363 401 392 sternere
426 368 489 400 pro
519 357 720 400 composito
747 359 824 391 291.

220 406 357 438 suasio
386 414 427 436 ac
453 402 651 436 dissuasio
681 403 774 448 legis
798 406 874 438 269.

221 448 414 493 subiqere,
444 459 514 481 non
535 448 728 482 subiicere
750 450 848 483 ferro
870 454 941 483 ter-

265 505 342 526 ram
362 495 441 526 208.

219 538 450 572 substantiua
483 540 639 582 repetita
671 542 724 574 36.
759 542 838 574 131.
861 543 940 575 242.

265 586 346 618 321.
373 588 453 627 post
488 596 588 628 pron.
614 586 718 619 relat.
747 590 776 620 5.
817 598 941 620 cumu-

266 630 341 663 lata
367 631 421 663 36.
456 630 625 664 uerbalia
651 633 729 666 289.

221 673 444 720 suffrayari
468 677 547 709 310.

222 722 350 755 Sullae
377 721 613 754 uehementia
637 723 719 756 226.

221 766 406 810 Sulpicius
436 767 555 801 Rufus
582 769 660 801 286.

220 823 374 846 summa
400 824 464 845 res
483 811 648 857 publica
677 815 752 848 126.
779 814 856 848 314.

220 868 430 902 supremus
457 859 513 892 38.

221 903 394 946 syllepsis
423 906 453 936 1.

219 947 451 994 synyrapha
470 951 511 983 'et
533 947 845 994 chiroyraplzum
865 951 940 983 278.

221 998 355 1027 tamen
381 996 433 1028 69.
524 1034 527 1035 ⁷

220 1043 376 1073 tcmcum
401 1057 447 1062 ——
475 1039 580 1083 quod
607 1041 681 1074 128.

222 1088 356 1118 tantus
386 1088 464 1118 119.

221 1130 371 1174 templa
404 1133 477 1164 157.

222 1180 388 1218 tempora
414 1176 558 1208 uariata
589 1178 663 1209 150.
690 1175 848 1220 imperf.
863 1179 944 1219 post

259 1231 396 1265 praes.
414 1223 490 1253 112.
515 1221 732 1253 insolentius
744 1221 941 1265 300.perf.

263 1266 480 1299 insolentius
495 1268 575 1307 post
596 1271 752 1308 praeter.
768 1267 811 1298 ad
825 1277 940 1308 praes.

266 1315 410 1354 tempus
437 1311 594 1343 rolatum
618 1313 697 1344 245.
731 1311 942 1353 plusquam-

268 1357 363 1398 perf.
386 1358 460 1388 105.

221 1400 407 1434 tenebrae
434 1399 699 1444 reipublicae
725 1401 805 1433 288.

221 1448 350 1479 teneri
372 1445 538 1478 alicuius
565 1447 626 1477 rei
643 1447 719 1479 305.

220 1491 389 1525 Thaletis
416 1492 549 1523 dietum
578 1492 654 1523 167.

219 1537 501 1580 Theophrastus
525 1538 601 1569 272.
629 1538 707 1569 274.

219 1583 388 1615 Theseus
417 1584 492 1615 125.

220 1628 403 1671 Thyamis
431 1629 505 1660 130.

220 1673 397 1707 Timaeus
428 1674 501 1706 144.

221 1721 361 1752 timere
380 1729 455 1760 seq.
481 1728 555 1750 acc.
576 1728 604 1749 e.
623 1718 680 1751 inf
704 1721 940 1753 22(›·.=cum

266 1768 367 1797 metu
393 1763 559 1796 dubitare
586 1764 662 1796 203.

220 1809 438 1842 Timotheus
466 1808 634 1841 Milesius
662 1811 738 1844 194.

220 1855 426 1896 Torquatus
456 1855 497 1887 A.
523 1855 600 1888 222.

218 1900 399 1933 Tubertus
426 1901 504 1933 232.

967 156 1040 193 ET
1077 156 1398 197 VERBORUM.

970 270 1059 299 {neu
1088 277 1151 309 pro
1182 270 1295 299 tueor
1323 268 1401 300 258.

970 315 1052 345 tum
1077 314 1130 345 27.
1175 315 1257 344 tum
1291 331 1335 336 —
1368 316 1448 344 tum
1485 314 1562 346 203.
1607 318 1687 348 tam

1019 357 1188 401 denique
1214 362 1250 390 et
1276 360 1357 390 tum
1384 357 1538 391 demum
1568 361 1640 393 134.

970 407 1053 436 tum
1077 403 1198 436 addita
1224 403 1418 447 epexegesi
1448 405 1522 437 191.
1556 406 1634 438 198.

970 447 1202 482 umbracula
1231 450 1312 481 274.

970 504 1157 538 umquam
1196 493 1252 526 bis
1288 493 1443 536 positum
1482 494 1517 527 in
1562 495 1690 528 eadem

1009 540 1203 572 uerborum
1228 539 1554 582 comprehensione
1571 542 1650 574 287.

968 596 1068 618 unus
1097 597 1126 617 c.
1153 585 1289 626 superl.
1318 587 1373 618 11.

968 635 1011 664 ut
1046 630 1080 663 in
1107 630 1353 662 concludendo
1380 632 1437 664 40.
1472 642 1535 674 pro
1563 632 1622 665 ita
1647 636 1691 665 ut

1018 678 1093 710 177.
1120 686 1190 708 non
1219 676 1362 708 additur
1386 676 1430 708 ad
1454 677 1590 719 superl.
1614 678 1689 710 uim

1015 721 1222 765 augendam
1242 723 1319 755 184.
1344 726 1438 764 post.
1466 732 1565 765 pron.
1592 722 1688 756 dem.

968 813 1124 845 utinam
1150 811 1306 855 quidem
1334 813 1412 846 314.

971 869 1013 891 ve
1037 859 1091 891 89.
1119 859 1198 890 256.

971 902 1031 936 vel
1050 903 1128 936 230.

970 948 1081 981 verba
1108 947 1232 991 paucis
1259 948 1381 981 verbis
1407 948 1606 982 interiectis
1633 950 1692 983 bie

1013 993 1133 1036 posita
1158 995 1237 1027 304.

970 1040 1072 1072 verbi
1108 1050 1245 1083 genera
1279 1050 1300 1071 a
1337 1038 1499 1072 librariis
1537 1039 1692 1074 confusa

971 1131 1165 1163 verborum
1214 1130 1408 1163 collocatio
1446 1133 1500 1163 10.
1541 1132 1594 1164 15.
1634 1131 1690 1165 52.

1018 1177 1077 1209 88.
1107 1177 1184 1208 119.
1213 1176 1291 1209 123.
1321 1176 1692 1210 132.133.149.190.

1018 1222 1094 1253 193.
1121 1223 1197 1253 246.
1219 1223 1296 1254 275.
1316 1222 1395 1254 287.
1419 1222 1496 1254 302.
1515 1222 1593 1255 306.
1611 1222 1692 1256 328.

968 1276 1059 1298 vere
1086 1265 1217 1298 dicere
1240 1269 1281 1302 et.
1300 1276 1438 1299 verum
1462 1266 1594 1299 dicere
1614 1267 1688 1300 123.

970 1320 1104 1342 verum
1116 1314 1191 1349 est,
1214 1314 1257 1342 ut
1278 1316 1340 1343 aut
1361 1322 1435 1353 seq.
1452 1322 1525 1344 acc.
1539 1311 1645 1344 c.inf.
1660 1314 1690 1344 7.

971 1365 1084 1387 verus
1109 1365 1168 1385 Ξ
1189 1355 1304 1386 iustus
1332 1357 1510 1390 1343137.

965 1398 1144 1432 'veterum
1172 1399 1270 1431 notio
1300 1400 1407 1431 modo
1430 1399 1549 1439 latior.
1585 1400 1691 1432 mode

1015 1444 1210 1488 angustior
1236 1445 1289 1477 65.
1315 1446 1393 1478 272.

972 1493 1081 1522 vetus
1110 1495 1145 1523 ct
1171 1493 1349 1522 vetustus
1377 1492 1452 1524 170.

970 1535 1144 1578 Vicapota
1172 1537 1249 1569 172.

970 1581 1129 1614 Victoria
1159 1583 1235 1616 172.

971 1628 1048 1659 viri
1073 1626 1166 1659 boni
1190 1638 1270 1659 cum
1297 1626 1374 1660 leui
1392 1629 1594 1660 contemtus
1614 1626 1690 1671 sig-

1016 1672 1222 1705 nificatione
1254 1674 1307 1706 36.

969 1719 1026 1750 vis
1052 1719 1131 1751 276.

968 1773 1046 1795 vox
1072 1764 1126 1795 61.

969 1808 1144 1840 Zaleucus
1170 1809 1245 1840 110.

969 1853 1123 1886 Zenonis
1150 1863 1301 1886 acumen
1327 1852 1465 1897 ingenii
1494 1856 1567 1888 105.

971 1910 1127 1943 zeugma
1149 1901 1202 1933 57.
1229 1900 1308 1932 286.
