1781 3192
268 204 361 241 200
839 200 909 238 DE
939 199 1173 239 LEGlBUS

272 324 437 358 secutus
468 313 639 353 Rathius
672 312 795 350 scribi
829 312 971 350 iussit:
1003 311 1215 351 iudicio
1236 315 1448 350 senatus
1470 334 1523 340 —
1546 326 1729 352 nomen

271 375 332 414 de
363 373 685 410 conseruata
713 369 894 420 patria
924 369 1195 408 consecuti
1228 381 1412 408 sumus,
1466 368 1599 420 Saepe
1621 369 1731 408 idem

272 427 431 469 Tullius
463 424 675 476 gloriatur.
738 423 803 463 Cf.
836 427 876 461 in
910 425 993 465 Pis.
1029 425 1095 475 11,
1129 425 1199 465 25.
1231 423 1327 463 ibid.
1362 438 1394 464 6.
1428 424 1469 464 3.
1509 430 1604 475 post
1644 426 1731 465 red.

271 490 313 525 in
345 496 433 522 sen.
467 481 491 522 9
525 486 567 520 61
603 481 667 521 10.
698 493 772 532 pro
805 479 911 520 dom.
945 480 1011 522 28.
1052 482 1102 519 ad
1134 482 1250 519 Fam.
1283 480 1314 530 l,
1346 479 1384 521 9.
1421 480 1485 522 16.
1520 481 1628 531 XVl,
1670 481 1733 522 11.

385 541 609 589 Quorum
634 535 866 587 scelere]
922 537 1085 575 Pariter
1110 539 1367 575 necessariae
1387 542 1482 575 sunt
1509 539 1733 575 correctio-

270 610 344 637 nes
374 594 472 634 illae
511 595 725 644 antiquae:
769 606 975 643 quorum
1013 593 1223 631 scelere
1261 606 1333 644 pro
1376 607 1472 644 quo
1503 592 1733 643 scelere,

272 658 315 693 et
355 652 613 690 distracti
653 662 708 686 ac
750 648 1002 701 dissipati
1048 663 1121 701 pro
1164 649 1457 688 distractae
1487 663 1540 688 ac
1571 650 1734 688 dissi-

270 714 442 763 patae.
512 706 595 746 Sed
647 711 804 744 temere
856 705 1098 756 particulam
1140 712 1242 744 tum
1282 708 1404 744 etiam
1442 705 1542 745 11.1.
1583 705 1734 757 expelli

273 764 495 806 uoluerunt
548 763 690 813 XVagn.
745 768 786 799 et
824 761 1000 800 Rathius
1052 768 1093 800 et
1139 768 1233 800 ante
1279 764 1502 801 omiserant
1542 762 1649 802 Uict.
1693 766 1736 800 et

271 823 442 862 Lbinus.
502 820 679 867 Lbinus,
718 817 826 855 haud
870 818 991 857 dubie
1032 819 1083 856 de
1125 820 1260 869 coni.,
1301 831 1512 870 quorum
1547 823 1732 857 autem.

273 876 391 930 Quod
435 877 501 926 qui
542 876 742 927 probabat
771 874 966 925 Rathius,
1009 887 1088 912 non
1130 874 1333 914 intellexit
1374 876 1651 914 coniunctioni
1693 877 1732 913 in

271 937 350 975 1106
383 933 588 971 concitato
622 943 811 968 sermone
842 929 974 969 locum
1008 944 1088 969 non
1121 944 1229 970 esse.

384 990 576 1041 partim
613 1000 672 1026 ex
703 986 838 1037 illis]
900 987 1079 1037 Partim,
1123 987 1229 1038 quod
1262 987 1458 1026 adiectiui
1495 986 1627 1026 locum
1661 988 1734 1025 ob-

272 1051 378 1087 tinet
407 1045 613 1096 partitiui,
658 1042 724 1082 uel
755 1056 845 1081 cum
878 1045 1060 1094 genitiuo
1103 1042 1209 1098 (Cic.
1243 1043 1296 1082 de
1328 1045 1419 1082 Diu.
1451 1044 1501 1094 ll,
1533 1044 1601 1085 55.
1640 1042 1733 1084 113.

272 1105 350 1144 Off,
384 1099 442 1150 ll,
475 1101 540 1140 21.
576 1098 669 1153 72.)
702 1098 769 1138 uel
800 1113 889 1138 cum
922 1112 1060 1153 praep.
1093 1113 1152 1138 ex
1181 1102 1365 1152 iungitur
1388 1099 1493 1153 (Cic.
1516 1099 1627 1139 Phil.
1651 1095 1733 1150 III,

275 1162 341 1202 11.
374 1159 440 1199 32.
474 1159 513 1195 in
537 1157 628 1195 Uat.
665 1157 704 1206 7,
744 1153 848 1209 16.).

387 1228 443 1252 ex
476 1215 539 1251 iis
571 1217 620 1250 et
651 1211 854 1262 horum]
916 1211 1044 1252 Codd.
1087 1211 1283 1250 meliores
1324 1225 1413 1249 cum
1462 1211 1732 1261 deteriorum,

274 1278 318 1312 ut
350 1271 526 1319 uidetur,
559 1268 767 1320 plerisque
800 1281 854 1306 ex
886 1269 978 1307 his.
1039 1269 1157 1318 Quod
1204 1274 1408 1306 retentum
1451 1282 1472 1306 a
1503 1268 1653 1319 Steph.
1691 1271 1734 1305 et

273 1330 419 1376 Lbino,
456 1340 477 1363 a
502 1323 675 1375 reliquis
706 1324 965 1375 repudiatum
998 1331 1139 1363 nostra
1170 1330 1305 1363 aetate
1336 1331 1582 1364 reuocarunt
1609 1324 1731 1362 Goer.

274 1385 370 1423 Sch.
404 1383 512 1421 Mos.
541 1380 639 1419 Bak.
701 1380 783 1419 Sed
826 1383 973 1418 merito
1005 1381 1046 1418 id
1080 1382 1245 1419 uidetur
1274 1381 1529 1432 repudiatum
1563 1393 1656 1418 6556
1685 1381 1732 1418 ab

274 1438 444 1481 Orellio.
515 1437 649 1475 Parua
698 1444 763 1475 est
813 1439 919 1474 enim
962 1437 1025 1474 his
1063 1438 1106 1475 in
1147 1438 1268 1475 rebus
1315 1437 1434 1476 codd.
1486 1439 1732 1486 auctoritas,

272 1510 350 1536 1166
381 1499 497 1533 recte
531 1493 743 1542 uidentur,
773 1506 862 1531 cum
904 1491 999 1531 ille
1037 1494 1337 1545 praecesserit,
1375 1493 1618 1545 pronomine
1653 1493 1733 1531 hic

271 1553 333 1593 illi
365 1551 653 1591 demonstrari.
715 1549 915 1601 Exemplo
947 1563 968 1587 a
1001 1550 1103 1588 Gzio
1136 1549 1259 1588 allato
1292 1549 1369 1603 (de
1400 1551 1492 1588 Nat.
1528 1550 1647 1587 Deor.
1684 1550 1733 1598 ΙΙ,

272 1609 341 1651 46.
380 1605 500 1660 119.)
532 1607 611 1644 1106
643 1618 764 1644 unum
809 1607 1046 1656 conficitur,
1093 1606 1245 1658 duplex
1287 1619 1403 1657 pron.
1445 1606 1530 1644 hic
1559 1620 1580 1644 a
1611 1606 1732 1644 Cice-

273 1679 374 1705 rone
414 1678 492 1702 non
526 1674 619 1701 esse
658 1662 946 1714 repudiatum,
990 1665 1102 1714 quasi
1142 1676 1241 1701 uero
1284 1662 1325 1699 id
1366 1664 1573 1712 quisquam
1613 1661 1731 1700 dubi-

273 1723 423 1762 tauerit
466 1732 667 1770 umquam.
729 1720 830 1757 Cum
872 1724 1006 1756 autem
1039 1732 1132 1769 eos,
1175 1721 1241 1769 qui
1283 1719 1441 1756 scelera
1480 1722 1729 1768 patrassent,
1780 1715 1781 1757 ἶ

274 1781 322 1817 ab
356 1791 403 1816 eo
437 1790 513 1827 quo
544 1775 723 1825 loquitur
753 1780 941 1825 tempore
974 1780 1153 1812 remotos
1186 1776 1426 1824 cogitasset,
1458 1772 1614 1811 scelera
1644 1775 1732 1824 ipsa

273 1837 401 1874 haec
433 1834 552 1882 dixit,
585 1832 677 1882 quia
706 1832 883 1870 maxime
914 1833 1045 1881 ipsum
1080 1831 1322 1868 Ciceronem
1354 1830 1622 1879 attingebant.

386 1890 606 1928 fuerant
643 1900 733 1926 cum
765 1887 910 1939 steph,
945 1888 1082 1938 recepi
1114 1899 1163 1924 ex
1193 1885 1313 1924 codd.
1340 1885 1600 1934 melioribus3
1632 1883 1732 1924 reli·
1778 1872 1781 1888 ¹

275 1948 342 1999 qui
372 1947 601 1985 fuerunt.
663 1943 864 1983 Nimirum
895 1956 1028 1996 poena
1057 1944 1214 1994 ingruit
1241 1940 1468 1981 sceleribus
1501 1946 1543 1980 61
1582 1943 1731 1994 impie-

274 2005 425 2042 tatibus
458 2001 643 2053 patratis.

386 2072 486 2097 11011
519 2055 685 2095 solnm
717 2058 830 2094 uita
860 2056 961 2106 661,]
1023 2053 1220 2093 Mendum
1248 2054 1336 2093 cod.
1371 2055 1480 2094 arch.
1515 2068 1536 2092 a
1567 2055 1732 2092 nemine
1774 2058 1777 2069 ¹

277 2115 410 2153 adhuc
443 2118 556 2151 certa
586 2113 821 2150 coniectura
852 2112 1054 2150 sublatum
1085 2112 1194 2162 typis
1227 2110 1489 2149 describendi
1577 2113 1731 2149 curaui.

273 2171 530 2221 Perspicitur
557 2180 654 2206 uero
683 2180 732 2205 ex
762 2167 1054 2219 particularum
1076 2179 1172 2204 non
1200 2167 1360 2205 50111111
1386 2190 1438 2195 -
1462 2124 1553 2218 §Q
1580 2168 1730 2204 etiam

274 2227 562 2266 coniunctione
594 2229 662 2262 aut
693 2223 773 2262 duo
809 2225 933 2262 uerba
965 2224 1170 2273 coniungi,
1213 2228 1258 2261 ut
1290 2229 1331 2261 et
1362 2224 1532 2262 cruciati
1563 2235 1657 2261 esse
1690 2228 1732 2260 et

275 2284 453 2322 caruisse
485 2280 688 2330 dicantur,
720 2284 788 2318 aut
819 2280 919 2318 duas
950 2293 1032 2330 res,
1066 2281 1208 2329 quibus
1240 2281 1308 2317 isti
1338 2281 1553 2318 caruerint.
1615 2278 1728 2317 illam

274 2341 476 2377 rationem
524 2338 590 2387 qui
629 2338 762 2375 secuti
805 2341 922 2387 sunt,
969 2337 1162 2374 Pearcius
1212 2338 1330 2381 (non
1381 2335 1541 2374 solum
1590 2337 1730 2374 uitae

276 2394 506 2434 cruciati
538 2392 802 2431 dedecore
834 2406 891 2431 sc.
924 2398 1036 2442 sunt,
1068 2405 1244 2430 uerum
1279 2395 1430 2430 etiam
1457 2391 1730 2443 sepultura

273 2456 327 2489 et
370 2450 537 2488 iustis
585 2451 961 2500 exsequiarum
994 2451 1318 2497 caruerunt),
1359 2449 1572 2486 Ernestius
1613 2450 1726 2495 (non

276 2505 367 2545 sol.
396 2506 503 2544 uiui
533 2507 760 2543 cruciati
795 2505 1059 2543 dedecore
1083 2512 1477 2555 56.511111,1161·11111
1501 2506 1729 2542 etiam-

275 2576 334 2601 sc.
368 2562 519 2600 mortui
557 2583 606 2588 —
641 2575 741 2613 sep.
774 2567 825 2599 et
856 2563 977 2600 11151.
1011 2574 1108 2599 exs.
1143 2566 1285 2611 car.),
1328 2562 1474 2599 Brutus
1505 2565 1547 2598 et
1581 2559 1728 2598 Bakius

275 2623 394 2666 (non
425 2616 517 2655 sol.
548 2619 687 2655 uitae
719 2620 955 2656 cruciatu
988 2623 1137 2668 atque
1168 2617 1427 2655 dedecore
1460 2638 1504 2643 —
1540 2630 1596 2656 sc.
1630 2629 1729 2654 con-

275 2675 418 2713 flictati
453 2677 562 2723 sunt,
593 2675 808 2712 uerborum
844 2674 1013 2725 syllepsi
1043 2687 1211 2726 prorsus
1250 2673 1431 2711 inaudita
1465 2697 1517 2702 —
1550 2686 1729 2711 uerum

277 2732 431 2769 etiam
465 2741 566 2780 sep.
597 2736 696 2780 cet.,
727 2744 867 2781 parum
901 2730 1175 2782 profecerunt.
1236 2731 1321 2768 Nec
1352 2743 1448 2768 uero
1482 2730 1621 2768 Rathii
1653 2742 1728 2779 ego

278 2787 538 2839 probauerim
580 2789 899 2826 correctionem:
943 2785 1160 2824 11011501,
1203 2789 1350 2824 uitae
1390 2787 1616 2824 cruciati
1656 2781 1766 2844 111--1Ὶι
