<?xml version="1.0" encoding="UTF-8"?>
<!DOCTYPE html PUBLIC "-//W3C//DTD XHTML 1.0 Transitional//EN"
    "http://www.w3.org/TR/xhtml1/DTD/xhtml1-transitional.dtd">
<html xmlns="http://www.w3.org/1999/xhtml" xml:lang="en" lang="en">
 <head>
  <title>
</title>
<meta http-equiv="Content-Type" content="text/html;charset=utf-8" />
  <meta name='ocr-system' content='tesseract 3.04.00' />
  <meta name='ocr-capabilities' content='ocr_page ocr_carea ocr_par ocr_line ocrx_word'/>
</head>
<body>
  <div class='ocr_page' id='page_1' title='image "./delegibuslibritr0102ciceuoft_0219.png"; bbox 0 0 1781 3192; ppageno 0'>
   <div class='ocr_carea' id='block_1_1' title="bbox 506 193 1559 240">
    <p class='ocr_par' dir='ltr' id='par_1_1' title="bbox 506 193 1559 240">
     <span class='ocr_line' id='line_1_1' title="bbox 506 193 1559 240; baseline -0.008 -1"><span class='ocrx_word' id='word_1_1' title='bbox 506 199 663 240; x_wconf 73' lang='lat' dir='ltr'>MBER</span> <span class='ocrx_word' id='word_1_2' title='bbox 697 197 919 236; x_wconf 64' lang='lat' dir='ltr'>mimus.</span> <span class='ocrx_word' id='word_1_3' title='bbox 970 196 1066 236; x_wconf 65' lang='lat' dir='ltr'>CM».</span> <span class='ocrx_word' id='word_1_4' title='bbox 1101 196 1144 234; x_wconf 91' lang='grc' dir='ltr'>ΙΙ.</span> <span class='ocrx_word' id='word_1_5' title='bbox 1506 193 1559 231; x_wconf 82' lang='grc'>15</span> 
     </span>
    </p>
   </div>
   <div class='ocr_carea' id='block_1_2' title="bbox 95 306 1582 2851">
    <p class='ocr_par' dir='ltr' id='par_1_2' title="bbox 95 306 1566 803">
     <span class='ocr_line' id='line_1_2' title="bbox 207 306 1563 364; baseline -0.007 -11"><span class='ocrx_word' id='word_1_6' title='bbox 207 313 394 364; x_wconf 70' lang='lat' dir='ltr'>Gellii}</span> <span class='ocrx_word' id='word_1_7' title='bbox 428 312 603 352; x_wconf 80' lang='lat' dir='ltr'>Codices</span> <span class='ocrx_word' id='word_1_8' title='bbox 626 315 695 350; x_wconf 89' lang='lat' dir='ltr'>aut</span> <span class='ocrx_word' id='word_1_9' title='bbox 726 308 868 348; x_wconf 89' lang='lat' dir='ltr'>bello</span> <span class='ocrx_word' id='word_1_10' title='bbox 901 315 968 347; x_wconf 86' lang='lat' dir='ltr'>aut</span> <span class='ocrx_word' id='word_1_11' title='bbox 1000 306 1150 357; x_wconf 79' lang='lat' dir='ltr'>belli3</span> <span class='ocrx_word' id='word_1_12' title='bbox 1181 306 1286 345; x_wconf 87' lang='lat' dir='ltr'>unde</span> <span class='ocrx_word' id='word_1_13' title='bbox 1315 308 1451 345; x_wconf 77' lang='lat' dir='ltr'>uerius</span> <span class='ocrx_word' id='word_1_14' title='bbox 1477 307 1563 344; x_wconf 88' lang='lat' dir='ltr'>Gu-</span> 
     </span>
     <span class='ocr_line' id='line_1_3' title="bbox 95 362 1561 417; baseline -0.008 -7"><span class='ocrx_word' id='word_1_15' title='bbox 95 371 260 411; x_wconf 90' lang='lat' dir='ltr'>lielmus</span> <span class='ocrx_word' id='word_1_16' title='bbox 295 362 470 409; x_wconf 88' lang='lat' dir='ltr'>coniecit</span> <span class='ocrx_word' id='word_1_17' title='bbox 501 367 700 417; x_wconf 89' lang='lat' dir='ltr'>Gellii,</span> <span class='ocrx_word' id='word_1_18' title='bbox 734 379 850 417; x_wconf 78' lang='lat' dir='ltr'>quam</span> <span class='ocrx_word' id='word_1_19' title='bbox 887 366 1142 403; x_wconf 69' lang='lat' dir='ltr'><strong>Passeratius</strong></span> <span class='ocrx_word' id='word_1_20' title='bbox 1173 363 1405 402; x_wconf 82' lang='lat' dir='ltr'>Gellius.</span> <span class='ocrx_word' id='word_1_21' title='bbox 1439 362 1561 400; x_wconf 86' lang='lat' dir='ltr'>Lam-</span> 
     </span>
     <span class='ocr_line' id='line_1_4' title="bbox 96 417 1564 476; baseline -0.007 -10"><span class='ocrx_word' id='word_1_22' title='bbox 96 431 213 467; x_wconf 85' lang='lat' dir='ltr'>binus</span> <span class='ocrx_word' id='word_1_23' title='bbox 247 440 388 465; x_wconf 89' lang='lat' dir='ltr'>uocem</span> <span class='ocrx_word' id='word_1_24' title='bbox 420 424 558 464; x_wconf 85' lang='lat' dir='ltr'>belli</span> <span class='ocrx_word' id='word_1_25' title='bbox 601 422 887 476; x_wconf 81' lang='lat' dir='ltr'>expeHendam</span> <span class='ocrx_word' id='word_1_26' title='bbox 931 422 1129 460; x_wconf 87' lang='lat' dir='ltr'>iudicauit</span> <span class='ocrx_word' id='word_1_27' title='bbox 1167 419 1279 459; x_wconf 89' lang='lat' dir='ltr'>nulla</span> <span class='ocrx_word' id='word_1_28' title='bbox 1310 418 1387 458; x_wconf 85' lang='lat' dir='ltr'>alia</span> <span class='ocrx_word' id='word_1_29' title='bbox 1421 417 1564 457; x_wconf 83' lang='lat' dir='ltr'>uocula</span> 
     </span>
     <span class='ocr_line' id='line_1_5' title="bbox 95 476 1564 528; baseline -0.007 -5"><span class='ocrx_word' id='word_1_30' title='bbox 95 488 136 523; x_wconf 91' lang='lat' dir='ltr'>in</span> <span class='ocrx_word' id='word_1_31' title='bbox 168 486 253 522; x_wconf 86' lang='lat' dir='ltr'>eius</span> <span class='ocrx_word' id='word_1_32' title='bbox 283 482 415 522; x_wconf 84' lang='lat' dir='ltr'>locum</span> <span class='ocrx_word' id='word_1_33' title='bbox 448 483 684 520; x_wconf 85' lang='lat' dir='ltr'>substituta.</span> <span class='ocrx_word' id='word_1_34' title='bbox 746 479 982 527; x_wconf 77' lang='lat' dir='ltr'>Turnebus,</span> <span class='ocrx_word' id='word_1_35' title='bbox 1009 479 1075 528; x_wconf 84' lang='lat' dir='ltr'>qui</span> <span class='ocrx_word' id='word_1_36' title='bbox 1105 477 1284 516; x_wconf 85' lang='lat' dir='ltr'>bellos</span> <span class='ocrx_word' id='word_1_37' title='bbox 1317 477 1398 514; x_wconf 91' lang='lat' dir='ltr'>dici</span> <span class='ocrx_word' id='word_1_38' title='bbox 1423 476 1564 513; x_wconf 82' lang='lat' dir='ltr'>existi-</span> 
     </span>
     <span class='ocr_line' id='line_1_6' title="bbox 97 532 1565 584; baseline -0.007 -5"><span class='ocrx_word' id='word_1_39' title='bbox 97 542 225 579; x_wconf 86' lang='lat' dir='ltr'>mauit</span> <span class='ocrx_word' id='word_1_40' title='bbox 255 539 441 578; x_wconf 87' lang='lat' dir='ltr'>Clodium</span> <span class='ocrx_word' id='word_1_41' title='bbox 475 543 517 577; x_wconf 91' lang='lat' dir='ltr'>et</span> <span class='ocrx_word' id='word_1_42' title='bbox 546 536 796 576; x_wconf 80' lang='lat' dir='ltr'>Asellionem</span> <span class='ocrx_word' id='word_1_43' title='bbox 828 548 918 572; x_wconf 87' lang='lat' dir='ltr'>eum</span> <span class='ocrx_word' id='word_1_44' title='bbox 952 536 1107 584; x_wconf 86' lang='lat' dir='ltr'>ironia,</span> <span class='ocrx_word' id='word_1_45' title='bbox 1150 536 1299 571; x_wconf 88' lang='lat' dir='ltr'>merito</span> <span class='ocrx_word' id='word_1_46' title='bbox 1333 532 1565 571; x_wconf 88' lang='lat' dir='ltr'>assentien-</span> 
     </span>
     <span class='ocr_line' id='line_1_7' title="bbox 99 586 1561 636; baseline -0.007 -1"><span class='ocrx_word' id='word_1_47' title='bbox 99 603 181 636; x_wconf 84' lang='lat' dir='ltr'>tem</span> <span class='ocrx_word' id='word_1_48' title='bbox 213 600 357 634; x_wconf 82' lang='lat' dir='ltr'>nactus</span> <span class='ocrx_word' id='word_1_49' title='bbox 391 601 455 633; x_wconf 89' lang='lat' dir='ltr'>est</span> <span class='ocrx_word' id='word_1_50' title='bbox 485 595 705 632; x_wconf 88' lang='lat' dir='ltr'>neminem.</span> <span class='ocrx_word' id='word_1_51' title='bbox 765 591 896 629; x_wconf 81' lang='lat' dir='ltr'><strong>Erant</strong></span> <span class='ocrx_word' id='word_1_52' title='bbox 930 596 1063 629; x_wconf 83' lang='lat' dir='ltr'>autem</span> <span class='ocrx_word' id='word_1_53' title='bbox 1097 590 1210 628; x_wconf 83' lang='lat' dir='ltr'>Sext.</span> <span class='ocrx_word' id='word_1_54' title='bbox 1253 595 1295 628; x_wconf 92' lang='lat' dir='ltr'>et</span> <span class='ocrx_word' id='word_1_55' title='bbox 1327 590 1401 627; x_wconf 88' lang='lat' dir='ltr'>Cu.</span> <span class='ocrx_word' id='word_1_56' title='bbox 1433 586 1561 626; x_wconf 87' lang='lat' dir='ltr'>Gellii</span> 
     </span>
     <span class='ocr_line' id='line_1_8' title="bbox 96 641 1566 702; baseline -0.005 -12"><span class='ocrx_word' id='word_1_57' title='bbox 96 653 357 690; x_wconf 82' lang='lat' dir='ltr'>historiarum</span> <span class='ocrx_word' id='word_1_58' title='bbox 391 653 614 702; x_wconf 81' lang='lat' dir='ltr'>scriptores</span> <span class='ocrx_word' id='word_1_59' title='bbox 647 649 722 698; x_wconf 79' lang='lat' dir='ltr'>(ef.</span> <span class='ocrx_word' id='word_1_60' title='bbox 752 648 779 687; x_wconf 86' lang='lat'>1.</span> <span class='ocrx_word' id='word_1_61' title='bbox 812 647 863 686; x_wconf 87' lang='lat' dir='ltr'>G.</span> <span class='ocrx_word' id='word_1_62' title='bbox 889 648 1083 685; x_wconf 86' lang='lat' dir='ltr'>Uossium</span> <span class='ocrx_word' id='word_1_63' title='bbox 1118 646 1169 684; x_wconf 91' lang='lat' dir='ltr'>de</span> <span class='ocrx_word' id='word_1_64' title='bbox 1202 647 1297 686; x_wconf 80' lang='lat' dir='ltr'>hist.</span> <span class='ocrx_word' id='word_1_65' title='bbox 1331 645 1403 683; x_wconf 91' lang='lat' dir='ltr'>lat.</span> <span class='ocrx_word' id='word_1_66' title='bbox 1429 641 1464 695; x_wconf 89' lang='grc' dir='ltr'>Ι,</span> <span class='ocrx_word' id='word_1_67' title='bbox 1486 644 1566 694; x_wconf 90' lang='grc'><strong>8.),</strong></span> 
     </span>
     <span class='ocr_line' id='line_1_9' title="bbox 99 698 1566 758; baseline -0.006 -12"><span class='ocrx_word' id='word_1_68' title='bbox 99 707 362 758; x_wconf 87' lang='lat' dir='ltr'>Gelliosque,</span> <span class='ocrx_word' id='word_1_69' title='bbox 395 709 538 758; x_wconf 88' lang='lat' dir='ltr'>quibus</span> <span class='ocrx_word' id='word_1_70' title='bbox 570 719 665 745; x_wconf 88' lang='lat' dir='ltr'>usus</span> <span class='ocrx_word' id='word_1_71' title='bbox 698 707 773 755; x_wconf 87' lang='lat' dir='ltr'>sit,</span> <span class='ocrx_word' id='word_1_72' title='bbox 807 705 907 743; x_wconf 89' lang='lat' dir='ltr'>item</span> <span class='ocrx_word' id='word_1_73' title='bbox 942 705 1062 743; x_wconf 88' lang='lat' dir='ltr'>Dion.</span> <span class='ocrx_word' id='word_1_74' title='bbox 1105 701 1202 742; x_wconf 87' lang='lat' dir='ltr'>Hal.</span> <span class='ocrx_word' id='word_1_75' title='bbox 1239 698 1274 752; x_wconf 92' lang='lat' dir='ltr'>I,</span> <span class='ocrx_word' id='word_1_76' title='bbox 1309 702 1347 742; x_wconf 80' lang='lat'>7.</span> <span class='ocrx_word' id='word_1_77' title='bbox 1383 713 1566 740; x_wconf 90' lang='lat' dir='ltr'>comme-</span> 
     </span>
     <span class='ocr_line' id='line_1_10' title="bbox 108 761 793 803; baseline -0.009 -1"><span class='ocrx_word' id='word_1_78' title='bbox 108 768 259 803; x_wconf 82' lang='lat' dir='ltr'><strong>morat.</strong></span> <span class='ocrx_word' id='word_1_79' title='bbox 782 761 793 772; x_wconf 88' lang='lat'><em>⁰</em></span> 
     </span>
    </p>

    <p class='ocr_par' dir='ltr' id='par_1_3' title="bbox 99 814 1573 1380">
     <span class='ocr_line' id='line_1_11' title="bbox 211 814 1568 870; baseline -0.005 -12"><span class='ocrx_word' id='word_1_80' title='bbox 211 817 343 858; x_wconf 90' lang='lat' dir='ltr'>nihil</span> <span class='ocrx_word' id='word_1_81' title='bbox 374 819 435 858; x_wconf 85' lang='lat' dir='ltr'>ad</span> <span class='ocrx_word' id='word_1_82' title='bbox 466 818 723 869; x_wconf 87' lang='lat' dir='ltr'>Caelium]</span> <span class='ocrx_word' id='word_1_83' title='bbox 756 817 1007 870; x_wconf 81' lang='lat' dir='ltr'>Ellipticum</span> <span class='ocrx_word' id='word_1_84' title='bbox 1033 816 1197 855; x_wconf 90' lang='lat' dir='ltr'>dicendi</span> <span class='ocrx_word' id='word_1_85' title='bbox 1242 828 1370 866; x_wconf 83' lang='lat' dir='ltr'>genus</span> <span class='ocrx_word' id='word_1_86' title='bbox 1403 814 1568 866; x_wconf 86' lang='lat' dir='ltr'>saepius</span> 
     </span>
     <span class='ocr_line' id='line_1_12' title="bbox 100 867 1568 929; baseline -0.005 -13"><span class='ocrx_word' id='word_1_87' title='bbox 100 892 122 916; x_wconf 86' lang='lat' dir='ltr'>a</span> <span class='ocrx_word' id='word_1_88' title='bbox 159 877 359 915; x_wconf 79' lang='lat' dir='ltr'>Cicerone</span> <span class='ocrx_word' id='word_1_89' title='bbox 399 878 439 914; x_wconf 91' lang='lat' dir='ltr'>in</span> <span class='ocrx_word' id='word_1_90' title='bbox 479 876 755 929; x_wconf 87' lang='lat' dir='ltr'>comparando</span> <span class='ocrx_word' id='word_1_91' title='bbox 797 879 1048 927; x_wconf 87' lang='lat' dir='ltr'>usurpatum.</span> <span class='ocrx_word' id='word_1_92' title='bbox 1113 873 1200 912; x_wconf 89' lang='lat' dir='ltr'>Cic.</span> <span class='ocrx_word' id='word_1_93' title='bbox 1242 873 1294 911; x_wconf 88' lang='lat' dir='ltr'>de</span> <span class='ocrx_word' id='word_1_94' title='bbox 1325 872 1397 911; x_wconf 89' lang='lat' dir='ltr'>Or.</span> <span class='ocrx_word' id='word_1_95' title='bbox 1437 867 1495 921; x_wconf 85' lang='lat' dir='ltr'>Il,</span> <span class='ocrx_word' id='word_1_96' title='bbox 1527 870 1568 912; x_wconf 87' lang='grc'>6.</span> 
     </span>
     <span class='ocr_line' id='line_1_13' title="bbox 99 926 1570 984; baseline -0.007 -9"><span class='ocrx_word' id='word_1_97' title='bbox 99 933 170 976; x_wconf 79' lang='grc'>25.</span> <span class='ocrx_word' id='word_1_98' title='bbox 214 933 342 972; x_wconf 56' lang='lat' dir='ltr'>&#39;sustu</span> <span class='ocrx_word' id='word_1_99' title='bbox 381 928 421 982; x_wconf 82' lang='grc' dir='ltr'>Ι,</span> <span class='ocrx_word' id='word_1_100' title='bbox 450 932 489 971; x_wconf 87' lang='grc'>7.</span> <span class='ocrx_word' id='word_1_101' title='bbox 520 931 586 972; x_wconf 74' lang='grc'>40,</span> <span class='ocrx_word' id='word_1_102' title='bbox 620 945 695 984; x_wconf 87' lang='lat' dir='ltr'>pro</span> <span class='ocrx_word' id='word_1_103' title='bbox 727 932 818 970; x_wconf 89' lang='lat' dir='ltr'>Dei.</span> <span class='ocrx_word' id='word_1_104' title='bbox 859 930 901 981; x_wconf 88' lang='grc'>8,</span> <span class='ocrx_word' id='word_1_105' title='bbox 942 929 1010 971; x_wconf 70' lang='grc'><strong>24.</strong></span> <span class='ocrx_word' id='word_1_106' title='bbox 1061 933 1103 968; x_wconf 86' lang='lat' dir='ltr'>et</span> <span class='ocrx_word' id='word_1_107' title='bbox 1141 929 1333 968; x_wconf 83' lang='lat' dir='ltr'>Benecke</span> <span class='ocrx_word' id='word_1_108' title='bbox 1374 926 1423 966; x_wconf 90' lang='lat' dir='ltr'>ad</span> <span class='ocrx_word' id='word_1_109' title='bbox 1466 929 1507 966; x_wconf 88' lang='lat' dir='ltr'>h.</span> <span class='ocrx_word' id='word_1_110' title='bbox 1538 926 1570 965; x_wconf 94' lang='lat' dir='ltr'>l.</span> 
     </span>
     <span class='ocr_line' id='line_1_14' title="bbox 105 986 1571 1039; baseline -0.005 -10"><span class='ocrx_word' id='word_1_111' title='bbox 105 992 291 1030; x_wconf 86' lang='lat' dir='ltr'>Gronou.</span> <span class='ocrx_word' id='word_1_112' title='bbox 324 989 562 1027; x_wconf 84' lang='lat' dir='ltr'>Obseruatt.</span> <span class='ocrx_word' id='word_1_113' title='bbox 595 989 664 1039; x_wconf 80' lang='lat' dir='ltr'>lv,</span> <span class='ocrx_word' id='word_1_114' title='bbox 697 987 736 1028; x_wconf 88' lang='grc'>6.</span> <span class='ocrx_word' id='word_1_115' title='bbox 769 1002 809 1039; x_wconf 91' lang='lat' dir='ltr'>p.</span> <span class='ocrx_word' id='word_1_116' title='bbox 840 987 939 1029; x_wconf 84' lang='grc'><strong>386.</strong></span> <span class='ocrx_word' id='word_1_117' title='bbox 1001 988 1088 1036; x_wconf 78' lang='lat' dir='ltr'>Quo</span> <span class='ocrx_word' id='word_1_118' title='bbox 1127 1000 1174 1025; x_wconf 83' lang='lat' dir='ltr'>ex</span> <span class='ocrx_word' id='word_1_119' title='bbox 1205 998 1359 1037; x_wconf 80' lang='lat' dir='ltr'>genere</span> <span class='ocrx_word' id='word_1_120' title='bbox 1392 986 1571 1022; x_wconf 87' lang='lat' dir='ltr'>eximere</span> 
     </span>
     <span class='ocr_line' id='line_1_15' title="bbox 103 1040 1573 1095; baseline -0.005 -10"><span class='ocrx_word' id='word_1_121' title='bbox 103 1061 184 1085; x_wconf 90' lang='lat' dir='ltr'>non</span> <span class='ocrx_word' id='word_1_122' title='bbox 217 1046 363 1083; x_wconf 85' lang='lat' dir='ltr'>debuit</span> <span class='ocrx_word' id='word_1_123' title='bbox 384 1044 619 1095; x_wconf 80' lang='lat' dir='ltr'>Maduigius</span> <span class='ocrx_word' id='word_1_124' title='bbox 652 1045 704 1083; x_wconf 89' lang='lat' dir='ltr'>de</span> <span class='ocrx_word' id='word_1_125' title='bbox 724 1046 815 1084; x_wconf 76' lang='lat' dir='ltr'>Fin.</span> <span class='ocrx_word' id='word_1_126' title='bbox 848 1040 929 1094; x_wconf 85' lang='grc' dir='ltr'>ΙΙΙ,</span> <span class='ocrx_word' id='word_1_127' title='bbox 966 1043 1031 1085; x_wconf 89' lang='grc'>16.</span> <span class='ocrx_word' id='word_1_128' title='bbox 1055 1043 1131 1092; x_wconf 82' lang='grc'>52;</span> <span class='ocrx_word' id='word_1_129' title='bbox 1164 1043 1419 1081; x_wconf 87' lang='lat' dir='ltr'>Goerenzius</span> <span class='ocrx_word' id='word_1_130' title='bbox 1450 1043 1490 1078; x_wconf 85' lang='lat' dir='ltr'>in</span> <span class='ocrx_word' id='word_1_131' title='bbox 1524 1053 1573 1078; x_wconf 89' lang='lat' dir='ltr'>eo</span> 
     </span>
     <span class='ocr_line' id='line_1_16' title="bbox 104 1096 1571 1151; baseline -0.005 -9"><span class='ocrx_word' id='word_1_132' title='bbox 104 1116 184 1142; x_wconf 88' lang='lat' dir='ltr'>non</span> <span class='ocrx_word' id='word_1_133' title='bbox 215 1102 369 1139; x_wconf 88' lang='lat' dir='ltr'>habere</span> <span class='ocrx_word' id='word_1_134' title='bbox 401 1100 453 1138; x_wconf 90' lang='lat' dir='ltr'>de</span> <span class='ocrx_word' id='word_1_135' title='bbox 479 1101 570 1139; x_wconf 78' lang='lat' dir='ltr'>Diu.</span> <span class='ocrx_word' id='word_1_136' title='bbox 605 1098 662 1151; x_wconf 88' lang='grc' dir='ltr'>ΙΙ,</span> <span class='ocrx_word' id='word_1_137' title='bbox 688 1100 756 1140; x_wconf 84' lang='grc'><strong>37.</strong></span> <span class='ocrx_word' id='word_1_138' title='bbox 789 1100 856 1140; x_wconf 84' lang='grc'>78.</span> <span class='ocrx_word' id='word_1_139' title='bbox 888 1101 958 1140; x_wconf 85' lang='lat' dir='ltr'>Ac.</span> <span class='ocrx_word' id='word_1_140' title='bbox 992 1096 1026 1149; x_wconf 86' lang='lat' dir='ltr'>I,</span> <span class='ocrx_word' id='word_1_141' title='bbox 1051 1098 1088 1139; x_wconf 70' lang='grc'>4.</span> <span class='ocrx_word' id='word_1_142' title='bbox 1118 1098 1200 1148; x_wconf 82' lang='grc'><strong>15.,</strong></span> <span class='ocrx_word' id='word_1_143' title='bbox 1231 1111 1399 1149; x_wconf 88' lang='lat' dir='ltr'>quorum</span> <span class='ocrx_word' id='word_1_144' title='bbox 1424 1102 1571 1136; x_wconf 90' lang='lat' dir='ltr'>neutro</span> 
     </span>
     <span class='ocr_line' id='line_1_17' title="bbox 99 1153 1572 1209; baseline -0.005 -11"><span class='ocrx_word' id='word_1_145' title='bbox 99 1159 189 1198; x_wconf 91' lang='lat' dir='ltr'>loco</span> <span class='ocrx_word' id='word_1_146' title='bbox 221 1155 489 1209; x_wconf 76' lang='lat' dir='ltr'>comparandi</span> <span class='ocrx_word' id='word_1_147' title='bbox 533 1158 592 1195; x_wconf 82' lang='lat' dir='ltr'>uis</span> <span class='ocrx_word' id='word_1_148' title='bbox 636 1156 785 1199; x_wconf 78' lang='lat' dir='ltr'>elucet.</span> <span class='ocrx_word' id='word_1_149' title='bbox 852 1155 1092 1206; x_wconf 76' lang='lat' dir='ltr'>Caelius,</span> <span class='ocrx_word' id='word_1_150' title='bbox 1140 1157 1206 1206; x_wconf 90' lang='lat' dir='ltr'>qui</span> <span class='ocrx_word' id='word_1_151' title='bbox 1249 1156 1289 1194; x_wconf 87' lang='lat' dir='ltr'>h.</span> <span class='ocrx_word' id='word_1_152' title='bbox 1321 1153 1350 1193; x_wconf 89' lang='lat' dir='ltr'>l.</span> <span class='ocrx_word' id='word_1_153' title='bbox 1383 1155 1572 1192; x_wconf 87' lang='lat' dir='ltr'>nomina-</span> 
     </span>
     <span class='ocr_line' id='line_1_18' title="bbox 102 1208 1573 1265; baseline -0.005 -11"><span class='ocrx_word' id='word_1_154' title='bbox 102 1221 184 1265; x_wconf 84' lang='lat' dir='ltr'>tur,</span> <span class='ocrx_word' id='word_1_155' title='bbox 216 1218 280 1253; x_wconf 84' lang='lat' dir='ltr'>est</span> <span class='ocrx_word' id='word_1_156' title='bbox 310 1214 356 1252; x_wconf 90' lang='lat' dir='ltr'>L.</span> <span class='ocrx_word' id='word_1_157' title='bbox 381 1211 542 1251; x_wconf 87' lang='lat' dir='ltr'>Caelius</span> <span class='ocrx_word' id='word_1_158' title='bbox 566 1208 808 1264; x_wconf 86' lang='lat' dir='ltr'>Antipater,</span> <span class='ocrx_word' id='word_1_159' title='bbox 842 1227 863 1250; x_wconf 82' lang='lat' dir='ltr'>a</span> <span class='ocrx_word' id='word_1_160' title='bbox 892 1226 969 1263; x_wconf 83' lang='lat' dir='ltr'>quo</span> <span class='ocrx_word' id='word_1_161' title='bbox 1001 1224 1069 1251; x_wconf 84' lang='lat' dir='ltr'>res</span> <span class='ocrx_word' id='word_1_162' title='bbox 1101 1210 1201 1249; x_wconf 89' lang='lat' dir='ltr'>belli</span> <span class='ocrx_word' id='word_1_163' title='bbox 1230 1212 1369 1264; x_wconf 88' lang='lat' dir='ltr'>punici</span> <span class='ocrx_word' id='word_1_164' title='bbox 1402 1209 1573 1249; x_wconf 88' lang='lat' dir='ltr'>secundi</span> 
     </span>
     <span class='ocr_line' id='line_1_19' title="bbox 102 1267 1573 1323; baseline -0.004 -13"><span class='ocrx_word' id='word_1_165' title='bbox 102 1273 274 1323; x_wconf 84' lang='lat' dir='ltr'>scriptas</span> <span class='ocrx_word' id='word_1_166' title='bbox 303 1282 395 1308; x_wconf 88' lang='lat' dir='ltr'>esse</span> <span class='ocrx_word' id='word_1_167' title='bbox 425 1274 467 1308; x_wconf 86' lang='lat' dir='ltr'>et</span> <span class='ocrx_word' id='word_1_168' title='bbox 498 1282 547 1307; x_wconf 80' lang='lat' dir='ltr'>ex</span> <span class='ocrx_word' id='word_1_169' title='bbox 578 1271 664 1309; x_wconf 88' lang='lat' dir='ltr'>Cic.</span> <span class='ocrx_word' id='word_1_170' title='bbox 694 1270 763 1307; x_wconf 88' lang='lat' dir='ltr'>Or.</span> <span class='ocrx_word' id='word_1_171' title='bbox 791 1267 861 1320; x_wconf 85' lang='grc'>69,</span> <span class='ocrx_word' id='word_1_172' title='bbox 886 1268 981 1310; x_wconf 69' lang='grc'><strong>240.</strong></span> <span class='ocrx_word' id='word_1_173' title='bbox 1016 1271 1178 1307; x_wconf 71' lang='lat' dir='ltr'>constat</span> <span class='ocrx_word' id='word_1_174' title='bbox 1210 1273 1251 1307; x_wconf 90' lang='lat' dir='ltr'>et</span> <span class='ocrx_word' id='word_1_175' title='bbox 1274 1270 1460 1306; x_wconf 86' lang='lat' dir='ltr'>firmatur</span> <span class='ocrx_word' id='word_1_176' title='bbox 1485 1267 1573 1305; x_wconf 89' lang='lat' dir='ltr'>eius</span> 
     </span>
     <span class='ocr_line' id='line_1_20' title="bbox 104 1326 1059 1380; baseline -0.002 -13"><span class='ocrx_word' id='word_1_177' title='bbox 104 1326 343 1380; x_wconf 87' lang='lat' dir='ltr'>quibusdam</span> <span class='ocrx_word' id='word_1_178' title='bbox 382 1326 567 1377; x_wconf 88' lang='lat' dir='ltr'>reliquiis</span> <span class='ocrx_word' id='word_1_179' title='bbox 605 1327 838 1365; x_wconf 88' lang='lat' dir='ltr'>etiamnunc</span> <span class='ocrx_word' id='word_1_180' title='bbox 871 1327 1059 1365; x_wconf 83' lang='lat' dir='ltr'>seruatis.</span> 
     </span>
    </p>

    <p class='ocr_par' dir='ltr' id='par_1_4' title="bbox 103 1381 1575 1773">
     <span class='ocr_line' id='line_1_21' title="bbox 213 1381 1571 1434; baseline -0.003 -12"><span class='ocrx_word' id='word_1_181' title='bbox 213 1383 460 1434; x_wconf 83' lang='lat' dir='ltr'>Macrum]</span> <span class='ocrx_word' id='word_1_182' title='bbox 508 1383 582 1421; x_wconf 67' lang='lat' dir='ltr'>Est</span> <span class='ocrx_word' id='word_1_183' title='bbox 623 1384 838 1421; x_wconf 83' lang='lat' dir='ltr'>uerissima</span> <span class='ocrx_word' id='word_1_184' title='bbox 877 1384 1033 1434; x_wconf 81' lang='lat' dir='ltr'>Sigonii</span> <span class='ocrx_word' id='word_1_185' title='bbox 1075 1382 1311 1420; x_wconf 85' lang='lat' dir='ltr'>coniectura</span> <span class='ocrx_word' id='word_1_186' title='bbox 1350 1395 1372 1419; x_wconf 88' lang='lat' dir='ltr'>a</span> <span class='ocrx_word' id='word_1_187' title='bbox 1403 1381 1571 1419; x_wconf 83' lang='lat' dir='ltr'>Dauisio</span> 
     </span>
     <span class='ocr_line' id='line_1_22' title="bbox 103 1437 1574 1491; baseline -0.004 -11"><span class='ocrx_word' id='word_1_188' title='bbox 103 1441 202 1480; x_wconf 89' lang='lat' dir='ltr'>iude</span> <span class='ocrx_word' id='word_1_189' title='bbox 232 1440 403 1491; x_wconf 85' lang='lat' dir='ltr'>probata</span> <span class='ocrx_word' id='word_1_190' title='bbox 441 1441 488 1476; x_wconf 88' lang='lat' dir='ltr'>ab</span> <span class='ocrx_word' id='word_1_191' title='bbox 535 1441 738 1478; x_wconf 88' lang='lat' dir='ltr'>omnibus.</span> <span class='ocrx_word' id='word_1_192' title='bbox 799 1439 906 1477; x_wconf 70' lang='lat' dir='ltr'>Uidc</span> <span class='ocrx_word' id='word_1_193' title='bbox 948 1440 998 1477; x_wconf 89' lang='lat' dir='ltr'>de</span> <span class='ocrx_word' id='word_1_194' title='bbox 1038 1439 1116 1476; x_wconf 88' lang='lat' dir='ltr'>hoc</span> <span class='ocrx_word' id='word_1_195' title='bbox 1145 1438 1192 1476; x_wconf 88' lang='lat' dir='ltr'>C.</span> <span class='ocrx_word' id='word_1_196' title='bbox 1224 1438 1384 1476; x_wconf 90' lang='lat' dir='ltr'>Licinio</span> <span class='ocrx_word' id='word_1_197' title='bbox 1432 1437 1574 1476; x_wconf 82' lang='lat' dir='ltr'>Macro</span> 
     </span>
     <span class='ocr_line' id='line_1_23' title="bbox 106 1488 1568 1550; baseline -0.002 -16"><span class='ocrx_word' id='word_1_198' title='bbox 106 1497 135 1535; x_wconf 90' lang='grc' dir='ltr'>Ι.</span> <span class='ocrx_word' id='word_1_199' title='bbox 170 1498 221 1534; x_wconf 89' lang='lat' dir='ltr'>G.</span> <span class='ocrx_word' id='word_1_200' title='bbox 254 1496 447 1533; x_wconf 86' lang='lat' dir='ltr'>Uossium</span> <span class='ocrx_word' id='word_1_201' title='bbox 474 1496 501 1536; x_wconf 81' lang='lat' dir='ltr'>l.</span> <span class='ocrx_word' id='word_1_202' title='bbox 523 1495 551 1534; x_wconf 95' lang='lat' dir='ltr'>l.</span> <span class='ocrx_word' id='word_1_203' title='bbox 610 1497 754 1534; x_wconf 82' lang='lat' dir='ltr'>Attio</span> <span class='ocrx_word' id='word_1_204' title='bbox 787 1496 949 1546; x_wconf 88' lang='lat' dir='ltr'>quidem</span> <span class='ocrx_word' id='word_1_205' title='bbox 981 1493 1117 1550; x_wconf 82' lang='lat' dir='ltr'>(Uict.</span> <span class='ocrx_word' id='word_1_206' title='bbox 1148 1492 1324 1548; x_wconf 80' lang='lat' dir='ltr'>steph.)</span> <span class='ocrx_word' id='word_1_207' title='bbox 1365 1494 1434 1533; x_wconf 88' lang='lat' dir='ltr'>uel</span> <span class='ocrx_word' id='word_1_208' title='bbox 1464 1488 1568 1532; x_wconf 90' lang='lat' dir='ltr'>Ac-</span> 
     </span>
     <span class='ocr_line' id='line_1_24' title="bbox 107 1549 1575 1605; baseline -0.002 -14"><span class='ocrx_word' id='word_1_209' title='bbox 107 1555 186 1591; x_wconf 87' lang='lat' dir='ltr'>cio</span> <span class='ocrx_word' id='word_1_210' title='bbox 216 1581 228 1602; x_wconf 87' lang='lat'>,</span> <span class='ocrx_word' id='word_1_211' title='bbox 269 1549 454 1605; x_wconf 81' lang='lat' dir='ltr'>(Lamb.)</span> <span class='ocrx_word' id='word_1_212' title='bbox 494 1553 562 1591; x_wconf 89' lang='lat' dir='ltr'>hic</span> <span class='ocrx_word' id='word_1_213' title='bbox 604 1552 737 1590; x_wconf 91' lang='lat' dir='ltr'>locum</span> <span class='ocrx_word' id='word_1_214' title='bbox 771 1565 852 1590; x_wconf 89' lang='lat' dir='ltr'>uon</span> <span class='ocrx_word' id='word_1_215' title='bbox 878 1564 970 1589; x_wconf 75' lang='lat' dir='ltr'>esse</span> <span class='ocrx_word' id='word_1_216' title='bbox 999 1564 1097 1590; x_wconf 84' lang='lat' dir='ltr'>uere</span> <span class='ocrx_word' id='word_1_217' title='bbox 1126 1551 1313 1591; x_wconf 89' lang='lat' dir='ltr'>Dauisius</span> <span class='ocrx_word' id='word_1_218' title='bbox 1346 1550 1575 1600; x_wconf 71' lang='lat' dir='ltr'>contendit,</span> 
     </span>
     <span class='ocr_line' id='line_1_25' title="bbox 106 1606 1575 1661; baseline -0.001 -14"><span class='ocrx_word' id='word_1_219' title='bbox 106 1611 199 1661; x_wconf 86' lang='lat' dir='ltr'>quia</span> <span class='ocrx_word' id='word_1_220' title='bbox 229 1609 403 1647; x_wconf 87' lang='lat' dir='ltr'>Attius</span> <span class='ocrx_word' id='word_1_221' title='bbox 435 1609 620 1647; x_wconf 85' lang='lat' dir='ltr'>uersibus</span> <span class='ocrx_word' id='word_1_222' title='bbox 652 1622 718 1646; x_wconf 82' lang='lat' dir='ltr'>res</span> <span class='ocrx_word' id='word_1_223' title='bbox 750 1609 986 1659; x_wconf 75' lang='lat' dir='ltr'>scripserit,</span> <span class='ocrx_word' id='word_1_224' title='bbox 1018 1609 1095 1646; x_wconf 90' lang='lat' dir='ltr'>hoc</span> <span class='ocrx_word' id='word_1_225' title='bbox 1128 1613 1265 1647; x_wconf 87' lang='lat' dir='ltr'>autem</span> <span class='ocrx_word' id='word_1_226' title='bbox 1300 1606 1391 1646; x_wconf 93' lang='lat' dir='ltr'>loco</span> <span class='ocrx_word' id='word_1_227' title='bbox 1424 1609 1450 1645; x_wconf 89' lang='lat' dir='ltr'>ii</span> <span class='ocrx_word' id='word_1_228' title='bbox 1483 1612 1575 1645; x_wconf 89' lang='lat' dir='ltr'>tan—-</span> 
     </span>
     <span class='ocr_line' id='line_1_26' title="bbox 104 1663 1574 1716; baseline -0.001 -12"><span class='ocrx_word' id='word_1_229' title='bbox 104 1673 190 1705; x_wconf 85' lang='lat' dir='ltr'>tum</span> <span class='ocrx_word' id='word_1_230' title='bbox 218 1669 525 1716; x_wconf 81' lang='lat' dir='ltr'>enumerentur,</span> <span class='ocrx_word' id='word_1_231' title='bbox 556 1667 621 1715; x_wconf 87' lang='lat' dir='ltr'>qui</span> <span class='ocrx_word' id='word_1_232' title='bbox 649 1663 782 1703; x_wconf 85' lang='lat' dir='ltr'>soluta</span> <span class='ocrx_word' id='word_1_233' title='bbox 818 1666 1002 1703; x_wconf 84' lang='lat' dir='ltr'>oratione</span> <span class='ocrx_word' id='word_1_234' title='bbox 1027 1666 1086 1703; x_wconf 89' lang='lat' dir='ltr'>usi</span> <span class='ocrx_word' id='word_1_235' title='bbox 1115 1666 1213 1704; x_wconf 88' lang='lat' dir='ltr'>sint.</span> <span class='ocrx_word' id='word_1_236' title='bbox 1254 1663 1319 1703; x_wconf 85' lang='lat' dir='ltr'>Cf.</span> <span class='ocrx_word' id='word_1_237' title='bbox 1338 1666 1453 1703; x_wconf 89' lang='lat' dir='ltr'>Fest.</span> <span class='ocrx_word' id='word_1_238' title='bbox 1476 1678 1509 1704; x_wconf 81' lang='lat' dir='ltr'>S.</span> <span class='ocrx_word' id='word_1_239' title='bbox 1534 1678 1574 1703; x_wconf 90' lang='lat' dir='ltr'>u.</span> 
     </span>
     <span class='ocr_line' id='line_1_27' title="bbox 105 1721 981 1773; baseline -0.001 -12"><span class='ocrx_word' id='word_1_240' title='bbox 105 1727 306 1761; x_wconf 83' lang='lat' dir='ltr'>uastum</span> <span class='ocrx_word' id='word_1_241' title='bbox 341 1735 384 1773; x_wconf 92' lang='lat' dir='ltr'>p.</span> <span class='ocrx_word' id='word_1_242' title='bbox 415 1721 517 1764; x_wconf 61' lang='grc'><strong>160.</strong></span> <span class='ocrx_word' id='word_1_243' title='bbox 550 1726 592 1759; x_wconf 81' lang='lat' dir='ltr'>et</span> <span class='ocrx_word' id='word_1_244' title='bbox 622 1722 719 1762; x_wconf 77' lang='grc'><strong>277.</strong></span> <span class='ocrx_word' id='word_1_245' title='bbox 753 1721 820 1760; x_wconf 89' lang='lat' dir='ltr'>ed.</span> <span class='ocrx_word' id='word_1_246' title='bbox 854 1722 981 1760; x_wconf 79' lang='lat' dir='ltr'>Lind.</span> 
     </span>
    </p>

    <p class='ocr_par' dir='ltr' id='par_1_5' title="bbox 104 1777 1582 2851">
     <span class='ocr_line' id='line_1_28' title="bbox 217 1777 1573 1829; baseline 0 -12"><span class='ocrx_word' id='word_1_247' title='bbox 217 1779 248 1829; x_wconf 57' lang='grc' dir='ltr'>ᾗ.</span> <span class='ocrx_word' id='word_1_248' title='bbox 281 1778 320 1817; x_wconf 88' lang='grc'>7.</span> <span class='ocrx_word' id='word_1_249' title='bbox 382 1780 430 1816; x_wconf 90' lang='lat' dir='ltr'>in</span> <span class='ocrx_word' id='word_1_250' title='bbox 479 1779 815 1816; x_wconf 85' lang='lat' dir='ltr'>orationibus</span> <span class='ocrx_word' id='word_1_251' title='bbox 868 1785 1037 1818; x_wconf 84' lang='lat' dir='ltr'>autem</span> <span class='ocrx_word' id='word_1_252' title='bbox 1081 1777 1181 1827; x_wconf 61' lang='lat' dir='ltr'>cet]</span> <span class='ocrx_word' id='word_1_253' title='bbox 1238 1777 1337 1816; x_wconf 85' lang='lat' dir='ltr'>Loci</span> <span class='ocrx_word' id='word_1_254' title='bbox 1388 1779 1428 1816; x_wconf 85' lang='lat' dir='ltr'>iu</span> <span class='ocrx_word' id='word_1_255' title='bbox 1480 1778 1573 1817; x_wconf 84' lang='lat' dir='ltr'>cod.</span> 
     </span>
     <span class='ocr_line' id='line_1_29' title="bbox 105 1834 1574 1886; baseline -0.001 -12"><span class='ocrx_word' id='word_1_256' title='bbox 105 1836 215 1875; x_wconf 82' lang='lat' dir='ltr'>arch.</span> <span class='ocrx_word' id='word_1_257' title='bbox 247 1834 354 1873; x_wconf 83' lang='lat' dir='ltr'>haud</span> <span class='ocrx_word' id='word_1_258' title='bbox 385 1836 467 1873; x_wconf 82' lang='lat' dir='ltr'>scio</span> <span class='ocrx_word' id='word_1_259' title='bbox 501 1848 548 1873; x_wconf 86' lang='lat' dir='ltr'>an</span> <span class='ocrx_word' id='word_1_260' title='bbox 582 1836 640 1873; x_wconf 90' lang='lat' dir='ltr'>sic</span> <span class='ocrx_word' id='word_1_261' title='bbox 673 1834 906 1886; x_wconf 85' lang='lat' dir='ltr'>deprauati:</span> <span class='ocrx_word' id='word_1_262' title='bbox 938 1837 986 1873; x_wconf 92' lang='lat' dir='ltr'>in</span> <span class='ocrx_word' id='word_1_263' title='bbox 1019 1835 1362 1873; x_wconf 84' lang='lat' dir='ltr'>orationibus</span> <span class='ocrx_word' id='word_1_264' title='bbox 1395 1848 1450 1873; x_wconf 84' lang='lat' dir='ltr'>au</span> <span class='ocrx_word' id='word_1_265' title='bbox 1471 1839 1574 1873; x_wconf 88' lang='lat' dir='ltr'>tem</span> 
     </span>
     <span class='ocr_line' id='line_1_30' title="bbox 104 1891 1577 1942; baseline -0.001 -12"><span class='ocrx_word' id='word_1_266' title='bbox 104 1891 300 1931; x_wconf 84' lang='lat' dir='ltr'>multus</span> <span class='ocrx_word' id='word_1_267' title='bbox 343 1895 391 1929; x_wconf 89' lang='lat' dir='ltr'>et</span> <span class='ocrx_word' id='word_1_268' title='bbox 426 1892 635 1942; x_wconf 88' lang='lat' dir='ltr'>ineptus</span> <span class='ocrx_word' id='word_1_269' title='bbox 679 1892 820 1929; x_wconf 84' lang='lat' dir='ltr'>&lt;latio</span> <span class='ocrx_word' id='word_1_270' title='bbox 870 1904 1105 1929; x_wconf 82' lang='lat' dir='ltr'>summam</span> <span class='ocrx_word' id='word_1_271' title='bbox 1148 1891 1260 1942; x_wconf 86' lang='lat' dir='ltr'>imp.</span> <span class='ocrx_word' id='word_1_272' title='bbox 1298 1893 1462 1942; x_wconf 87' lang='lat' dir='ltr'>probari</span> <span class='ocrx_word' id='word_1_273' title='bbox 1496 1904 1577 1929; x_wconf 88' lang='lat' dir='ltr'>nou</span> 
     </span>
     <span class='ocr_line' id='line_1_31' title="bbox 111 1947 1575 2001; baseline -0.001 -14"><span class='ocrx_word' id='word_1_274' title='bbox 111 1952 285 2001; x_wconf 87' lang='lat' dir='ltr'>possunt</span> <span class='ocrx_word' id='word_1_275' title='bbox 301 1949 578 1986; x_wconf 82' lang='lat' dir='ltr'>correctiones</span> <span class='ocrx_word' id='word_1_276' title='bbox 613 1960 701 1997; x_wconf 82' lang='lat' dir='ltr'>eae,</span> <span class='ocrx_word' id='word_1_277' title='bbox 735 1962 831 1998; x_wconf 76' lang='lat' dir='ltr'>quas</span> <span class='ocrx_word' id='word_1_278' title='bbox 863 1948 995 1986; x_wconf 84' lang='lat' dir='ltr'>adhuc</span> <span class='ocrx_word' id='word_1_279' title='bbox 1022 1948 1099 1986; x_wconf 89' lang='lat' dir='ltr'>uiri</span> <span class='ocrx_word' id='word_1_280' title='bbox 1124 1947 1232 1985; x_wconf 87' lang='lat' dir='ltr'>docti</span> <span class='ocrx_word' id='word_1_281' title='bbox 1255 1953 1575 1999; x_wconf 81' lang='lat' dir='ltr'>proposuerunt,</span> 
     </span>
     <span class='ocr_line' id='line_1_32' title="bbox 109 2004 1578 2056; baseline -0.001 -13"><span class='ocrx_word' id='word_1_282' title='bbox 109 2004 240 2044; x_wconf 90' lang='lat' dir='ltr'>ueluti</span> <span class='ocrx_word' id='word_1_283' title='bbox 273 2018 334 2055; x_wconf 91' lang='lat' dir='ltr'>ea,</span> <span class='ocrx_word' id='word_1_284' title='bbox 363 2018 480 2055; x_wconf 84' lang='lat' dir='ltr'>quam</span> <span class='ocrx_word' id='word_1_285' title='bbox 513 2005 620 2042; x_wconf 71' lang='lat' dir='ltr'>Man.</span> <span class='ocrx_word' id='word_1_286' title='bbox 644 2004 746 2042; x_wconf 91' lang='lat' dir='ltr'>Dau.</span> <span class='ocrx_word' id='word_1_287' title='bbox 769 2005 871 2043; x_wconf 70' lang='grc' dir='ltr'><strong>ΕΓΗ.</strong></span> <span class='ocrx_word' id='word_1_288' title='bbox 896 2005 1037 2055; x_wconf 81' lang='lat' dir='ltr'>Wagn.</span> <span class='ocrx_word' id='word_1_289' title='bbox 1064 2010 1357 2056; x_wconf 79' lang='lat' dir='ltr'>expresserunt</span> <span class='ocrx_word' id='word_1_290' title='bbox 1388 2006 1433 2042; x_wconf 88' lang='lat' dir='ltr'>in</span> <span class='ocrx_word' id='word_1_291' title='bbox 1468 2019 1578 2043; x_wconf 89' lang='lat' dir='ltr'>ora-</span> 
     </span>
     <span class='ocr_line' id='line_1_33' title="bbox 107 2059 1578 2113; baseline 0 -14"><span class='ocrx_word' id='word_1_292' title='bbox 107 2062 345 2100; x_wconf 88' lang='lat' dir='ltr'>tionibus</span> <span class='ocrx_word' id='word_1_293' title='bbox 393 2067 567 2099; x_wconf 84' lang='lat' dir='ltr'>autem</span> <span class='ocrx_word' id='word_1_294' title='bbox 609 2059 812 2099; x_wconf 85' lang='lat' dir='ltr'>multas</span> <span class='ocrx_word' id='word_1_295' title='bbox 851 2063 1080 2113; x_wconf 89' lang='lat' dir='ltr'>ineptias</span> <span class='ocrx_word' id='word_1_296' title='bbox 1123 2060 1182 2098; x_wconf 88' lang='lat' dir='ltr'>ad</span> <span class='ocrx_word' id='word_1_297' title='bbox 1223 2073 1458 2099; x_wconf 77' lang='lat' dir='ltr'>summam</span> <span class='ocrx_word' id='word_1_298' title='bbox 1492 2063 1578 2099; x_wconf 89' lang='lat' dir='ltr'>im-</span> 
     </span>
     <span class='ocr_line' id='line_1_34' title="bbox 104 2115 1578 2171; baseline 0.001 -18"><span class='ocrx_word' id='word_1_299' title='bbox 104 2117 419 2171; x_wconf 83' lang='lat' dir='ltr'>pudentiam</span> <span class='ocrx_word' id='word_1_300' title='bbox 453 2118 579 2164; x_wconf 66' lang='lat' dir='ltr'>(Man.</span> <span class='ocrx_word' id='word_1_301' title='bbox 614 2115 1076 2170; x_wconf 82' lang='lat' dir='ltr'>imprudentiam),</span> <span class='ocrx_word' id='word_1_302' title='bbox 1109 2122 1177 2155; x_wconf 86' lang='lat' dir='ltr'>aut</span> <span class='ocrx_word' id='word_1_303' title='bbox 1205 2131 1324 2168; x_wconf 86' lang='lat' dir='ltr'>quam</span> <span class='ocrx_word' id='word_1_304' title='bbox 1350 2131 1371 2154; x_wconf 87' lang='lat' dir='ltr'>a</span> <span class='ocrx_word' id='word_1_305' title='bbox 1391 2118 1578 2156; x_wconf 87' lang='lat' dir='ltr'>Goeren-</span> 
     </span>
     <span class='ocr_line' id='line_1_35' title="bbox 105 2173 1579 2226; baseline 0 -14"><span class='ocrx_word' id='word_1_306' title='bbox 105 2176 168 2212; x_wconf 83' lang='lat' dir='ltr'>zio</span> <span class='ocrx_word' id='word_1_307' title='bbox 200 2179 243 2212; x_wconf 88' lang='lat' dir='ltr'>et</span> <span class='ocrx_word' id='word_1_308' title='bbox 275 2174 495 2213; x_wconf 83' lang='lat' dir='ltr'>Schuetzio</span> <span class='ocrx_word' id='word_1_309' title='bbox 530 2186 763 2225; x_wconf 85' lang='lat' dir='ltr'>expressam</span> <span class='ocrx_word' id='word_1_310' title='bbox 796 2175 937 2213; x_wconf 81' lang='lat' dir='ltr'>Madu.</span> <span class='ocrx_word' id='word_1_311' title='bbox 968 2173 1206 2212; x_wconf 86' lang='lat' dir='ltr'>Emendatt.</span> <span class='ocrx_word' id='word_1_312' title='bbox 1237 2188 1278 2226; x_wconf 92' lang='lat' dir='ltr'>p.</span> <span class='ocrx_word' id='word_1_313' title='bbox 1315 2173 1351 2212; x_wconf 90' lang='lat'>1.</span> <span class='ocrx_word' id='word_1_314' title='bbox 1385 2178 1426 2212; x_wconf 90' lang='lat' dir='ltr'>et</span> <span class='ocrx_word' id='word_1_315' title='bbox 1458 2173 1579 2213; x_wconf 89' lang='lat' dir='ltr'>Orel-</span> 
     </span>
     <span class='ocr_line' id='line_1_36' title="bbox 104 2229 1578 2282; baseline 0.001 -14"><span class='ocrx_word' id='word_1_316' title='bbox 104 2230 182 2269; x_wconf 86' lang='lat' dir='ltr'>lius</span> <span class='ocrx_word' id='word_1_317' title='bbox 200 2231 446 2282; x_wconf 84' lang='lat' dir='ltr'>probarunt:</span> <span class='ocrx_word' id='word_1_318' title='bbox 471 2232 519 2269; x_wconf 91' lang='lat' dir='ltr'>in</span> <span class='ocrx_word' id='word_1_319' title='bbox 552 2232 887 2270; x_wconf 84' lang='lat' dir='ltr'>orationibus</span> <span class='ocrx_word' id='word_1_320' title='bbox 910 2235 1078 2269; x_wconf 86' lang='lat' dir='ltr'>autem</span> <span class='ocrx_word' id='word_1_321' title='bbox 1107 2229 1293 2269; x_wconf 86' lang='lat' dir='ltr'>multas</span> <span class='ocrx_word' id='word_1_322' title='bbox 1323 2232 1578 2282; x_wconf 76' lang='lat' dir='ltr'>ineptiaS,</span> 
     </span>
     <span class='ocr_line' id='line_1_37' title="bbox 107 2285 1580 2342; baseline 0.001 -18"><span class='ocrx_word' id='word_1_323' title='bbox 107 2287 274 2325; x_wconf 85' lang='lat' dir='ltr'>elatio</span> <span class='ocrx_word' id='word_1_324' title='bbox 305 2299 543 2325; x_wconf 84' lang='lat' dir='ltr'>summam</span> <span class='ocrx_word' id='word_1_325' title='bbox 577 2287 963 2338; x_wconf 86' lang='lat' dir='ltr'>impudentiam</span> <span class='ocrx_word' id='word_1_326' title='bbox 987 2285 1138 2342; x_wconf 87' lang='lat' dir='ltr'>(Goer.</span> <span class='ocrx_word' id='word_1_327' title='bbox 1158 2288 1254 2326; x_wconf 84' lang='lat' dir='ltr'>Sch.</span> <span class='ocrx_word' id='word_1_328' title='bbox 1278 2288 1580 2340; x_wconf 76' lang='lat' dir='ltr'>impruden-</span> 
     </span>
     <span class='ocr_line' id='line_1_38' title="bbox 107 2339 1582 2397; baseline 0.001 -16"><span class='ocrx_word' id='word_1_329' title='bbox 107 2339 274 2397; x_wconf 88' lang='lat' dir='ltr'>tiam),</span> <span class='ocrx_word' id='word_1_330' title='bbox 309 2348 378 2381; x_wconf 86' lang='lat' dir='ltr'>aut</span> <span class='ocrx_word' id='word_1_331' title='bbox 407 2345 614 2396; x_wconf 85' lang='lat' dir='ltr'>Zumptii:</span> <span class='ocrx_word' id='word_1_332' title='bbox 656 2345 703 2381; x_wconf 88' lang='lat' dir='ltr'>in</span> <span class='ocrx_word' id='word_1_333' title='bbox 743 2345 1066 2384; x_wconf 83' lang='lat' dir='ltr'>orationbus</span> <span class='ocrx_word' id='word_1_334' title='bbox 1101 2349 1269 2383; x_wconf 88' lang='lat' dir='ltr'>autem</span> <span class='ocrx_word' id='word_1_335' title='bbox 1303 2344 1498 2383; x_wconf 88' lang='lat' dir='ltr'>multus</span> <span class='ocrx_word' id='word_1_336' title='bbox 1533 2350 1582 2383; x_wconf 91' lang='lat' dir='ltr'>et</span> 
     </span>
     <span class='ocr_line' id='line_1_39' title="bbox 107 2401 1580 2454; baseline 0.001 -16"><span class='ocrx_word' id='word_1_337' title='bbox 107 2402 321 2452; x_wconf 89' lang='lat' dir='ltr'>ineptus</span> <span class='ocrx_word' id='word_1_338' title='bbox 354 2403 406 2437; x_wconf 88' lang='lat' dir='ltr'>et</span> <span class='ocrx_word' id='word_1_339' title='bbox 438 2401 567 2439; x_wconf 89' lang='lat' dir='ltr'>adeo</span> <span class='ocrx_word' id='word_1_340' title='bbox 598 2413 782 2439; x_wconf 89' lang='lat' dir='ltr'>summa</span> <span class='ocrx_word' id='word_1_341' title='bbox 812 2401 1178 2454; x_wconf 82' lang='lat' dir='ltr'>impudentia3</span> <span class='ocrx_word' id='word_1_342' title='bbox 1211 2401 1350 2440; x_wconf 80' lang='lat' dir='ltr'>Bakii:</span> <span class='ocrx_word' id='word_1_343' title='bbox 1385 2402 1435 2439; x_wconf 93' lang='lat' dir='ltr'>in</span> <span class='ocrx_word' id='word_1_344' title='bbox 1468 2415 1580 2440; x_wconf 83' lang='lat' dir='ltr'>ora-</span> 
     </span>
     <span class='ocr_line' id='line_1_40' title="bbox 106 2455 1582 2511; baseline 0.001 -16"><span class='ocrx_word' id='word_1_345' title='bbox 106 2458 351 2495; x_wconf 85' lang='lat' dir='ltr'>tionibus</span> <span class='ocrx_word' id='word_1_346' title='bbox 384 2460 554 2495; x_wconf 84' lang='lat' dir='ltr'>autem</span> <span class='ocrx_word' id='word_1_347' title='bbox 595 2455 791 2496; x_wconf 84' lang='lat' dir='ltr'>multus</span> <span class='ocrx_word' id='word_1_348' title='bbox 824 2462 874 2497; x_wconf 89' lang='lat' dir='ltr'>et</span> <span class='ocrx_word' id='word_1_349' title='bbox 912 2459 1126 2511; x_wconf 90' lang='lat' dir='ltr'>ineptus</span> <span class='ocrx_word' id='word_1_350' title='bbox 1166 2463 1273 2509; x_wconf 85' lang='lat' dir='ltr'>est,</span> <span class='ocrx_word' id='word_1_351' title='bbox 1322 2456 1582 2497; x_wconf 77' lang='lat' dir='ltr'>clamator</span> 
     </span>
     <span class='ocr_line' id='line_1_41' title="bbox 106 2513 1580 2567; baseline 0.001 -15"><span class='ocrx_word' id='word_1_352' title='bbox 106 2526 300 2552; x_wconf 88' lang='lat' dir='ltr'>summa</span> <span class='ocrx_word' id='word_1_353' title='bbox 334 2514 689 2565; x_wconf 81' lang='lat' dir='ltr'>impudentia3</span> <span class='ocrx_word' id='word_1_354' title='bbox 721 2513 861 2553; x_wconf 68' lang='lat' dir='ltr'>Peter-i</span> <span class='ocrx_word' id='word_1_355' title='bbox 893 2517 932 2553; x_wconf 93' lang='lat' dir='ltr'>in</span> <span class='ocrx_word' id='word_1_356' title='bbox 962 2515 1102 2553; x_wconf 88' lang='lat' dir='ltr'>diariis</span> <span class='ocrx_word' id='word_1_357' title='bbox 1126 2517 1251 2566; x_wconf 89' lang='lat' dir='ltr'>antiq.</span> <span class='ocrx_word' id='word_1_358' title='bbox 1283 2514 1402 2556; x_wconf 66' lang='lat'><strong>1847.</strong></span> <span class='ocrx_word' id='word_1_359' title='bbox 1423 2529 1462 2567; x_wconf 89' lang='lat' dir='ltr'>p.</span> <span class='ocrx_word' id='word_1_360' title='bbox 1489 2515 1580 2555; x_wconf 72' lang='lat'>1¹27:</span> 
     </span>
     <span class='ocr_line' id='line_1_42' title="bbox 106 2571 1581 2624; baseline 0.002 -17"><span class='ocrx_word' id='word_1_361' title='bbox 106 2571 157 2608; x_wconf 91' lang='lat' dir='ltr'>in</span> <span class='ocrx_word' id='word_1_362' title='bbox 201 2571 546 2609; x_wconf 87' lang='lat' dir='ltr'>orationibus</span> <span class='ocrx_word' id='word_1_363' title='bbox 585 2575 749 2608; x_wconf 86' lang='lat' dir='ltr'>autem</span> <span class='ocrx_word' id='word_1_364' title='bbox 792 2571 989 2610; x_wconf 89' lang='lat' dir='ltr'>multus</span> <span class='ocrx_word' id='word_1_365' title='bbox 1035 2576 1076 2610; x_wconf 89' lang='lat' dir='ltr'>et</span> <span class='ocrx_word' id='word_1_366' title='bbox 1125 2573 1359 2624; x_wconf 90' lang='lat' dir='ltr'>ineptus,</span> <span class='ocrx_word' id='word_1_367' title='bbox 1412 2571 1581 2610; x_wconf 83' lang='lat' dir='ltr'>elatus</span> 
     </span>
     <span class='ocr_line' id='line_1_43' title="bbox 107 2626 1580 2681; baseline 0 -16"><span class='ocrx_word' id='word_1_368' title='bbox 107 2639 298 2666; x_wconf 87' lang='lat' dir='ltr'>summa</span> <span class='ocrx_word' id='word_1_369' title='bbox 328 2627 681 2678; x_wconf 83' lang='lat' dir='ltr'>impudentia3</span> <span class='ocrx_word' id='word_1_370' title='bbox 715 2627 867 2666; x_wconf 82' lang='lat' dir='ltr'>Halmii</span> <span class='ocrx_word' id='word_1_371' title='bbox 888 2632 926 2667; x_wconf 93' lang='lat' dir='ltr'>in</span> <span class='ocrx_word' id='word_1_372' title='bbox 950 2628 1264 2669; x_wconf 85' lang='lat' dir='ltr'>Schneid.Phil.</span> <span class='ocrx_word' id='word_1_373' title='bbox 1289 2626 1321 2668; x_wconf 87' lang='lat' dir='ltr'>I.</span> <span class='ocrx_word' id='word_1_374' title='bbox 1340 2642 1380 2681; x_wconf 88' lang='lat' dir='ltr'>p.</span> <span class='ocrx_word' id='word_1_375' title='bbox 1402 2629 1500 2670; x_wconf 78' lang='lat'>173:</span> <span class='ocrx_word' id='word_1_376' title='bbox 1535 2630 1580 2666; x_wconf 93' lang='lat' dir='ltr'>in</span> 
     </span>
     <span class='ocr_line' id='line_1_44' title="bbox 108 2683 1579 2738; baseline 0 -17"><span class='ocrx_word' id='word_1_377' title='bbox 108 2685 449 2722; x_wconf 86' lang='lat' dir='ltr'>orationibus</span> <span class='ocrx_word' id='word_1_378' title='bbox 487 2688 654 2722; x_wconf 84' lang='lat' dir='ltr'>autem</span> <span class='ocrx_word' id='word_1_379' title='bbox 689 2683 884 2723; x_wconf 89' lang='lat' dir='ltr'>multus</span> <span class='ocrx_word' id='word_1_380' title='bbox 917 2690 969 2724; x_wconf 89' lang='lat' dir='ltr'>et</span> <span class='ocrx_word' id='word_1_381' title='bbox 999 2687 1215 2738; x_wconf 90' lang='lat' dir='ltr'>ineptus</span> <span class='ocrx_word' id='word_1_382' title='bbox 1250 2685 1309 2724; x_wconf 90' lang='lat' dir='ltr'>ad</span> <span class='ocrx_word' id='word_1_383' title='bbox 1340 2698 1579 2725; x_wconf 88' lang='lat' dir='ltr'>summam</span> 
     </span>
     <span class='ocr_line' id='line_1_45' title="bbox 106 2739 1580 2795; baseline 0 -17"><span class='ocrx_word' id='word_1_384' title='bbox 106 2739 510 2792; x_wconf 82' lang='lat' dir='ltr'>impudentiam.</span> <span class='ocrx_word' id='word_1_385' title='bbox 601 2741 655 2778; x_wconf 85' lang='lat' dir='ltr'>Ut</span> <span class='ocrx_word' id='word_1_386' title='bbox 701 2755 776 2793; x_wconf 77' lang='lat' dir='ltr'>ego</span> <span class='ocrx_word' id='word_1_387' title='bbox 818 2742 915 2792; x_wconf 88' lang='lat' dir='ltr'>quid</span> <span class='ocrx_word' id='word_1_388' title='bbox 954 2745 1127 2781; x_wconf 79' lang='lat' dir='ltr'>sentiam</span> <span class='ocrx_word' id='word_1_389' title='bbox 1165 2745 1280 2782; x_wconf 82' lang='lat' dir='ltr'>breui</span> <span class='ocrx_word' id='word_1_390' title='bbox 1315 2743 1580 2795; x_wconf 81' lang='lat' dir='ltr'>complectar,</span> 
     </span>
     <span class='ocr_line' id='line_1_46' title="bbox 106 2796 1581 2851; baseline 0.001 -17"><span class='ocrx_word' id='word_1_391' title='bbox 106 2798 281 2849; x_wconf 88' lang='lat' dir='ltr'>primum</span> <span class='ocrx_word' id='word_1_392' title='bbox 313 2799 509 2838; x_wconf 75' lang='lat' dir='ltr'>orationis</span> <span class='ocrx_word' id='word_1_393' title='bbox 544 2798 798 2838; x_wconf 84' lang='lat' dir='ltr'>concinnitas</span> <span class='ocrx_word' id='word_1_394' title='bbox 830 2797 1038 2851; x_wconf 80' lang='lat' dir='ltr'>postulare</span> <span class='ocrx_word' id='word_1_395' title='bbox 1070 2798 1249 2851; x_wconf 82' lang='lat' dir='ltr'>uidetur,</span> <span class='ocrx_word' id='word_1_396' title='bbox 1283 2805 1324 2839; x_wconf 90' lang='lat' dir='ltr'>ut</span> <span class='ocrx_word' id='word_1_397' title='bbox 1356 2800 1487 2839; x_wconf 82' lang='lat' dir='ltr'>Macri</span> <span class='ocrx_word' id='word_1_398' title='bbox 1519 2796 1581 2835; x_wconf 82' lang='lat' dir='ltr'>lo-</span> 
     </span>
    </p>
   </div>
  </div>
 </body>
</html>
