1781 3192
412 198 569 236 mmm
602 196 901 235 SECUNDUS.
958 196 1056 235 cxv.
1095 195 1164 236 ΙΧ.
1439 194 1521 234 161

172 314 385 362 praeter
415 307 520 346 olla
552 321 608 345 sc.
643 320 755 344 sacra
801 309 934 346 nonae
976 309 1112 359 Deae,
1154 319 1255 359 quac
1298 310 1516 358 quotannis

59 379 131 419 pro
171 364 321 418 populo
361 367 385 405 i.
417 378 453 403 e.
496 363 544 402 ad
585 363 758 401 salutem
801 365 937 415 populi
982 367 1133 402 tiebant
1174 367 1211 402 in
1255 363 1376 402 domo
1415 377 1515 402 con-

59 422 175 462 sniis.
208 423 270 461 Cs.
308 422 430 460 Macr.
464 417 498 470 I,
536 420 596 461 12.
642 420 832 470 Hartung
859 420 949 460 Rel.
982 422 1026 461 ΙΙ.
1060 435 1103 473 p.
1140 419 1226 461 195.

175 490 349 539 Fient}
429 488 632 526 Peruerse
683 487 934 537 generaliter
980 502 1093 526 sacra
1142 490 1219 526 ista
1271 486 1519 525 denotantur

61 548 319 585 coniunctiuo
367 544 527 593 siant,
584 557 701 594 quem
744 549 837 594 post
877 545 1024 594 steph.
1079 546 1180 582 Dan.
1231 545 1325 582 Ern.
1373 544 1518 594 &Vagn-

59 603 268 640 reuocauit
298 600 444 638 Bakius
484 613 530 637 cx
571 599 687 638 codd.
731 600 833 638 dett.
896 601 983 637 Non
1018 605 1131 638 recte
1173 602 1306 648 enim,
1348 613 1436 637 cum
1478 602 1519 637 in

59 658 135 697 Gd.
162 658 199 695 2.
244 658 298 694 sit
338 656 477 693 sient
518 655 708 705 idemque
748 670 768 693 a
802 656 924 693 Bakio
966 661 1200 707 excerptum
1235 657 1289 693 sit
1322 668 1370 692 ex
1402 654 1520 694 codd.

64 714 126 753 11.
149 712 218 762 65,
254 714 291 749 in
326 710 494 761 reliquis
529 711 764 749 melioribus
797 711 1017 762 collegeris
1048 714 1192 750 siant
1223 724 1332 749 esse.

171 792 300 818 neue
330 781 467 829 quoi]
529 780 588 817 Ex
627 780 777 817 mendo
809 780 931 818 codd.
963 778 1175 817 meliorum
1207 790 1339 815 neue
1372 790 1519 828 quae,

57 836 166 886 quod
198 835 306 873 idem
343 837 382 872 in
423 835 510 875 cod.
553 836 661 874 arch.
705 835 834 873 fnisse
873 837 1081 886 suspicor,
1121 833 1384 872 efficiendum
1426 846 1520 871 esse

57 905 193 929 neue
224 893 342 941 quoi
376 894 564 942 exceptio
598 890 793 940 declarat,
826 905 927 942 quae
959 893 1095 929 uerbis
1137 892 1373 928 continetur
1412 890 1521 927 nisi

57 948 259 987 Cereri.
291 960 424 984 neue
449 949 642 985 initian
660 953 708 984 to
728 948 851 985 Goer.
872 948 967 985 sch.
989 948 1093 987 Mos.
1113 948 1209 995 ()r.;
1232 959 1361 983 neue
1380 958 1523 996 quem

57 1005 169 1043 init.
205 1005 440 1053 superiores
474 1016 559 1041 exc.
594 1005 777 1052 Dauisio,
817 1006 882 1054 qui
913 1005 1091 1042 coniecit
1130 1015 1265 1041 neue
1307 1003 1521 1039 initian-

56 1065 107 1098 to
123 1074 156 1099 r.
216 1059 364 1097 Bakius
387 1061 576 1110 probauit
600 1059 792 1097 mendum
815 1061 904 1097 cod.
942 1062 1004 1099 10.
1036 1071 1209 1108 neque
1241 1059 1522 1096 initianto.

171 1138 361 1177 graeco
395 1127 563 1176 sacro]
628 1127 876 1164 Sacerdotes
908 1139 1073 1177 semper
1092 1138 1139 1163 ex
1175 1127 1358 1164 finitimis
1391 1126 1521 1163 Grae-

55 1196 193 1222 corum
228 1182 424 1231 coloniis,
465 1184 641 1219 maxime
685 1194 732 1219 ex
764 1182 937 1234 Neapoli
978 1187 1046 1221 aut
1077 1181 1193 1219 Uelia
1237 1194 1330 1219 esse
1370 1183 1521 1219 accitas

56 1239 229 1278 tradidit
250 1238 330 1276 Cic.
354 1251 428 1290 pro
453 1237 562 1278 Balb.
590 1237 654 1278 24.
679 1239 741 1278 Cf.
771 1238 858 1279 Ual.
885 1240 994 1277 Max.
1019 1235 1053 1288 I,
1080 1238 1114 1278 1.
1144 1239 1262 1276 Dion.
1284 1236 1376 1275 Hal.
1397 1234 1431 1287 I,
1450 1238 1519 1277 233.

172 1307 205 1358 ᾗ.
239 1307 307 1347 22.
368 1319 494 1344 sacr.
528 1306 719 1357 comm.]
773 1305 836 1346 Cf.
870 1319 971 1357 quae
1003 1306 1083 1344 dixi
1114 1307 1143 1357 ᾗ.
1166 1306 1232 1347 20.
1286 1306 1381 1344 Mox
1405 1310 1522 1343 esto

56 1365 170 1404 Man.
199 1364 339 1401 Lamb.
367 1362 492 1401 Goer.
526 1362 690 1413 reliqui.
751 1363 944 1415 Zumptio
975 1362 1178 1415 placuisse
1209 1363 1336 1401 miror
1370 1367 1464 1402 est.

170 1443 229 1480 qu
247 1429 306 1466 od
339 1431 528 1481 neque]
590 1432 624 1469 N
645 1444 765 1482 eque
796 1430 862 1468 uel
884 1443 980 1468 nec
1004 1431 1140 1481 prisce
1165 1435 1403 1481 usurpatum
1429 1441 1524 1468 esse

57 1499 131 1537 pro
163 1497 260 1522 non
300 1485 418 1525 Fest.
465 1486 587 1524 docet
626 1499 658 1525 s,
704 1499 742 1527 u.
788 1499 893 1525 nec.
929 1487 989 1525 Cf.
1021 1483 1101 1525 III.
1134 1486 1167 1536 ξ.
1201 1484 1241 1526 6.
1282 1498 1378 1524 nec
1409 1486 1524 1524 obe-

58 1542 307 1579 dientem.
341 1543 374 1592 §.
414 1542 475 1581 11.
511 1543 591 1592 qui
624 1555 714 1580 nec
747 1542 932 1581 aderit.

172 1597 334 1635 Ludis
366 1597 526 1649 publ]
589 1597 831 1649 Popularem
864 1597 1063 1636 laetitiam
1096 1598 1134 1634 in
1160 1601 1281 1635 cantu
1312 1600 1354 1635 et
1376 1596 1524 1635 fidibus

58 1654 133 1691 hac
167 1652 259 1704 lege
294 1654 497 1693 moderari
534 1653 635 1704 uult,
671 1655 713 1692 id
744 1654 850 1705 quod
884 1656 982 1692 satis
1016 1652 1149 1691 elucet
1181 1666 1229 1690 ex
1261 1655 1522 1692 restrictione

58 1711 91 1761 ᾧ.
124 1708 194 1749 38.
225 1709 386 1747 addita:
428 1710 700 1748 dummodo
731 1724 787 1748 ea
818 1711 1096 1748 moderata
1127 1710 1235 1747 sint
1276 1716 1318 1747 et
1357 1723 1403 1749 ex
1444 1714 1520 1760 eis,

58 1779 158 1817 quae
187 1767 394 1816 copiosius
429 1767 580 1805 ibidem
607 1767 657 1804 de
684 1766 855 1805 Platone
890 1773 930 1805 et
955 1767 1124 1804 Graecia
1151 1765 1334 1806 disserit.
1383 1767 1523 1817 ltaque

58 1835 149 1860 cum
184 1820 304 1859 ludos
338 1822 538 1873 publicoS‚
572 1824 638 1873 qui
669 1827 711 1860 et
742 1825 894 1862 scenici
926 1828 967 1861 et
999 1824 1205 1860 circenses
1238 1826 1347 1873 sunt,
1390 1837 1519 1874 gene-

56 1877 199 1916 raliter
219 1878 391 1916 dixisset
412 1878 700 1930 popularisque
728 1881 765 1917 in
790 1884 910 1918 cantu
935 1884 976 1917 et
998 1879 1145 1917 fidibus
1169 1877 1353 1917 laetitiae
1375 1880 1522 1918 mode-

56 1936 160 1972 ratio
203 1947 282 1971 non
325 1935 399 1972 nisi
443 1935 491 1972 ad
535 1938 719 1974 scenicos
760 1935 878 1974 ludos
916 1936 1170 1988 pertineret,
1213 1937 1519 1975 restrictionem

59 1990 151 2028 addi
194 2003 368 2028 necesse
400 1991 478 2029 suit
507 1992 636 2030 lianc:
678 1992 815 2042 quod
858 1994 967 2031 sine
1009 1991 1276 2034 curriculo
1319 1998 1372 2031 et
1410 1995 1523 2031 sine

59 2048 364 2085 certatione
396 2061 674 2099 corporum
707 2048 808 2086 fiat
838 2050 864 2086 i.
899 2062 936 2087 e.
970 2053 1168 2099 quatenus
1201 2061 1234 2086 S.
1267 2063 1372 2088 curr.
1403 2054 1444 2087 et
1484 2063 1524 2089 S.

57 2107 155 2142 cert.
188 2116 300 2154 corp.
333 2103 390 2141 fit.
450 2103 533 2141 Isto
566 2103 686 2142 modo
718 2105 924 2142 circenses
956 2104 1077 2142 ludos
1120 2105 1176 2141 ita
1215 2107 1345 2156 excipi
1387 2111 1519 2157 patet,

56 2163 99 2196 ut
130 2157 178 2196 ad
211 2158 307 2196 illos
342 2158 419 2197 hoc
449 2166 714 2211 praeceptum
748 2173 827 2198 non
867 2162 1078 2211 pertinere
1118 2161 1397 2212 significetur,
1439 2176 1521 2201 non

56 2216 127 2263 ita,
170 2218 212 2251 ut
253 2216 420 2253 omnino
465 2229 516 2254 ne
560 2218 644 2254 sint
684 2219 787 2265 isti,
837 2217 945 2267 quod
987 2216 1224 2268 quibusdam
1269 2220 1397 2257 uisum
1443 2227 1519 2259 est.

56 2271 272 2309 Coniunct.
308 2272 347 2309 in
379 2272 454 2310 hac
488 2275 753 2311 restrictione
785 2272 994 2324 legitimus
1028 2278 1092 2311 est
1122 2271 1226 2327 (Off.
1249 2271 1329 2325 ΙΙΙ,
1359 2275 1424 2316 10.
1449 2275 1520 2316 42.

57 2327 107 2365 ad
136 2327 251 2367 Fam.
283 2327 353 2376 lv,
386 2328 425 2368 2.
458 2329 548 2367 Liu.
572 2326 607 2378 l,
639 2329 693 2369 24
730 2327 796 2383 5.)
828 2343 904 2367 nec
929 2330 1147 2381 singularis
1172 2332 1283 2369 uerbi
1310 2344 1520 2383 numerus,

0 2408 9 2422 χ
55 2397 129 2434 pro
163 2396 241 2433 quo
275 2384 437 2434 quidam
471 2384 671 2436 pluralem
706 2387 984 2436 requirebant,
1026 2387 1272 2425 incommodi
1305 2389 1519 2439 quicquam

57 2441 191 2478 habet.
253 2440 353 2477 Nam
385 2439 528 2478 ludis
562 2441 796 2492 publicis
827 2443 904 2480 hoc
935 2448 1019 2481 est:
1053 2457 1157 2482 cum
1180 2442 1524 2496 ludipublici

57 2494 420 2535 celebrantur.
482 2498 516 2535 A
556 2503 669 2536 recta
713 2500 776 2536 uia
816 2498 1093 2550 deflexerunt,
1134 2502 1199 2551 qui
1241 2503 1517 2541 coniecturam

55 2556 284 2602 tentarunt,
317 2553 546 2603 ManutiuS,
580 2556 692 2592 cuius
726 2557 923 2594 rationem
956 2558 1147 2608 probauit
1188 2557 1328 2596 Mada.
1364 2558 1521 2597 Emen-

58 2607 160 2647 datt.
202 2623 238 2660 p.
275 2609 353 2649 71:
396 2610 533 2660 quod
575 2612 687 2649 siue
741 2613 1003 2651 curriculo
1052 2615 1166 2651 siue
1212 2617 1520 2654 certatione

57 2676 333 2716 corporum
375 2666 496 2714 fiat3
541 2667 757 2704 Dauisius:
811 2681 959 2718 quom
999 2671 1113 2708 sine
1155 2671 1426 2710 curriculo
1467 2677 1519 2709 et

58 2720 173 2758 sine
224 2724 537 2760 certatione
588 2736 860 2774 corporum
913 2725 1085 2774 fiant3
1137 2727 1335 2766 Rathius:
1387 2726 1518 2778 quod

59 2776 172 2813 siue
205 2778 476 2817 curriculo
511 2781 620 2817 siue
653 2782 957 2821 certatione
984 2796 1120 2835 corp.
1155 2784 1315 2833 fiant,
1348 2788 1518 2823 uicto-

1250 2857 1295 2888 ll
