1781 3192
454 198 611 236 LlssER
646 193 904 236 'PERTlUS-
958 194 1059 236 ΟΑΡ.
1092 196 1200 237 xlv.
1471 193 1562 235 3025

99 312 173 350 liae
205 309 255 348 de
290 322 334 347 re
366 312 595 349 accuratius
626 308 725 348 Frd.
762 307 932 347 Ellendt
973 308 1024 348 de
1066 310 1211 348 formis
1252 309 1557 348 enunciatorum

99 368 251 408 condit.
285 366 449 418 linguae
478 366 548 407 lat.
583 367 683 416 neg.
719 367 858 407 Pruss.
896 366 1014 408 1827.

214 425 248 475 §-
282 422 352 464 31.
413 436 588 462 eorum
632 422 817 473 uillas}
886 424 1065 462 Temere
1107 422 1255 461 Bakius
1302 432 1557 475 pronomen,

102 479 211 534 quod
242 480 361 518 codd.
394 494 535 518 omnes
566 486 733 528 tenent,
779 481 1068 532 interpolatum
1114 480 1238 528 dixit3
1277 492 1354 531 quo
1393 480 1562 532 expulso

102 551 182 577 non
216 539 334 586 satis,
369 551 536 587 quorum
570 541 711 575 essent
735 535 871 585 uillae,
905 536 1098 577 eluceret
1161 539 1283 587 Signa
1317 542 1357 575 et
1382 536 1562 587 tabulae,

104 607 206 646 quae
239 593 436 645 deinceps
469 598 858 642 commemorantur,
890 593 1177 645 intelliguntur
1209 605 1306 643 eae,
1340 606 1437 644 quas
1468 606 1564 645 pro-

103 649 317 700 consules>
350 656 664 701 propraetores,
705 652 977 700 imperatores
1019 665 1065 688 ex
1099 651 1321 701 prouinciis
1354 656 1395 688 et
1427 652 1564 700 regnis

103 708 368 754 auferebant3
401 721 477 756 qua
499 708 615 758 denre
638 707 784 744 Cicero
809 709 976 759 copiose
1000 708 1102 745 (lixit
1130 706 1234 745 libro
1259 703 1336 745 lV.
1368 709 1564 745 orationis

103 765 299 803 aduersus
334 763 504 801 Uerrem
539 764 715 801 habitae.

218 820 542 871 cupiditatis
578 818 826 869 eiusdem]
889 820 1082 858 Teneri
1109 818 1332 858 alicuius
1363 821 1439 857 rei
1471 821 1565 870 quia

106 877 198 916 alibi
232 876 339 928 apud
371 876 611 914 Ciceronem
644 890 723 914 non
757 882 905 927 exstat,
938 890 1010 928 pro
1043 890 1106 926 eo,
1141 877 1247 928 quod
1273 879 1310 914 in
1337 876 1426 916 cod.
1452 877 1566 915 arch.

103 935 234 972 fuisse
266 938 419 971 certum
455 939 534 983 est,
567 932 892 984 cupiditatis
926 933 1186 983 eiusdem,
1219 934 1364 984 steph.
1391 938 1432 970 et
1454 934 1565 972 Man.

103 988 440 1043 cupiditatis
474 990 669 1027 uocabulo
702 989 852 1027 omisso
883 992 1139 1042 scripserunt
1170 989 1386 1039 eisdem,
1410 989 1565 1028 Lbinus

105 1047 502 1098 cupiditatibus
537 1046 759 1093 eisdem,
801 1059 902 1096 quae
934 1049 1135 1084 correctio
1168 1059 1216 1084 ex
1255 1047 1412 1084 duobus
1444 1046 1565 1084 codd.

106 1103 209 1143 dett.
245 1101 335 1156 (39.
378 1100 471 1154 96.)
511 1108 701 1155 excerpta
741 1100 874 1140 denuo
915 1104 1107 1154 Zumptio
1149 1108 1191 1140 et
1229 1102 1355 1140 Bakio
1400 1101 1567 1153 placuit.

104 1159 185 1198 Sed
235 1166 277 1197 ut
322 1158 514 1209 facilior,
568 1160 625 1196 ita
669 1158 921 1209 probabilior
970 1164 1081 1196 esset
1126 1159 1284 1196 Krausii
1329 1161 1567 1196 coniectura

105 1216 171 1267 (in
207 1216 342 1254 Jalinii
389 1216 493 1252 Ann.
539 1212 660 1254 1849.
709 1227 750 1265 p.
796 1212 890 1268 79.)
934 1214 1304 1265 cupiditates,
1352 1214 1566 1252 eisdem.

106 1271 189 1311 Sed
230 1284 309 1309 non
351 1283 451 1321 opus
491 1275 554 1308 est
594 1269 673 1308 ulla
715 1272 972 1320 coniectura,
1013 1273 1046 1308 si
1092 1270 1256 1321 quidem
1297 1272 1471 1308 teneri
1519 1271 1570 1308 ad

106 1327 421 1367 similitudinem
454 1328 671 1364 uerborum
705 1340 846 1365 reum
879 1327 944 1366 uel
975 1328 1176 1365 noxium
1217 1327 1341 1381 (Tac.
1375 1329 1481 1365 Ann.
1515 1324 1569 1377 V,

114 1383 202 1438 11.)
237 1397 360 1422 esse
388 1385 570 1420 iunctum
607 1389 670 1420 est
694 1397 782 1420 cum
805 1385 1009 1433 genitiuo;
1041 1384 1166 1434 idque
1195 1385 1450 1421 tritissimum
1473 1395 1573 1422 sane

111 1441 219 1491 apud
251 1442 350 1477 iuris
385 1438 592 1476 consultos
624 1438 763 1491 (Paul.
798 1441 887 1490 Dig.
923 1439 991 1489 Vl,
1040 1442 1074 1479 1.
1117 1439 1154 1478 4.
1202 1439 1327 1477 furti
1367 1437 1570 1494 teneri)

110 1509 162 1534 ne
195 1495 262 1533 alii
295 1494 458 1546 quidem
495 1497 718 1546 scriptores
752 1501 1010 1547 spreuerunt.
1045 1495 1106 1535 Cf.
1133 1497 1272 1545 Quint.
1298 1496 1393 1535 lnst.
1419 1497 1492 1534 Or.
1517 1497 1568 1546 Ν,

114 1551 178 1591 1-1.
218 1552 280 1592 il.
315 1564 411 1590 non
446 1552 685 1602 quisquis
726 1552 982 1589 hominem
1024 1552 1453 1602 oceidit,caedis
1495 1555 1568 1591 te-

108 1612 280 1647 netur.
344 1607 442 1645 Tae.
475 1609 576 1647 Ann.
601 1608 669 1657 xl,
696 1609 734 1646 7.
769 1610 835 1648 fin.
867 1620 1013 1660 quem
1047 1607 1128 1662 (sc.
1153 1607 1341 1663 modum)
1366 1611 1569 1661 egressi

106 1663 528 1716 repetundarum
561 1670 893 1704 tenerentur.

225 1721 383 1765 xlv.
446 1721 762 1772 secuturam]
835 1722 913 1760 Pro
949 1721 1025 1759 hac
1064 1720 1155 1759 cod.
1199 1721 1308 1761 arch.
1352 1721 1570 1773 scriptura,

113 1789 229 1829 quam
262 1783 431 1827 praeter
462 1778 710 1827 antiquiores
752 1776 828 1816 soli
871 1779 978 1818 Uict.
1018 1783 1060 1816 et
1102 1779 1251 1815 Lbinus
1292 1780 1570 1829 retinuerunt,

111 1835 321 1872 immerito
354 1840 448 1884 post
479 1834 622 1885 steph.
655 1835 764 1872 Man.
799 1834 1006 1873 Dauisium
1040 1836 1128 1872 sine
1166 1834 1284 1873 codd.
1326 1836 1573 1873 auctoritate

107 1891 260 1940 reliqui
293 1895 526 1927 secutam
562 1892 830 1942 scripserunt,
870 1893 961 1942 quia
995 1890 1046 1928 de
1086 1903 1132 1928 re
1171 1892 1395 1942 praeterita
1433 1903 1570 1929 sermo

111 1952 237 1985 esset.
302 1942 362 1983 lta
397 1952 460 1983 est
494 1959 605 1986 sane.
668 1946 752 1985 Sed
783 1961 862 1986 non
895 1949 1030 1985 minus
1069 1953 1184 1986 recte
1225 1948 1380 1984 animus
1421 1947 1572 1985 aduer-

110 2006 213 2042 titur
245 2002 294 2040 ad
327 2001 384 2051 id,
417 2003 523 2052 quod
554 2006 783 2042 mutatione
812 2005 919 2042 sacta
951 2010 1182 2042 secuturum
1217 2009 1327 2052 erat,
1371 2015 1486 2054 quam
1521 2004 1572 2043 ad

107 2060 167 2109 id,
200 2058 309 2109 quod
342 2064 525 2097 secutum
558 2065 634 2099 est.
688 2060 951 2113 Participium
988 2063 1095 2098 enim
1126 2061 1203 2101 fut.
1234 2065 1308 2100 act.
1332 2072 1412 2097 non
1441 2059 1571 2100 solum

115 2128 163 2153 ea
195 2116 413 2166 significat,
444 2128 546 2165 quae
580 2116 718 2154 facere
750 2118 825 2154 iam
864 2116 1138 2168 aggredimur,
1180 2129 1319 2155 uerum
1354 2118 1474 2154 etiarn
1510 2131 1574 2168 ea,

110 2183 215 2223 quae
254 2183 302 2209 eo
340 2172 418 2208 iam
459 2176 645 2222 tempore
688 2180 843 2211 certum
888 2178 952 2211 est
999 2174 1121 2223 fieri,
1164 2173 1270 2224 quod
1323 2172 1574 2225 descriptum

110 2234 188 2268 ent.
269 2228 454 2277 Namque
499 2234 663 2280 tempus
713 2235 869 2267 certum
915 2242 995 2268 nou
1039 2231 1166 2280 magis
1218 2230 1296 2267 hoc
1344 2231 1576 2281 participio,

113 2295 240 2333 quam
279 2285 431 2320 ceteris
468 2283 655 2322 denotari
695 2290 868 2326 constat.
922 2286 987 2329 cf.
1029 2287 1125 2326 Sen.
1167 2287 1269 2325 Ben.
1302 2286 1371 2336 Vl,
1411 2285 1448 2326 3.
1480 2286 1577 2325 hae

112 2343 236 2376 sunt
266 2337 497 2376 diuitiae
528 2346 710 2379 certae
740 2348 1002 2393 perpetuo
1040 2355 1326 2381 mansurae.
1366 2341 1464 2382 ibid.
1506 2343 1574 2393 lli,

113 2393 183 2435 35.
216 2399 369 2446 pater
397 2394 527 2433 silio
558 2398 721 2435 uitam
765 2397 915 2436 dedit
951 2401 1256 2450 perituram.
1295 2394 1576 2449 Liu.ll,10.

112 2451 368 2490 Horatius
401 2450 590 2490 Cocles
622 2466 722 2492 rem
763 2467 916 2492 ausus
958 2461 1035 2494 est
1073 2454 1192 2508 plus
1227 2455 1393 2492 famae
1429 2455 1576 2494 habi-

113 2512 292 2546 turam
334 2521 480 2558 quam
520 2508 677 2549 fidei.
740 2512 990 2562 Quamquam
1034 2516 1168 2550 autem
1217 2512 1403 2550 attributi
1448 2513 1579 2551 instar

113 2565 195 2603 hoc
241 2565 501 2617 participium
550 2568 705 2605 nomini
745 2580 825 2606 non
870 2567 1104 2620 adiungitur
1142 2583 1163 2607 a
1199 2568 1422 2618 Cicerone,
1470 2574 1514 2607 ut
1556 2583 1579 2607 a

114 2623 418 2672 posterioribus
447 2623 739 2674 scriptoribus:
776 2623 878 2662 nihil
916 2630 1052 2664 tamen
1084 2625 1125 2664 id
1167 2624 1414 2664 insolentiae
1454 2626 1580 2664 habet

115 2676 335 2728 hocloco,
369 2691 446 2729 quo
482 2681 630 2718 obiecti
660 2679 791 2719 locum
825 2685 955 2721 tenet.
1005 2682 1070 2720 cf.
1104 2682 1190 2721 Cic.
1220 2681 1316 2722 Par.
1349 2678 1406 2722 II
1442 2683 1475 2733 ξ.
1515 2682 1578 2723 17

115 2733 271 2772 nihil
309 2742 493 2787 potest
533 2749 650 2774 esse
688 2739 848 2787 certi,
891 2737 1032 2777 nihil
1071 2739 1200 2791 quod
1244 2739 1578 2792 exploratum

114 2791 323 2830 habeat
362 2805 760 2844 permansurum
803 2795 902 2833 sibi
945 2808 1096 2835 unum
1143 2794 1291 2835 diem
1360 2796 1490 2846 Atque
1530 2797 1578 2833 ab

1307 2869 1360 2902 20

1122 2920 1142 2947 ὓ
