<?xml version="1.0" encoding="UTF-8"?>
<!DOCTYPE html PUBLIC "-//W3C//DTD XHTML 1.0 Transitional//EN"
    "http://www.w3.org/TR/xhtml1/DTD/xhtml1-transitional.dtd">
<html xmlns="http://www.w3.org/1999/xhtml" xml:lang="en" lang="en">
 <head>
  <title>
</title>
<meta http-equiv="Content-Type" content="text/html;charset=utf-8" />
  <meta name='ocr-system' content='tesseract 3.04.00' />
  <meta name='ocr-capabilities' content='ocr_page ocr_carea ocr_par ocr_line ocrx_word'/>
</head>
<body>
  <div class='ocr_page' id='page_1' title='image "./delegibuslibritr0102ciceuoft_0334.png"; bbox 0 0 1781 3192; ppageno 0'>
   <div class='ocr_carea' id='block_1_1' title="bbox 204 167 1108 208">
    <p class='ocr_par' dir='ltr' id='par_1_1' title="bbox 204 167 1108 208">
     <span class='ocr_line' id='line_1_1' title="bbox 204 167 1108 208; baseline -0.001 -1"><span class='ocrx_word' id='word_1_1' title='bbox 204 169 290 208; x_wconf 76' lang='lat'><strong>128</strong></span> <span class='ocrx_word' id='word_1_2' title='bbox 776 167 845 205; x_wconf 63' lang='lat' dir='ltr'><strong>nh·</strong></span> <span class='ocrx_word' id='word_1_3' title='bbox 878 167 1108 206; x_wconf 72' lang='lat' dir='ltr'><strong>LEGlBUs</strong></span> 
     </span>
    </p>
   </div>
   <div class='ocr_carea' id='block_1_2' title="bbox 206 278 1691 2805">
    <p class='ocr_par' dir='ltr' id='par_1_2' title="bbox 206 278 1670 440">
     <span class='ocr_line' id='line_1_2' title="bbox 317 278 1670 330; baseline 0 -11"><span class='ocrx_word' id='word_1_4' title='bbox 317 294 407 319; x_wconf 89' lang='lat' dir='ltr'><strong>con</strong></span> <span class='ocrx_word' id='word_1_5' title='bbox 423 284 738 318; x_wconf 79' lang='lat' dir='ltr'><strong>seruatores</strong></span> <span class='ocrx_word' id='word_1_6' title='bbox 771 292 814 315; x_wconf 81' lang='lat' dir='ltr'><strong>sc</strong></span> <span class='ocrx_word' id='word_1_7' title='bbox 860 279 907 316; x_wconf 73' lang='lat' dir='ltr'><strong>(J.</strong></span> <span class='ocrx_word' id='word_1_8' title='bbox 942 280 1096 317; x_wconf 79' lang='lat' dir='ltr'><strong>Marius</strong></span> <span class='ocrx_word' id='word_1_9' title='bbox 1134 286 1175 316; x_wconf 90' lang='lat' dir='ltr'><strong>et</strong></span> <span class='ocrx_word' id='word_1_10' title='bbox 1217 279 1272 317; x_wconf 86' lang='lat' dir='ltr'><strong>M.</strong></span> <span class='ocrx_word' id='word_1_11' title='bbox 1305 278 1467 317; x_wconf 68' lang='lat' dir='ltr'><strong>&#39;l‘ullius</strong></span> <span class='ocrx_word' id='word_1_12' title='bbox 1509 282 1670 330; x_wconf 80' lang='lat' dir='ltr'><strong>Cicero,</strong></span> 
     </span>
     <span class='ocr_line' id='line_1_3' title="bbox 207 334 1670 389; baseline 0.001 -15"><span class='ocrx_word' id='word_1_13' title='bbox 207 351 375 389; x_wconf 83' lang='lat' dir='ltr'><strong>quorum</strong></span> <span class='ocrx_word' id='word_1_14' title='bbox 416 335 486 373; x_wconf 84' lang='lat' dir='ltr'><strong>iile</strong></span> <span class='ocrx_word' id='word_1_15' title='bbox 518 335 706 371; x_wconf 67' lang='lat' dir='ltr'><strong>Fimbros</strong></span> <span class='ocrx_word' id='word_1_16' title='bbox 747 339 788 371; x_wconf 81' lang='lat' dir='ltr'><strong>et</strong></span> <span class='ocrx_word' id='word_1_17' title='bbox 821 334 1034 372; x_wconf 68' lang='lat' dir='ltr'><strong>&#39;l‘eutones</strong></span> <span class='ocrx_word' id='word_1_18' title='bbox 1080 335 1250 383; x_wconf 65' lang='lat' dir='ltr'><strong>‹lenit-it,</strong></span> <span class='ocrx_word' id='word_1_19' title='bbox 1291 336 1356 372; x_wconf 81' lang='lat' dir='ltr'><strong>hic</strong></span> <span class='ocrx_word' id='word_1_20' title='bbox 1388 335 1670 375; x_wconf 77' lang='lat' dir='ltr'><strong>Catilinarianl</strong></span> 
     </span>
     <span class='ocr_line' id='line_1_4' title="bbox 206 392 780 440; baseline -0.009 -7"><span class='ocrx_word' id='word_1_21' title='bbox 206 395 526 433; x_wconf 83' lang='lat' dir='ltr'><strong>coniurationem</strong></span> <span class='ocrx_word' id='word_1_22' title='bbox 559 392 780 440; x_wconf 75' lang='lat' dir='ltr'><strong>oppressit.</strong></span> 
     </span>
    </p>

    <p class='ocr_par' dir='ltr' id='par_1_3' title="bbox 206 445 1684 1510">
     <span class='ocr_line' id='line_1_5' title="bbox 320 445 1674 496; baseline -0.001 -10"><span class='ocrx_word' id='word_1_23' title='bbox 320 446 516 496; x_wconf 88' lang='lat' dir='ltr'><strong>uidear]</strong></span> <span class='ocrx_word' id='word_1_24' title='bbox 585 446 665 483; x_wconf 92' lang='lat' dir='ltr'><strong>Pro</strong></span> <span class='ocrx_word' id='word_1_25' title='bbox 714 446 791 484; x_wconf 88' lang='lat' dir='ltr'><strong>hac</strong></span> <span class='ocrx_word' id='word_1_26' title='bbox 833 451 945 484; x_wconf 89' lang='lat' dir='ltr'><strong>certa</strong></span> <span class='ocrx_word' id='word_1_27' title='bbox 985 449 1244 485; x_wconf 79' lang='lat' dir='ltr'><strong>correctione</strong></span> <span class='ocrx_word' id='word_1_28' title='bbox 1283 445 1388 485; x_wconf 93' lang='lat' dir='ltr'><strong>male</strong></span> <span class='ocrx_word' id='word_1_29' title='bbox 1431 447 1536 485; x_wconf 80' lang='lat' dir='ltr'><strong>Dau.</strong></span> <span class='ocrx_word' id='word_1_30' title='bbox 1575 449 1674 486; x_wconf 88' lang='lat' dir='ltr'><strong>sub—</strong></span> 
     </span>
     <span class='ocr_line' id='line_1_6' title="bbox 207 502 1674 544; baseline -0.001 -1"><span class='ocrx_word' id='word_1_31' title='bbox 207 506 318 543; x_wconf 78' lang='lat' dir='ltr'><strong>stitui</strong></span> <span class='ocrx_word' id='word_1_32' title='bbox 362 502 493 541; x_wconf 88' lang='lat' dir='ltr'><strong>uoluit</strong></span> <span class='ocrx_word' id='word_1_33' title='bbox 533 509 584 540; x_wconf 89' lang='lat' dir='ltr'><strong>ut</strong></span> <span class='ocrx_word' id='word_1_34' title='bbox 626 504 720 539; x_wconf 81' lang='lat' dir='ltr'><strong>iam</strong></span> <span class='ocrx_word' id='word_1_35' title='bbox 765 502 965 540; x_wconf 87' lang='lat' dir='ltr'><strong>uideam</strong></span> <span class='ocrx_word' id='word_1_36' title='bbox 1008 517 1082 540; x_wconf 89' lang='lat' dir='ltr'><strong>me</strong></span> <span class='ocrx_word' id='word_1_37' title='bbox 1115 503 1327 544; x_wconf 84' lang='lat' dir='ltr'><strong>adduci.</strong></span> <span class='ocrx_word' id='word_1_38' title='bbox 1387 503 1464 541; x_wconf 86' lang='lat' dir='ltr'><strong>Est</strong></span> <span class='ocrx_word' id='word_1_39' title='bbox 1493 505 1674 542; x_wconf 87' lang='lat' dir='ltr'><strong>breuitas</strong></span> 
     </span>
     <span class='ocr_line' id='line_1_7' title="bbox 208 558 1676 612; baseline -0.001 -13"><span class='ocrx_word' id='word_1_40' title='bbox 208 560 405 612; x_wconf 81' lang='lat' dir='ltr'>quaedam</span> <span class='ocrx_word' id='word_1_41' title='bbox 437 558 650 609; x_wconf 83' lang='lat' dir='ltr'><strong>loquendi,</strong></span> <span class='ocrx_word' id='word_1_42' title='bbox 686 561 848 610; x_wconf 83' lang='lat' dir='ltr'><strong>saepius</strong></span> <span class='ocrx_word' id='word_1_43' title='bbox 881 571 902 596; x_wconf 87' lang='lat' dir='ltr'><strong>a</strong></span> <span class='ocrx_word' id='word_1_44' title='bbox 930 560 1131 597; x_wconf 76' lang='lat' dir='ltr'><strong>Cicerone</strong></span> <span class='ocrx_word' id='word_1_45' title='bbox 1164 564 1357 611; x_wconf 88' lang='lat' dir='ltr'><strong>usurpata</strong></span> <span class='ocrx_word' id='word_1_46' title='bbox 1387 573 1462 611; x_wconf 88' lang='lat' dir='ltr'><strong>pro</strong></span> <span class='ocrx_word' id='word_1_47' title='bbox 1488 559 1676 610; x_wconf 82' lang='lat' dir='ltr'><strong>pleniore</strong></span> 
     </span>
     <span class='ocr_line' id='line_1_8' title="bbox 206 615 1674 666; baseline 0 -11"><span class='ocrx_word' id='word_1_48' title='bbox 206 618 416 655; x_wconf 87' lang='lat' dir='ltr'><strong>locutione</strong></span> <span class='ocrx_word' id='word_1_49' title='bbox 445 615 704 663; x_wconf 87' lang='lat' dir='ltr'><strong>adducor,</strong></span> <span class='ocrx_word' id='word_1_50' title='bbox 751 620 803 652; x_wconf 87' lang='lat' dir='ltr'><strong>ut</strong></span> <span class='ocrx_word' id='word_1_51' title='bbox 833 615 1064 665; x_wconf 85' lang='lat' dir='ltr'><strong>credam,</strong></span> <span class='ocrx_word' id='word_1_52' title='bbox 1108 629 1183 666; x_wconf 89' lang='lat' dir='ltr'><strong>qua</strong></span> <span class='ocrx_word' id='word_1_53' title='bbox 1226 618 1353 654; x_wconf 90' lang='lat' dir='ltr'><strong>utitur</strong></span> <span class='ocrx_word' id='word_1_54' title='bbox 1380 617 1424 654; x_wconf 88' lang='lat' dir='ltr'><strong>in</strong></span> <span class='ocrx_word' id='word_1_55' title='bbox 1453 615 1572 655; x_wconf 84' lang='lat' dir='ltr'><strong>Lael.</strong></span> <span class='ocrx_word' id='word_1_56' title='bbox 1610 615 1674 666; x_wconf 84' lang='grc'><strong>16,</strong></span> 
     </span>
     <span class='ocr_line' id='line_1_9' title="bbox 208 671 1676 723; baseline -0.001 -12"><span class='ocrx_word' id='word_1_57' title='bbox 208 672 279 715; x_wconf 78' lang='grc'><strong>59.</strong></span> <span class='ocrx_word' id='word_1_58' title='bbox 312 686 408 711; x_wconf 87' lang='lat' dir='ltr'><strong>uec</strong></span> <span class='ocrx_word' id='word_1_59' title='bbox 442 684 562 709; x_wconf 89' lang='lat' dir='ltr'><strong>uero</strong></span> <span class='ocrx_word' id='word_1_60' title='bbox 596 684 650 709; x_wconf 89' lang='lat' dir='ltr'><strong>se</strong></span> <span class='ocrx_word' id='word_1_61' title='bbox 682 671 873 708; x_wconf 87' lang='lat' dir='ltr'><strong>adduci</strong></span> <span class='ocrx_word' id='word_1_62' title='bbox 900 684 1081 723; x_wconf 83' lang='lat' dir='ltr'><strong>posse,</strong></span> <span class='ocrx_word' id='word_1_63' title='bbox 1124 678 1176 709; x_wconf 89' lang='lat' dir='ltr'><strong>ut</strong></span> <span class='ocrx_word' id='word_1_64' title='bbox 1209 673 1305 710; x_wconf 82' lang='lat' dir='ltr'><strong>hoc</strong></span> <span class='ocrx_word' id='word_1_65' title='bbox 1346 695 1399 701; x_wconf 90' lang='lat'><strong>—-</strong></span> <span class='ocrx_word' id='word_1_66' title='bbox 1438 687 1459 710; x_wconf 85' lang='lat' dir='ltr'><strong>a</strong></span> <span class='ocrx_word' id='word_1_67' title='bbox 1488 674 1676 710; x_wconf 83' lang='lat' dir='ltr'><strong>Biante</strong></span> 
     </span>
     <span class='ocr_line' id='line_1_10' title="bbox 211 727 1677 778; baseline -0.001 -10"><span class='ocrx_word' id='word_1_68' title='bbox 211 744 328 768; x_wconf 84' lang='lat' dir='ltr'><strong>esse</strong></span> <span class='ocrx_word' id='word_1_69' title='bbox 363 730 563 767; x_wconf 88' lang='lat' dir='ltr'><strong>dictum</strong></span> <span class='ocrx_word' id='word_1_70' title='bbox 598 727 864 766; x_wconf 87' lang='lat' dir='ltr'><strong>crederet.</strong></span> <span class='ocrx_word' id='word_1_71' title='bbox 924 729 1057 778; x_wconf 85' lang='lat' dir='ltr'><strong>Atque</strong></span> <span class='ocrx_word' id='word_1_72' title='bbox 1096 729 1193 766; x_wconf 85' lang='lat' dir='ltr'><strong>huic</strong></span> <span class='ocrx_word' id='word_1_73' title='bbox 1225 728 1475 766; x_wconf 86' lang='lat' dir='ltr'><strong>credendi</strong></span> <span class='ocrx_word' id='word_1_74' title='bbox 1516 729 1677 767; x_wconf 88' lang='lat' dir='ltr'><strong>notioni</strong></span> 
     </span>
     <span class='ocr_line' id='line_1_11' title="bbox 210 781 1677 837; baseline -0.001 -13"><span class='ocrx_word' id='word_1_75' title='bbox 210 793 350 825; x_wconf 87' lang='lat' dir='ltr'><strong>mente</strong></span> <span class='ocrx_word' id='word_1_76' title='bbox 390 788 615 834; x_wconf 75' lang='lat' dir='ltr'><strong>conceptae</strong></span> <span class='ocrx_word' id='word_1_77' title='bbox 654 788 696 821; x_wconf 86' lang='lat' dir='ltr'><strong>et</strong></span> <span class='ocrx_word' id='word_1_78' title='bbox 738 784 779 823; x_wconf 83' lang='lat' dir='ltr'><strong>h.</strong></span> <span class='ocrx_word' id='word_1_79' title='bbox 813 781 841 820; x_wconf 94' lang='lat' dir='ltr'><strong>l.</strong></span> <span class='ocrx_word' id='word_1_80' title='bbox 883 787 925 821; x_wconf 90' lang='lat' dir='ltr'><strong>et</strong></span> <span class='ocrx_word' id='word_1_81' title='bbox 967 784 1057 821; x_wconf 89' lang='lat' dir='ltr'><strong>aliis</strong></span> <span class='ocrx_word' id='word_1_82' title='bbox 1098 782 1173 837; x_wconf 86' lang='lat' dir='ltr'><strong>(ad</strong></span> <span class='ocrx_word' id='word_1_83' title='bbox 1211 785 1295 823; x_wconf 90' lang='lat' dir='ltr'><strong>Att.</strong></span> <span class='ocrx_word' id='word_1_84' title='bbox 1328 785 1396 835; x_wconf 90' lang='grc' dir='ltr'><strong>ΧΙ,</strong></span> <span class='ocrx_word' id='word_1_85' title='bbox 1436 785 1496 825; x_wconf 80' lang='grc'><strong>16.</strong></span> <span class='ocrx_word' id='word_1_86' title='bbox 1531 785 1571 825; x_wconf 98' lang='grc'><strong>2.</strong></span> <span class='ocrx_word' id='word_1_87' title='bbox 1602 797 1677 835; x_wconf 88' lang='lat' dir='ltr'><strong>pro</strong></span> 
     </span>
     <span class='ocr_line' id='line_1_12' title="bbox 210 838 1678 889; baseline -0.001 -8"><span class='ocrx_word' id='word_1_88' title='bbox 210 842 372 881; x_wconf 88' lang='lat' dir='ltr'><strong>Cluent.</strong></span> <span class='ocrx_word' id='word_1_89' title='bbox 406 840 475 889; x_wconf 76' lang='lat'><strong>37,</strong></span> <span class='ocrx_word' id='word_1_90' title='bbox 513 838 606 889; x_wconf 76' lang='grc' dir='ltr'>ΙΟ-Ι,</span> <span class='ocrx_word' id='word_1_91' title='bbox 642 842 706 878; x_wconf 88' lang='lat' dir='ltr'><strong>ubi</strong></span> <span class='ocrx_word' id='word_1_92' title='bbox 739 841 886 877; x_wconf 83' lang='lat' dir='ltr'><strong>merito</strong></span> <span class='ocrx_word' id='word_1_93' title='bbox 919 839 1090 878; x_wconf 79' lang='lat' dir='ltr'><strong>Classen</strong></span> <span class='ocrx_word' id='word_1_94' title='bbox 1134 840 1353 879; x_wconf 83' lang='lat' dir='ltr'><strong>adducti</strong></span> <span class='ocrx_word' id='word_1_95' title='bbox 1394 846 1514 879; x_wconf 90' lang='lat' dir='ltr'><strong>sunt</strong></span> <span class='ocrx_word' id='word_1_96' title='bbox 1551 842 1678 879; x_wconf 80' lang='lat' dir='ltr'><strong>resti-</strong></span> 
     </span>
     <span class='ocr_line' id='line_1_13' title="bbox 211 895 1678 949; baseline -0.001 -12"><span class='ocrx_word' id='word_1_97' title='bbox 211 900 290 937; x_wconf 86' lang='lat' dir='ltr'><strong>tuit</strong></span> <span class='ocrx_word' id='word_1_98' title='bbox 327 911 399 949; x_wconf 90' lang='lat' dir='ltr'><strong>pro</strong></span> <span class='ocrx_word' id='word_1_99' title='bbox 444 898 614 934; x_wconf 89' lang='lat' dir='ltr'><strong>barbaro</strong></span> <span class='ocrx_word' id='word_1_100' title='bbox 654 896 725 934; x_wconf 84' lang='lat' dir='ltr'><strong>illo</strong></span> <span class='ocrx_word' id='word_1_101' title='bbox 765 895 983 934; x_wconf 87' lang='lat' dir='ltr'><strong>addocti</strong></span> <span class='ocrx_word' id='word_1_102' title='bbox 1025 895 1166 949; x_wconf 85' lang='lat' dir='ltr'><strong>sunt)</strong></span> <span class='ocrx_word' id='word_1_103' title='bbox 1210 898 1489 936; x_wconf 84' lang='lat' dir='ltr'><strong>accommodat</strong></span> <span class='ocrx_word' id='word_1_104' title='bbox 1520 910 1606 935; x_wconf 83' lang='lat' dir='ltr'><strong>acc.</strong></span> <span class='ocrx_word' id='word_1_105' title='bbox 1641 910 1678 935; x_wconf 87' lang='lat' dir='ltr'><strong>e.</strong></span> 
     </span>
     <span class='ocr_line' id='line_1_14' title="bbox 209 952 1678 1006; baseline -0.001 -13"><span class='ocrx_word' id='word_1_106' title='bbox 209 955 304 1004; x_wconf 62' lang='lat' dir='ltr'><strong>inf„</strong></span> <span class='ocrx_word' id='word_1_107' title='bbox 338 967 410 1006; x_wconf 85' lang='lat' dir='ltr'><strong>pro</strong></span> <span class='ocrx_word' id='word_1_108' title='bbox 443 966 520 1004; x_wconf 90' lang='lat' dir='ltr'><strong>quo</strong></span> <span class='ocrx_word' id='word_1_109' title='bbox 554 952 646 990; x_wconf 86' lang='lat' dir='ltr'><strong>alibi</strong></span> <span class='ocrx_word' id='word_1_110' title='bbox 680 958 849 1004; x_wconf 89' lang='lat' dir='ltr'><strong>propter</strong></span> <span class='ocrx_word' id='word_1_111' title='bbox 887 953 1097 990; x_wconf 74' lang='lat' dir='ltr'><strong>efficiendi</strong></span> <span class='ocrx_word' id='word_1_112' title='bbox 1137 955 1371 1003; x_wconf 87' lang='lat' dir='ltr'><strong>notionem,</strong></span> <span class='ocrx_word' id='word_1_113' title='bbox 1408 966 1510 1004; x_wconf 86' lang='lat' dir='ltr'><strong>quae</strong></span> <span class='ocrx_word' id='word_1_114' title='bbox 1552 955 1678 991; x_wconf 87' lang='lat' dir='ltr'><strong>uerbo</strong></span> 
     </span>
     <span class='ocr_line' id='line_1_15' title="bbox 211 1009 1680 1062; baseline -0.002 -12"><span class='ocrx_word' id='word_1_115' title='bbox 211 1015 337 1060; x_wconf 76' lang='lat' dir='ltr'><strong>inest,</strong></span> <span class='ocrx_word' id='word_1_116' title='bbox 369 1009 608 1062; x_wconf 75' lang='lat' dir='ltr'><strong>particulam</strong></span> <span class='ocrx_word' id='word_1_117' title='bbox 642 1016 696 1047; x_wconf 86' lang='lat' dir='ltr'><strong>ut</strong></span> <span class='ocrx_word' id='word_1_118' title='bbox 727 1009 864 1060; x_wconf 79' lang='lat' dir='ltr'><strong>posuit</strong></span> <span class='ocrx_word' id='word_1_119' title='bbox 895 1022 980 1046; x_wconf 88' lang='lat' dir='ltr'><strong>rem</strong></span> <span class='ocrx_word' id='word_1_120' title='bbox 1015 1009 1201 1047; x_wconf 82' lang='lat' dir='ltr'><strong>effectam</strong></span> <span class='ocrx_word' id='word_1_121' title='bbox 1237 1012 1470 1061; x_wconf 79' lang='lat' dir='ltr'><strong>significans</strong></span> <span class='ocrx_word' id='word_1_122' title='bbox 1502 1023 1574 1060; x_wconf 88' lang='lat' dir='ltr'><strong>pro</strong></span> <span class='ocrx_word' id='word_1_123' title='bbox 1598 1009 1680 1048; x_wconf 80' lang='lat' dir='ltr'><strong>fide</strong></span> 
     </span>
     <span class='ocr_line' id='line_1_16' title="bbox 213 1064 1679 1117; baseline -0.003 -10"><span class='ocrx_word' id='word_1_124' title='bbox 213 1069 273 1107; x_wconf 89' lang='lat' dir='ltr'><strong>rei</strong></span> <span class='ocrx_word' id='word_1_125' title='bbox 307 1067 498 1115; x_wconf 84' lang='lat' dir='ltr'><strong>effectae,</strong></span> <span class='ocrx_word' id='word_1_126' title='bbox 543 1065 884 1116; x_wconf 85' lang='lat' dir='ltr'><strong>quemadmodum</strong></span> <span class='ocrx_word' id='word_1_127' title='bbox 934 1065 1128 1103; x_wconf 87' lang='lat' dir='ltr'><strong>similiter</strong></span> <span class='ocrx_word' id='word_1_128' title='bbox 1167 1065 1258 1104; x_wconf 92' lang='lat' dir='ltr'><strong>loco</strong></span> <span class='ocrx_word' id='word_1_129' title='bbox 1301 1081 1323 1104; x_wconf 88' lang='lat' dir='ltr'><strong>a</strong></span> <span class='ocrx_word' id='word_1_130' title='bbox 1347 1067 1558 1117; x_wconf 78' lang='lat' dir='ltr'><strong>Maduigio</strong></span> <span class='ocrx_word' id='word_1_131' title='bbox 1589 1064 1679 1103; x_wconf 88' lang='lat' dir='ltr'><strong>lau-</strong></span> 
     </span>
     <span class='ocr_line' id='line_1_17' title="bbox 215 1120 1679 1174; baseline -0.003 -11"><span class='ocrx_word' id='word_1_132' title='bbox 215 1125 312 1164; x_wconf 84' lang='lat' dir='ltr'><strong>dato</strong></span> <span class='ocrx_word' id='word_1_133' title='bbox 343 1137 416 1174; x_wconf 90' lang='lat' dir='ltr'><strong>pro</strong></span> <span class='ocrx_word' id='word_1_134' title='bbox 451 1121 555 1160; x_wconf 85' lang='lat' dir='ltr'><strong>Sull.</strong></span> <span class='ocrx_word' id='word_1_135' title='bbox 596 1120 658 1172; x_wconf 60' lang='lat'><strong>14,</strong></span> <span class='ocrx_word' id='word_1_136' title='bbox 691 1121 760 1162; x_wconf 64' lang='lat'><strong>40.</strong></span> <span class='ocrx_word' id='word_1_137' title='bbox 795 1124 908 1171; x_wconf 89' lang='lat' dir='ltr'><strong>(nec</strong></span> <span class='ocrx_word' id='word_1_138' title='bbox 939 1134 1066 1159; x_wconf 90' lang='lat' dir='ltr'><strong>uero</strong></span> <span class='ocrx_word' id='word_1_139' title='bbox 1097 1130 1300 1172; x_wconf 86' lang='lat' dir='ltr'><strong>possum</strong></span> <span class='ocrx_word' id='word_1_140' title='bbox 1333 1136 1442 1161; x_wconf 92' lang='lat' dir='ltr'><strong>meo</strong></span> <span class='ocrx_word' id='word_1_141' title='bbox 1473 1126 1679 1160; x_wconf 86' lang='lat' dir='ltr'><strong>tantum</strong></span> 
     </span>
     <span class='ocr_line' id='line_1_18' title="bbox 214 1178 1680 1231; baseline -0.003 -11"><span class='ocrx_word' id='word_1_142' title='bbox 214 1181 434 1231; x_wconf 78' lang='lat' dir='ltr'><strong>ingenio</strong></span> <span class='ocrx_word' id='word_1_143' title='bbox 467 1179 615 1228; x_wconf 78' lang='lat' dir='ltr'><strong>dare,</strong></span> <span class='ocrx_word' id='word_1_144' title='bbox 658 1185 707 1216; x_wconf 90' lang='lat' dir='ltr'><strong>ut</strong></span> <span class='ocrx_word' id='word_1_145' title='bbox 749 1183 828 1215; x_wconf 88' lang='lat' dir='ltr'><strong>tot</strong></span> <span class='ocrx_word' id='word_1_146' title='bbox 868 1190 954 1215; x_wconf 89' lang='lat' dir='ltr'><strong>res</strong></span> <span class='ocrx_word' id='word_1_147' title='bbox 984 1199 1036 1204; x_wconf 94' lang='lat'>—</span> <span class='ocrx_word' id='word_1_148' title='bbox 1077 1191 1180 1215; x_wconf 89' lang='lat' dir='ltr'><strong>mea</strong></span> <span class='ocrx_word' id='word_1_149' title='bbox 1207 1186 1399 1230; x_wconf 90' lang='lat' dir='ltr'><strong>sponte</strong></span> <span class='ocrx_word' id='word_1_150' title='bbox 1437 1178 1680 1228; x_wconf 87' lang='lat' dir='ltr'><strong>dispexe-</strong></span> 
     </span>
     <span class='ocr_line' id='line_1_19' title="bbox 215 1233 1681 1286; baseline -0.003 -11"><span class='ocrx_word' id='word_1_151' title='bbox 215 1240 327 1283; x_wconf 86' lang='lat' dir='ltr'><strong>rim)</strong></span> <span class='ocrx_word' id='word_1_152' title='bbox 362 1248 447 1273; x_wconf 87' lang='lat' dir='ltr'><strong>rem</strong></span> <span class='ocrx_word' id='word_1_153' title='bbox 483 1235 669 1272; x_wconf 82' lang='lat' dir='ltr'><strong>effectam</strong></span> <span class='ocrx_word' id='word_1_154' title='bbox 703 1236 819 1286; x_wconf 88' lang='lat' dir='ltr'><strong>ponit</strong></span> <span class='ocrx_word' id='word_1_155' title='bbox 848 1247 922 1285; x_wconf 87' lang='lat' dir='ltr'><strong>pro</strong></span> <span class='ocrx_word' id='word_1_156' title='bbox 954 1233 1105 1272; x_wconf 89' lang='lat' dir='ltr'><strong>iudicio</strong></span> <span class='ocrx_word' id='word_1_157' title='bbox 1132 1234 1183 1272; x_wconf 93' lang='lat' dir='ltr'><strong>de</strong></span> <span class='ocrx_word' id='word_1_158' title='bbox 1206 1248 1250 1273; x_wconf 87' lang='lat' dir='ltr'><strong>re</strong></span> <span class='ocrx_word' id='word_1_159' title='bbox 1278 1236 1439 1273; x_wconf 75' lang='lat' dir='ltr'><strong>effecta.</strong></span> <span class='ocrx_word' id='word_1_160' title='bbox 1498 1234 1681 1272; x_wconf 83' lang='lat' dir='ltr'><strong>Eodem-</strong></span> 
     </span>
     <span class='ocr_line' id='line_1_20' title="bbox 215 1290 1682 1346; baseline -0.003 -14"><span class='ocrx_word' id='word_1_161' title='bbox 215 1306 293 1346; x_wconf 87' lang='lat' dir='ltr'><strong>que</strong></span> <span class='ocrx_word' id='word_1_162' title='bbox 335 1295 374 1330; x_wconf 92' lang='lat' dir='ltr'><strong>in</strong></span> <span class='ocrx_word' id='word_1_163' title='bbox 417 1304 567 1342; x_wconf 76' lang='lat' dir='ltr'><strong>genere</strong></span> <span class='ocrx_word' id='word_1_164' title='bbox 614 1297 678 1329; x_wconf 81' lang='lat' dir='ltr'><strong>est</strong></span> <span class='ocrx_word' id='word_1_165' title='bbox 720 1290 818 1328; x_wconf 87' lang='lat' dir='ltr'><strong>illud</strong></span> <span class='ocrx_word' id='word_1_166' title='bbox 868 1290 945 1339; x_wconf 91' lang='grc' dir='ltr'>ΙΙΙ,</span> <span class='ocrx_word' id='word_1_167' title='bbox 993 1290 1055 1331; x_wconf 79' lang='grc'><strong>15.</strong></span> <span class='ocrx_word' id='word_1_168' title='bbox 1099 1290 1167 1330; x_wconf 84' lang='grc'><strong>33.</strong></span> <span class='ocrx_word' id='word_1_169' title='bbox 1207 1293 1255 1329; x_wconf 84' lang='grc' dir='ltr'><strong>ἰη</strong></span> <span class='ocrx_word' id='word_1_170' title='bbox 1298 1293 1400 1329; x_wconf 82' lang='lat' dir='ltr'><strong>ista</strong></span> <span class='ocrx_word' id='word_1_171' title='bbox 1431 1303 1533 1329; x_wconf 88' lang='lat' dir='ltr'><strong>sum</strong></span> <span class='ocrx_word' id='word_1_172' title='bbox 1569 1302 1682 1328; x_wconf 85' lang='lat' dir='ltr'><strong>sen-</strong></span> 
     </span>
     <span class='ocr_line' id='line_1_21' title="bbox 215 1346 1681 1398; baseline -0.004 -9"><span class='ocrx_word' id='word_1_173' title='bbox 215 1350 394 1389; x_wconf 87' lang='lat' dir='ltr'><strong>tentia</strong></span> <span class='ocrx_word' id='word_1_174' title='bbox 417 1370 464 1376; x_wconf 92' lang='lat'>—</span> <span class='ocrx_word' id='word_1_175' title='bbox 493 1346 629 1384; x_wconf 87' lang='lat' dir='ltr'><strong>nihil</strong></span> <span class='ocrx_word' id='word_1_176' title='bbox 662 1353 713 1385; x_wconf 89' lang='lat' dir='ltr'><strong>ut</strong></span> <span class='ocrx_word' id='word_1_177' title='bbox 744 1348 901 1384; x_wconf 72' lang='lat' dir='ltr'><strong>ruerit</strong></span> <span class='ocrx_word' id='word_1_178' title='bbox 934 1348 981 1384; x_wconf 88' lang='lat' dir='ltr'><strong>in</strong></span> <span class='ocrx_word' id='word_1_179' title='bbox 1006 1346 1296 1398; x_wconf 79' lang='lat' dir='ltr'><strong>suffragiis</strong></span> <span class='ocrx_word' id='word_1_180' title='bbox 1325 1360 1452 1385; x_wconf 88' lang='lat' dir='ltr'><strong>uoce</strong></span> <span class='ocrx_word' id='word_1_181' title='bbox 1475 1347 1681 1384; x_wconf 84' lang='lat' dir='ltr'><strong>melius.</strong></span> 
     </span>
     <span class='ocr_line' id='line_1_22' title="bbox 218 1401 1684 1454; baseline -0.003 -10"><span class='ocrx_word' id='word_1_182' title='bbox 218 1406 305 1444; x_wconf 79' lang='lat' dir='ltr'><strong>Cfr.</strong></span> <span class='ocrx_word' id='word_1_183' title='bbox 339 1417 438 1454; x_wconf 90' lang='lat' dir='ltr'><strong>quos</strong></span> <span class='ocrx_word' id='word_1_184' title='bbox 468 1402 618 1440; x_wconf 89' lang='lat' dir='ltr'><strong>Bakius</strong></span> <span class='ocrx_word' id='word_1_185' title='bbox 649 1402 833 1440; x_wconf 90' lang='lat' dir='ltr'><strong>laudauit</strong></span> <span class='ocrx_word' id='word_1_186' title='bbox 865 1402 1006 1440; x_wconf 89' lang='lat' dir='ltr'><strong>Madu.</strong></span> <span class='ocrx_word' id='word_1_187' title='bbox 1043 1401 1094 1439; x_wconf 89' lang='lat' dir='ltr'><strong>de</strong></span> <span class='ocrx_word' id='word_1_188' title='bbox 1125 1402 1216 1442; x_wconf 89' lang='lat' dir='ltr'><strong>Fin.</strong></span> <span class='ocrx_word' id='word_1_189' title='bbox 1247 1404 1278 1454; x_wconf 87' lang='lat'><strong>1,</strong></span> <span class='ocrx_word' id='word_1_190' title='bbox 1311 1405 1352 1444; x_wconf 77' lang='lat'><strong>5.</strong></span> <span class='ocrx_word' id='word_1_191' title='bbox 1388 1402 1454 1443; x_wconf 70' lang='lat'><strong>14.</strong></span> <span class='ocrx_word' id='word_1_192' title='bbox 1483 1403 1588 1442; x_wconf 77' lang='lat' dir='ltr'><strong>Mos.</strong></span> <span class='ocrx_word' id='word_1_193' title='bbox 1631 1402 1684 1440; x_wconf 90' lang='lat' dir='ltr'><strong>de</strong></span> 
     </span>
     <span class='ocr_line' id='line_1_23' title="bbox 218 1457 1156 1510; baseline -0.004 -9"><span class='ocrx_word' id='word_1_194' title='bbox 218 1462 308 1502; x_wconf 90' lang='lat' dir='ltr'><strong>Diu.</strong></span> <span class='ocrx_word' id='word_1_195' title='bbox 341 1461 372 1510; x_wconf 89' lang='grc' dir='ltr'><strong>Ι,</strong></span> <span class='ocrx_word' id='word_1_196' title='bbox 408 1458 473 1499; x_wconf 82' lang='grc'><strong>18.</strong></span> <span class='ocrx_word' id='word_1_197' title='bbox 508 1457 572 1499; x_wconf 84' lang='grc'><strong>35.</strong></span> <span class='ocrx_word' id='word_1_198' title='bbox 603 1459 755 1497; x_wconf 78' lang='lat' dir='ltr'><strong>Matth.</strong></span> <span class='ocrx_word' id='word_1_199' title='bbox 787 1459 837 1496; x_wconf 90' lang='lat' dir='ltr'><strong>de</strong></span> <span class='ocrx_word' id='word_1_200' title='bbox 871 1472 980 1497; x_wconf 89' lang='lat' dir='ltr'><strong>anac.</strong></span> <span class='ocrx_word' id='word_1_201' title='bbox 1013 1472 1051 1509; x_wconf 90' lang='lat' dir='ltr'><strong>p.</strong></span> <span class='ocrx_word' id='word_1_202' title='bbox 1086 1457 1156 1498; x_wconf 74' lang='grc'><strong>24.</strong></span> 
     </span>
    </p>

    <p class='ocr_par' dir='ltr' id='par_1_4' title="bbox 219 1514 1684 1613">
     <span class='ocr_line' id='line_1_24' title="bbox 331 1514 1684 1569; baseline -0.001 -15"><span class='ocrx_word' id='word_1_203' title='bbox 331 1515 655 1569; x_wconf 89' lang='lat' dir='ltr'><strong>procrearit]</strong></span> <span class='ocrx_word' id='word_1_204' title='bbox 717 1516 785 1554; x_wconf 85' lang='lat' dir='ltr'><strong>Sic</strong></span> <span class='ocrx_word' id='word_1_205' title='bbox 807 1516 950 1565; x_wconf 79' lang='lat' dir='ltr'><strong>Gzius,</strong></span> <span class='ocrx_word' id='word_1_206' title='bbox 982 1514 1153 1566; x_wconf 84' lang='lat' dir='ltr'><strong>reliqui3</strong></span> <span class='ocrx_word' id='word_1_207' title='bbox 1186 1516 1419 1567; x_wconf 88' lang='lat' dir='ltr'><strong>superiores</strong></span> <span class='ocrx_word' id='word_1_208' title='bbox 1443 1527 1684 1568; x_wconf 86' lang='lat' dir='ltr'><strong>procrea-</strong></span> 
     </span>
     <span class='ocr_line' id='line_1_25' title="bbox 219 1571 1209 1613; baseline -0.003 0"><span class='ocrx_word' id='word_1_209' title='bbox 219 1576 308 1613; x_wconf 89' lang='lat' dir='ltr'><strong>uit.</strong></span> <span class='ocrx_word' id='word_1_210' title='bbox 369 1571 528 1610; x_wconf 83' lang='lat' dir='ltr'><strong>Deinde</strong></span> <span class='ocrx_word' id='word_1_211' title='bbox 560 1574 669 1610; x_wconf 88' lang='lat' dir='ltr'><strong>tuam</strong></span> <span class='ocrx_word' id='word_1_212' title='bbox 703 1585 784 1609; x_wconf 88' lang='lat' dir='ltr'><strong>om.</strong></span> <span class='ocrx_word' id='word_1_213' title='bbox 818 1573 938 1610; x_wconf 88' lang='lat' dir='ltr'><strong>Goer.</strong></span> <span class='ocrx_word' id='word_1_214' title='bbox 970 1571 1067 1609; x_wconf 80' lang='lat' dir='ltr'><strong>sch.</strong></span> <span class='ocrx_word' id='word_1_215' title='bbox 1100 1571 1209 1610; x_wconf 87' lang='lat' dir='ltr'><strong>Mos.</strong></span> 
     </span>
    </p>

    <p class='ocr_par' dir='ltr' id='par_1_5' title="bbox 220 1626 1686 1962">
     <span class='ocr_line' id='line_1_26' title="bbox 334 1626 1684 1678; baseline -0.001 -12"><span class='ocrx_word' id='word_1_216' title='bbox 334 1630 428 1666; x_wconf 88' lang='lat' dir='ltr'><strong>hac</strong></span> <span class='ocrx_word' id='word_1_217' title='bbox 461 1628 609 1678; x_wconf 83' lang='lat' dir='ltr'><strong>uero]</strong></span> <span class='ocrx_word' id='word_1_218' title='bbox 672 1629 850 1666; x_wconf 75' lang='lat' dir='ltr'><strong>&#39;l&#39;emere</strong></span> <span class='ocrx_word' id='word_1_219' title='bbox 883 1628 1030 1665; x_wconf 59' lang='lat' dir='ltr'><strong>Bakius</strong></span> <span class='ocrx_word' id='word_1_220' title='bbox 1074 1633 1236 1678; x_wconf 89' lang='lat' dir='ltr'><strong>arrepto</strong></span> <span class='ocrx_word' id='word_1_221' title='bbox 1278 1627 1426 1665; x_wconf 87' lang='lat' dir='ltr'><strong>mendo</strong></span> <span class='ocrx_word' id='word_1_222' title='bbox 1467 1626 1622 1666; x_wconf 86' lang='lat' dir='ltr'><strong>codicis</strong></span> <span class='ocrx_word' id='word_1_223' title='bbox 1650 1626 1684 1664; x_wconf 81' lang='lat' dir='ltr'>E</span> 
     </span>
     <span class='ocr_line' id='line_1_27' title="bbox 220 1683 1681 1737; baseline -0.004 -12"><span class='ocrx_word' id='word_1_224' title='bbox 220 1687 388 1737; x_wconf 76' lang='lat' dir='ltr'><strong>scripsit</strong></span> <span class='ocrx_word' id='word_1_225' title='bbox 419 1685 539 1733; x_wconf 83' lang='lat' dir='ltr'><strong>hoc,</strong></span> <span class='ocrx_word' id='word_1_226' title='bbox 581 1687 671 1734; x_wconf 80' lang='lat' dir='ltr'><strong>quia</strong></span> <span class='ocrx_word' id='word_1_227' title='bbox 703 1698 817 1735; x_wconf 88' lang='lat' dir='ltr'><strong>pron.</strong></span> <span class='ocrx_word' id='word_1_228' title='bbox 853 1698 934 1722; x_wconf 88' lang='lat' dir='ltr'><strong>non</strong></span> <span class='ocrx_word' id='word_1_229' title='bbox 976 1685 1026 1722; x_wconf 84' lang='lat' dir='ltr'><strong>ad</strong></span> <span class='ocrx_word' id='word_1_230' title='bbox 1066 1684 1267 1722; x_wconf 84' lang='lat' dir='ltr'><strong>modicum</strong></span> <span class='ocrx_word' id='word_1_231' title='bbox 1310 1683 1468 1721; x_wconf 88' lang='lat' dir='ltr'><strong>insulae</strong></span> <span class='ocrx_word' id='word_1_232' title='bbox 1509 1685 1681 1734; x_wconf 88' lang='lat' dir='ltr'><strong>spatium</strong></span> 
     </span>
     <span class='ocr_line' id='line_1_28' title="bbox 220 1739 1685 1791; baseline -0.003 -10"><span class='ocrx_word' id='word_1_233' title='bbox 220 1744 368 1782; x_wconf 74' lang='lat' dir='ltr'><strong>referri</strong></span> <span class='ocrx_word' id='word_1_234' title='bbox 411 1741 638 1791; x_wconf 84' lang='lat' dir='ltr'><strong>uideretur,</strong></span> <span class='ocrx_word' id='word_1_235' title='bbox 679 1741 753 1779; x_wconf 83' lang='lat' dir='ltr'><strong>sed</strong></span> <span class='ocrx_word' id='word_1_236' title='bbox 796 1741 916 1779; x_wconf 86' lang='lat' dir='ltr'><strong>simul</strong></span> <span class='ocrx_word' id='word_1_237' title='bbox 957 1741 1006 1778; x_wconf 86' lang='lat' dir='ltr'><strong>ad</strong></span> <span class='ocrx_word' id='word_1_238' title='bbox 1044 1739 1133 1779; x_wconf 85' lang='lat' dir='ltr'><strong>loca</strong></span> <span class='ocrx_word' id='word_1_239' title='bbox 1173 1741 1527 1789; x_wconf 88' lang='lat' dir='ltr'><strong>circumiacentia,</strong></span> <span class='ocrx_word' id='word_1_240' title='bbox 1569 1741 1685 1789; x_wconf 87' lang='lat' dir='ltr'><strong>quasi</strong></span> 
     </span>
     <span class='ocr_line' id='line_1_29' title="bbox 221 1794 1686 1849; baseline -0.003 -12"><span class='ocrx_word' id='word_1_241' title='bbox 221 1812 318 1838; x_wconf 89' lang='lat' dir='ltr'><strong>uero</strong></span> <span class='ocrx_word' id='word_1_242' title='bbox 348 1804 431 1836; x_wconf 86' lang='lat' dir='ltr'><strong>tum</strong></span> <span class='ocrx_word' id='word_1_243' title='bbox 466 1797 663 1848; x_wconf 77' lang='lat' dir='ltr'><strong>singulari</strong></span> <span class='ocrx_word' id='word_1_244' title='bbox 693 1811 865 1836; x_wconf 89' lang='lat' dir='ltr'><strong>numero</strong></span> <span class='ocrx_word' id='word_1_245' title='bbox 897 1796 1009 1835; x_wconf 88' lang='lat' dir='ltr'><strong>locus</strong></span> <span class='ocrx_word' id='word_1_246' title='bbox 1041 1801 1176 1845; x_wconf 83' lang='lat' dir='ltr'><strong>esset3</strong></span> <span class='ocrx_word' id='word_1_247' title='bbox 1209 1809 1284 1834; x_wconf 89' lang='lat' dir='ltr'><strong>nec</strong></span> <span class='ocrx_word' id='word_1_248' title='bbox 1314 1796 1558 1849; x_wconf 83' lang='lat' dir='ltr'><strong>prudentius</strong></span> <span class='ocrx_word' id='word_1_249' title='bbox 1582 1794 1686 1833; x_wconf 88' lang='lat' dir='ltr'><strong>duo-</strong></span> 
     </span>
     <span class='ocr_line' id='line_1_30' title="bbox 220 1853 1686 1903; baseline -0.003 -9"><span class='ocrx_word' id='word_1_250' title='bbox 220 1869 308 1894; x_wconf 85' lang='lat' dir='ltr'><strong>rum</strong></span> <span class='ocrx_word' id='word_1_251' title='bbox 341 1854 591 1892; x_wconf 76' lang='lat' dir='ltr'><strong>deteriorum</strong></span> <span class='ocrx_word' id='word_1_252' title='bbox 635 1853 757 1893; x_wconf 88' lang='lat' dir='ltr'><strong>codd.</strong></span> <span class='ocrx_word' id='word_1_253' title='bbox 792 1855 1038 1892; x_wconf 85' lang='lat' dir='ltr'><strong>auctoritate</strong></span> <span class='ocrx_word' id='word_1_254' title='bbox 1070 1854 1232 1891; x_wconf 87' lang='lat' dir='ltr'><strong>omissit</strong></span> <span class='ocrx_word' id='word_1_255' title='bbox 1266 1859 1372 1901; x_wconf 85' lang='lat' dir='ltr'><strong>est,</strong></span> <span class='ocrx_word' id='word_1_256' title='bbox 1413 1854 1505 1903; x_wconf 86' lang='lat' dir='ltr'><strong>quia</strong></span> <span class='ocrx_word' id='word_1_257' title='bbox 1543 1853 1585 1890; x_wconf 89' lang='lat' dir='ltr'><strong>in</strong></span> <span class='ocrx_word' id='word_1_258' title='bbox 1616 1863 1686 1889; x_wconf 87' lang='lat' dir='ltr'><strong>ex-</strong></span> 
     </span>
     <span class='ocr_line' id='line_1_31' title="bbox 222 1907 1648 1962; baseline -0.004 -11"><span class='ocrx_word' id='word_1_259' title='bbox 222 1912 484 1960; x_wconf 84' lang='lat' dir='ltr'><strong>clamatione,</strong></span> <span class='ocrx_word' id='word_1_260' title='bbox 519 1924 636 1961; x_wconf 90' lang='lat' dir='ltr'><strong>quam</strong></span> <span class='ocrx_word' id='word_1_261' title='bbox 669 1916 805 1949; x_wconf 88' lang='lat' dir='ltr'><strong>tamen</strong></span> <span class='ocrx_word' id='word_1_262' title='bbox 841 1916 957 1962; x_wconf 86' lang='lat' dir='ltr'><strong>patet</strong></span> <span class='ocrx_word' id='word_1_263' title='bbox 986 1908 1138 1947; x_wconf 87' lang='lat' dir='ltr'><strong>nullam</strong></span> <span class='ocrx_word' id='word_1_264' title='bbox 1173 1922 1282 1959; x_wconf 78' lang='lat' dir='ltr'><strong>esse,</strong></span> <span class='ocrx_word' id='word_1_265' title='bbox 1314 1911 1450 1947; x_wconf 90' lang='lat' dir='ltr'><strong>omitti</strong></span> <span class='ocrx_word' id='word_1_266' title='bbox 1477 1907 1648 1946; x_wconf 87' lang='lat' dir='ltr'><strong>soleret.</strong></span> 
     </span>
    </p>

    <p class='ocr_par' dir='ltr' id='par_1_6' title="bbox 223 1965 1690 2349">
     <span class='ocr_line' id='line_1_32' title="bbox 337 1965 1687 2017; baseline -0.003 -13"><span class='ocrx_word' id='word_1_267' title='bbox 337 1967 552 2017; x_wconf 81' lang='lat' dir='ltr'><strong>etenim]</strong></span> <span class='ocrx_word' id='word_1_268' title='bbox 624 1969 711 2016; x_wconf 77' lang='lat' dir='ltr'><strong>Quo</strong></span> <span class='ocrx_word' id='word_1_269' title='bbox 751 1969 881 2005; x_wconf 87' lang='lat' dir='ltr'><strong>minus</strong></span> <span class='ocrx_word' id='word_1_270' title='bbox 925 1965 1141 2004; x_wconf 82' lang='lat' dir='ltr'><strong>exclamari</strong></span> <span class='ocrx_word' id='word_1_271' title='bbox 1180 1966 1283 2004; x_wconf 88' lang='lat' dir='ltr'><strong>haec</strong></span> <span class='ocrx_word' id='word_1_272' title='bbox 1320 1971 1436 2003; x_wconf 86' lang='lat' dir='ltr'><strong>recte</strong></span> <span class='ocrx_word' id='word_1_273' title='bbox 1477 1969 1687 2016; x_wconf 85' lang='lat' dir='ltr'><strong>putentur,</strong></span> 
     </span>
     <span class='ocr_line' id='line_1_33' title="bbox 223 2021 1686 2074; baseline -0.003 -12"><span class='ocrx_word' id='word_1_274' title='bbox 223 2033 266 2062; x_wconf 88' lang='lat' dir='ltr'><strong>et</strong></span> <span class='ocrx_word' id='word_1_275' title='bbox 296 2024 565 2063; x_wconf 83' lang='lat' dir='ltr'><strong>confirmandi</strong></span> <span class='ocrx_word' id='word_1_276' title='bbox 600 2023 797 2074; x_wconf 84' lang='lat' dir='ltr'><strong>particula</strong></span> <span class='ocrx_word' id='word_1_277' title='bbox 830 2025 969 2061; x_wconf 87' lang='lat' dir='ltr'><strong>enim</strong></span> <span class='ocrx_word' id='word_1_278' title='bbox 1002 2022 1195 2072; x_wconf 85' lang='lat' dir='ltr'><strong>prohibet</strong></span> <span class='ocrx_word' id='word_1_279' title='bbox 1239 2028 1280 2059; x_wconf 86' lang='lat' dir='ltr'><strong>et</strong></span> <span class='ocrx_word' id='word_1_280' title='bbox 1318 2021 1436 2071; x_wconf 75' lang='lat' dir='ltr'><strong>longa</strong></span> <span class='ocrx_word' id='word_1_281' title='bbox 1467 2022 1686 2058; x_wconf 88' lang='lat' dir='ltr'><strong>uerborum</strong></span> 
     </span>
     <span class='ocr_line' id='line_1_34' title="bbox 223 2075 1688 2129; baseline -0.004 -11"><span class='ocrx_word' id='word_1_282' title='bbox 223 2083 372 2128; x_wconf 81' lang='lat' dir='ltr'><strong>series,</strong></span> <span class='ocrx_word' id='word_1_283' title='bbox 414 2082 454 2117; x_wconf 90' lang='lat' dir='ltr'><strong>iu</strong></span> <span class='ocrx_word' id='word_1_284' title='bbox 495 2093 571 2129; x_wconf 79' lang='lat' dir='ltr'><strong>qua</strong></span> <span class='ocrx_word' id='word_1_285' title='bbox 619 2080 780 2129; x_wconf 79' lang='lat' dir='ltr'><strong>singula</strong></span> <span class='ocrx_word' id='word_1_286' title='bbox 828 2092 1013 2129; x_wconf 88' lang='lat' dir='ltr'><strong>quaeque</strong></span> <span class='ocrx_word' id='word_1_287' title='bbox 1065 2080 1120 2115; x_wconf 84' lang='lat' dir='ltr'><strong>ita</strong></span> <span class='ocrx_word' id='word_1_288' title='bbox 1168 2077 1361 2128; x_wconf 78' lang='lat' dir='ltr'><strong>explicari</strong></span> <span class='ocrx_word' id='word_1_289' title='bbox 1404 2089 1500 2114; x_wconf 88' lang='lat' dir='ltr'><strong>uere</strong></span> <span class='ocrx_word' id='word_1_290' title='bbox 1543 2075 1688 2113; x_wconf 82' lang='lat' dir='ltr'><strong>Bakius</strong></span> 
     </span>
     <span class='ocr_line' id='line_1_35' title="bbox 223 2130 1690 2186; baseline -0.003 -12"><span class='ocrx_word' id='word_1_291' title='bbox 223 2136 529 2185; x_wconf 86' lang='lat' dir='ltr'><strong>animaduertit,</strong></span> <span class='ocrx_word' id='word_1_292' title='bbox 574 2140 616 2173; x_wconf 90' lang='lat' dir='ltr'><strong>ut</strong></span> <span class='ocrx_word' id='word_1_293' title='bbox 648 2137 686 2172; x_wconf 91' lang='lat' dir='ltr'><strong>in</strong></span> <span class='ocrx_word' id='word_1_294' title='bbox 720 2135 1043 2186; x_wconf 86' lang='lat' dir='ltr'><strong>descriptionem</strong></span> <span class='ocrx_word' id='word_1_295' title='bbox 1078 2133 1241 2182; x_wconf 83' lang='lat' dir='ltr'><strong>cadant,</strong></span> <span class='ocrx_word' id='word_1_296' title='bbox 1274 2146 1353 2171; x_wconf 88' lang='lat' dir='ltr'><strong>non</strong></span> <span class='ocrx_word' id='word_1_297' title='bbox 1388 2138 1430 2170; x_wconf 90' lang='lat' dir='ltr'><strong>ut</strong></span> <span class='ocrx_word' id='word_1_298' title='bbox 1459 2130 1690 2183; x_wconf 87' lang='lat' dir='ltr'><strong>percellant</strong></span> 
     </span>
     <span class='ocr_line' id='line_1_36' title="bbox 225 2188 1688 2244; baseline -0.004 -13"><span class='ocrx_word' id='word_1_299' title='bbox 225 2196 516 2244; x_wconf 87' lang='lat' dir='ltr'><strong>spectatorem.</strong></span> <span class='ocrx_word' id='word_1_300' title='bbox 578 2192 838 2242; x_wconf 83' lang='lat' dir='ltr'><strong>Quapropter</strong></span> <span class='ocrx_word' id='word_1_301' title='bbox 877 2204 956 2228; x_wconf 89' lang='lat' dir='ltr'><strong>non</strong></span> <span class='ocrx_word' id='word_1_302' title='bbox 998 2190 1179 2227; x_wconf 84' lang='lat' dir='ltr'><strong>dubitaui</strong></span> <span class='ocrx_word' id='word_1_303' title='bbox 1218 2189 1406 2239; x_wconf 89' lang='lat' dir='ltr'><strong>equidem</strong></span> <span class='ocrx_word' id='word_1_304' title='bbox 1440 2201 1530 2226; x_wconf 91' lang='lat' dir='ltr'><strong>cum</strong></span> <span class='ocrx_word' id='word_1_305' title='bbox 1564 2188 1688 2225; x_wconf 82' lang='lat' dir='ltr'><strong>Bakio</strong></span> 
     </span>
     <span class='ocr_line' id='line_1_37' title="bbox 223 2245 1689 2300; baseline -0.004 -13"><span class='ocrx_word' id='word_1_306' title='bbox 223 2250 411 2300; x_wconf 85' lang='lat' dir='ltr'><strong>recipere</strong></span> <span class='ocrx_word' id='word_1_307' title='bbox 444 2249 740 2285; x_wconf 85' lang='lat' dir='ltr'><strong>correctionem</strong></span> <span class='ocrx_word' id='word_1_308' title='bbox 776 2249 971 2284; x_wconf 89' lang='lat' dir='ltr'><strong>etenim</strong></span> <span class='ocrx_word' id='word_1_309' title='bbox 1005 2248 1043 2283; x_wconf 90' lang='lat' dir='ltr'><strong>in</strong></span> <span class='ocrx_word' id='word_1_310' title='bbox 1078 2245 1169 2283; x_wconf 83' lang='lat' dir='ltr'><strong>cod.</strong></span> <span class='ocrx_word' id='word_1_311' title='bbox 1203 2255 1234 2292; x_wconf 74' lang='grc' dir='ltr'><em>γ</em></span> <span class='ocrx_word' id='word_1_312' title='bbox 1272 2250 1470 2283; x_wconf 85' lang='lat' dir='ltr'><strong>tentatam</strong></span> <span class='ocrx_word' id='word_1_313' title='bbox 1515 2249 1557 2281; x_wconf 91' lang='lat' dir='ltr'><strong>et</strong></span> <span class='ocrx_word' id='word_1_314' title='bbox 1594 2249 1689 2281; x_wconf 87' lang='lat' dir='ltr'><strong>ante</strong></span> 
     </span>
     <span class='ocr_line' id='line_1_38' title="bbox 226 2302 1366 2349; baseline -0.004 -6"><span class='ocrx_word' id='word_1_315' title='bbox 226 2320 247 2343; x_wconf 83' lang='lat' dir='ltr'><strong>a</strong></span> <span class='ocrx_word' id='word_1_316' title='bbox 281 2305 420 2343; x_wconf 87' lang='lat' dir='ltr'><strong>Lamb.</strong></span> <span class='ocrx_word' id='word_1_317' title='bbox 455 2303 542 2349; x_wconf 85' lang='lat' dir='ltr'><strong>(ed.</strong></span> <span class='ocrx_word' id='word_1_318' title='bbox 582 2302 722 2346; x_wconf 75' lang='grc'><strong>1566.)</strong></span> <span class='ocrx_word' id='word_1_319' title='bbox 757 2304 856 2341; x_wconf 85' lang='lat' dir='ltr'><strong>Dau.</strong></span> <span class='ocrx_word' id='word_1_320' title='bbox 894 2303 988 2341; x_wconf 68' lang='lat' dir='ltr'><strong>Ern.</strong></span> <span class='ocrx_word' id='word_1_321' title='bbox 1020 2302 1366 2340; x_wconf 85' lang='lat' dir='ltr'><strong>commendatam.</strong></span> 
     </span>
    </p>

    <p class='ocr_par' dir='ltr' id='par_1_7' title="bbox 225 2354 1691 2805">
     <span class='ocr_line' id='line_1_39' title="bbox 339 2354 1691 2411; baseline -0.004 -14"><span class='ocrx_word' id='word_1_322' title='bbox 339 2360 473 2411; x_wconf 90' lang='lat' dir='ltr'><strong>quod</strong></span> <span class='ocrx_word' id='word_1_323' title='bbox 506 2361 642 2397; x_wconf 85' lang='lat' dir='ltr'><strong>satis</strong></span> <span class='ocrx_word' id='word_1_324' title='bbox 676 2359 767 2409; x_wconf 73' lang='lat' dir='ltr'><strong>sit]</strong></span> <span class='ocrx_word' id='word_1_325' title='bbox 830 2360 958 2397; x_wconf 86' lang='lat' dir='ltr'><strong>Praua</strong></span> <span class='ocrx_word' id='word_1_326' title='bbox 991 2364 1055 2396; x_wconf 85' lang='lat' dir='ltr'><strong>est</strong></span> <span class='ocrx_word' id='word_1_327' title='bbox 1088 2363 1129 2395; x_wconf 87' lang='lat' dir='ltr'><strong>et</strong></span> <span class='ocrx_word' id='word_1_328' title='bbox 1157 2358 1278 2395; x_wconf 87' lang='lat' dir='ltr'><strong>Lbini</strong></span> <span class='ocrx_word' id='word_1_329' title='bbox 1308 2358 1414 2395; x_wconf 88' lang='lat' dir='ltr'><strong>coni.</strong></span> <span class='ocrx_word' id='word_1_330' title='bbox 1449 2354 1617 2406; x_wconf 83' lang='lat' dir='ltr'><strong>quoad</strong></span> <span class='ocrx_word' id='word_1_331' title='bbox 1649 2360 1691 2392; x_wconf 86' lang='lat' dir='ltr'><strong>et</strong></span> 
     </span>
     <span class='ocr_line' id='line_1_40' title="bbox 225 2410 1688 2467; baseline -0.004 -12"><span class='ocrx_word' id='word_1_332' title='bbox 225 2417 394 2455; x_wconf 82' lang='lat' dir='ltr'><strong>aliorum</strong></span> <span class='ocrx_word' id='word_1_333' title='bbox 429 2420 696 2467; x_wconf 84' lang='lat' dir='ltr'><strong>quantum.</strong></span> <span class='ocrx_word' id='word_1_334' title='bbox 758 2417 847 2453; x_wconf 57' lang='lat' dir='ltr'><strong>Non</strong></span> <span class='ocrx_word' id='word_1_335' title='bbox 881 2429 972 2453; x_wconf 85' lang='lat' dir='ltr'><strong>raro</strong></span> <span class='ocrx_word' id='word_1_336' title='bbox 1007 2421 1051 2452; x_wconf 84' lang='lat' dir='ltr'><strong>ta</strong></span> <span class='ocrx_word' id='word_1_337' title='bbox 1070 2419 1206 2452; x_wconf 88' lang='lat' dir='ltr'><strong>ntum</strong></span> <span class='ocrx_word' id='word_1_338' title='bbox 1245 2415 1396 2465; x_wconf 73' lang='lat' dir='ltr'><strong>excipit</strong></span> <span class='ocrx_word' id='word_1_339' title='bbox 1428 2424 1544 2463; x_wconf 86' lang='lat' dir='ltr'><strong>pron.</strong></span> <span class='ocrx_word' id='word_1_340' title='bbox 1571 2410 1688 2449; x_wconf 77' lang='lat' dir='ltr'><strong>relat.</strong></span> 
     </span>
     <span class='ocr_line' id='line_1_41' title="bbox 226 2469 1689 2523; baseline -0.005 -12"><span class='ocrx_word' id='word_1_341' title='bbox 226 2488 248 2512; x_wconf 83' lang='lat' dir='ltr'><strong>a</strong></span> <span class='ocrx_word' id='word_1_342' title='bbox 278 2473 413 2511; x_wconf 87' lang='lat' dir='ltr'><strong>modi</strong></span> <span class='ocrx_word' id='word_1_343' title='bbox 446 2473 723 2523; x_wconf 84' lang='lat' dir='ltr'><strong>descriptione</strong></span> <span class='ocrx_word' id='word_1_344' title='bbox 756 2473 943 2510; x_wconf 88' lang='lat' dir='ltr'><strong>oratione</strong></span> <span class='ocrx_word' id='word_1_345' title='bbox 975 2471 1127 2509; x_wconf 87' lang='lat' dir='ltr'><strong>leuiter</strong></span> <span class='ocrx_word' id='word_1_346' title='bbox 1158 2470 1314 2508; x_wconf 83' lang='lat' dir='ltr'><strong>deflexa</strong></span> <span class='ocrx_word' id='word_1_347' title='bbox 1354 2469 1404 2507; x_wconf 87' lang='lat' dir='ltr'><strong>ad</strong></span> <span class='ocrx_word' id='word_1_348' title='bbox 1440 2469 1689 2518; x_wconf 84' lang='lat' dir='ltr'><strong>descriptio-</strong></span> 
     </span>
     <span class='ocr_line' id='line_1_42' title="bbox 225 2523 1688 2581; baseline -0.005 -14"><span class='ocrx_word' id='word_1_349' title='bbox 225 2543 319 2568; x_wconf 91' lang='lat' dir='ltr'><strong>nem</strong></span> <span class='ocrx_word' id='word_1_350' title='bbox 353 2531 536 2581; x_wconf 83' lang='lat' dir='ltr'><strong>generis.</strong></span> <span class='ocrx_word' id='word_1_351' title='bbox 590 2529 696 2566; x_wconf 42' lang='lat' dir='ltr'><strong>l‘line</strong></span> <span class='ocrx_word' id='word_1_352' title='bbox 727 2530 765 2565; x_wconf 86' lang='lat' dir='ltr'><strong>in</strong></span> <span class='ocrx_word' id='word_1_353' title='bbox 798 2529 875 2566; x_wconf 86' lang='lat' dir='ltr'><strong>hoc</strong></span> <span class='ocrx_word' id='word_1_354' title='bbox 906 2541 1060 2579; x_wconf 70' lang='lat' dir='ltr'><strong>genere</strong></span> <span class='ocrx_word' id='word_1_355' title='bbox 1092 2530 1239 2577; x_wconf 82' lang='lat' dir='ltr'><strong>regnat</strong></span> <span class='ocrx_word' id='word_1_356' title='bbox 1262 2526 1559 2565; x_wconf 88' lang='lat' dir='ltr'><strong>coniunctiuus.</strong></span> <span class='ocrx_word' id='word_1_357' title='bbox 1602 2523 1688 2561; x_wconf 83' lang='lat' dir='ltr'><strong>Cic.</strong></span> 
     </span>
     <span class='ocr_line' id='line_1_43' title="bbox 226 2580 1689 2636; baseline -0.005 -12"><span class='ocrx_word' id='word_1_358' title='bbox 226 2587 352 2624; x_wconf 87' lang='lat' dir='ltr'><strong>Tusc.</strong></span> <span class='ocrx_word' id='word_1_359' title='bbox 399 2587 458 2635; x_wconf 86' lang='lat' dir='ltr'><strong>V,</strong></span> <span class='ocrx_word' id='word_1_360' title='bbox 500 2584 570 2625; x_wconf 85' lang='lat'><strong>32.</strong></span> <span class='ocrx_word' id='word_1_361' title='bbox 613 2582 678 2624; x_wconf 82' lang='grc'><strong>91,</strong></span> <span class='ocrx_word' id='word_1_362' title='bbox 710 2586 777 2623; x_wconf 87' lang='lat' dir='ltr'><strong>iis</strong></span> <span class='ocrx_word' id='word_1_363' title='bbox 817 2590 1015 2623; x_wconf 87' lang='lat' dir='ltr'><strong>tantum</strong></span> <span class='ocrx_word' id='word_1_364' title='bbox 1060 2584 1332 2636; x_wconf 84' lang='lat' dir='ltr'><strong>apposuit,</strong></span> <span class='ocrx_word' id='word_1_365' title='bbox 1377 2580 1514 2631; x_wconf 87' lang='lat' dir='ltr'><strong>quod</strong></span> <span class='ocrx_word' id='word_1_366' title='bbox 1557 2582 1689 2617; x_wconf 86' lang='lat' dir='ltr'><strong>satis</strong></span> 
     </span>
     <span class='ocr_line' id='line_1_44' title="bbox 227 2635 1691 2692; baseline -0.006 -12"><span class='ocrx_word' id='word_1_367' title='bbox 227 2648 397 2692; x_wconf 85' lang='lat' dir='ltr'><strong>esset,</strong></span> <span class='ocrx_word' id='word_1_368' title='bbox 444 2641 590 2679; x_wconf 88' lang='lat' dir='ltr'><strong>nullo</strong></span> <span class='ocrx_word' id='word_1_369' title='bbox 641 2647 919 2692; x_wconf 87' lang='lat' dir='ltr'><strong>apparatu.</strong></span> <span class='ocrx_word' id='word_1_370' title='bbox 967 2643 1043 2679; x_wconf 88' lang='lat' dir='ltr'><strong>Ac.</strong></span> <span class='ocrx_word' id='word_1_371' title='bbox 1088 2641 1147 2689; x_wconf 91' lang='grc' dir='ltr'><strong>ΙΙ,</strong></span> <span class='ocrx_word' id='word_1_372' title='bbox 1190 2637 1258 2679; x_wconf 83' lang='grc'><strong>39.</strong></span> <span class='ocrx_word' id='word_1_373' title='bbox 1305 2638 1398 2677; x_wconf 87' lang='grc'><strong>122.</strong></span> <span class='ocrx_word' id='word_1_374' title='bbox 1447 2642 1500 2675; x_wconf 86' lang='lat' dir='ltr'><strong>ut</strong></span> <span class='ocrx_word' id='word_1_375' title='bbox 1543 2635 1691 2673; x_wconf 85' lang='lat' dir='ltr'><strong>nulla</strong></span> 
     </span>
     <span class='ocr_line' id='line_1_45' title="bbox 227 2698 1689 2747; baseline -0.005 -11"><span class='ocrx_word' id='word_1_376' title='bbox 227 2700 373 2736; x_wconf 83' lang='lat' dir='ltr'><strong>acies</strong></span> <span class='ocrx_word' id='word_1_377' title='bbox 404 2698 609 2736; x_wconf 85' lang='lat' dir='ltr'><strong>humaui</strong></span> <span class='ocrx_word' id='word_1_378' title='bbox 651 2699 855 2747; x_wconf 76' lang='lat' dir='ltr'><strong>ingenii</strong></span> <span class='ocrx_word' id='word_1_379' title='bbox 899 2703 1050 2735; x_wconf 86' lang='lat' dir='ltr'><strong>tanta</strong></span> <span class='ocrx_word' id='word_1_380' title='bbox 1088 2699 1185 2745; x_wconf 86' lang='lat' dir='ltr'><strong>sit,</strong></span> <span class='ocrx_word' id='word_1_381' title='bbox 1224 2707 1353 2745; x_wconf 86' lang='lat' dir='ltr'><strong>quae</strong></span> <span class='ocrx_word' id='word_1_382' title='bbox 1395 2698 1689 2744; x_wconf 86' lang='lat' dir='ltr'><strong>penetrare</strong></span> 
     </span>
     <span class='ocr_line' id='line_1_46' title="bbox 226 2747 1689 2805; baseline -0.005 -13"><span class='ocrx_word' id='word_1_383' title='bbox 226 2757 273 2792; x_wconf 87' lang='lat' dir='ltr'><strong>in</strong></span> <span class='ocrx_word' id='word_1_384' title='bbox 308 2754 524 2804; x_wconf 77' lang='lat' dir='ltr'><strong>caelum,</strong></span> <span class='ocrx_word' id='word_1_385' title='bbox 555 2758 753 2791; x_wconf 86' lang='lat' dir='ltr'><strong>terram</strong></span> <span class='ocrx_word' id='word_1_386' title='bbox 790 2756 996 2792; x_wconf 85' lang='lat' dir='ltr'><strong>intrare</strong></span> <span class='ocrx_word' id='word_1_387' title='bbox 1028 2753 1216 2805; x_wconf 86' lang='lat' dir='ltr'><strong>possit.</strong></span> <span class='ocrx_word' id='word_1_388' title='bbox 1240 2751 1288 2789; x_wconf 89' lang='lat' dir='ltr'><strong>ad</strong></span> <span class='ocrx_word' id='word_1_389' title='bbox 1312 2751 1426 2788; x_wconf 86' lang='lat' dir='ltr'><strong>Fam.</strong></span> <span class='ocrx_word' id='word_1_390' title='bbox 1451 2747 1689 2798; x_wconf 72' lang='lat' dir='ltr'><strong>XV‚11.1.</strong></span> 
     </span>
    </p>
   </div>
   <div class='ocr_carea' id='block_1_3' title="bbox 1753 2085 1781 3192">
    <p class='ocr_par' dir='ltr' id='par_1_8' title="bbox 1753 2085 1781 3192">
     <span class='ocr_line' id='line_1_47' title="bbox 1753 2085 1781 3192; baseline 0 0"><span class='ocrx_word' id='word_1_391' title='bbox 1753 2085 1781 3192; x_wconf 95' lang='lat' dir='ltr'><strong> </strong></span> 
     </span>
    </p>
   </div>
  </div>
 </body>
</html>
