1781 3192
203 146 296 187 500
768 145 839 183 DF:
872 145 1102 184 LEGfflUS

323 264 376 297 ut
407 261 557 296 esset
587 255 774 308 populi
798 261 1047 307 potestas
1076 255 1158 311 (sc.
1184 255 1272 309 ea),
1304 257 1363 296 ad
1388 272 1530 308 quam
1563 273 1673 311 pro-

210 321 524 362 uocaretur,
554 315 579 351 i.
617 324 652 352 e.
684 318 727 350 ut
757 311 898 365 populi
929 319 1115 364 potestas
1147 316 1429 367 prouocationi
1465 314 1674 366 relinque-

208 378 351 421 retur,
384 383 463 408 non
496 371 584 420 ipsa
622 370 792 420 primam
833 369 1125 408 iudicationem
1166 372 1353 410 haberet.
1416 371 1568 420 Gzius,
1610 373 1674 421 qui

212 431 270 468 sic
302 430 597 477 interpretatus
631 432 719 464 est:
751 432 829 476 „ut
857 425 906 464 ad
938 427 1130 481 populum
1164 430 1400 479 prouocatio
1427 435 1540 465 esset
1572 434 1675 465 tam-

213 498 329 534 quam
384 483 434 520 ad
480 495 714 533 supremum
769 483 979 521 iudicen1“
1027 486 1168 522 nescio
1218 499 1265 523 an
1321 485 1429 522 idem
1485 485 1675 523 senserit.

210 542 445 591 Zumptius,
477 540 545 588 qui
578 540 636 577 sic
667 542 894 578 conuertit:
941 540 1007 578 die
1041 542 1266 591 Gerichte,
1304 542 1411 579 ohne
1451 540 1570 578 dabei
1612 540 1679 578 die

211 598 353 637 Macht
382 596 454 633 des
487 592 664 645 Volkes,
699 598 771 634 auf
799 596 870 635 das
904 610 994 634 man
1030 598 1120 635 sich
1152 598 1323 636 berufen
1364 598 1495 647 kann,
1535 597 1679 635 aufzu-

211 653 378 705 geben“
413 666 491 690 non
526 651 820 690 animaduertit
853 653 1000 691 disseri
1032 654 1070 693 h.
1104 653 1157 704 l.,
1190 654 1287 706 quid
1319 660 1486 692 secutus
1518 654 1680 691 Marcus

211 712 290 750 hoc
323 710 655 761 praescripserit.
718 709 892 759 Bakins,
936 711 1028 760 quia
1069 711 1146 749 hoc
1186 716 1308 762 caput
1346 717 1502 748 tantum
1536 708 1586 747 ad
1618 710 1680 747 ius

212 769 523 818 magistratuum
559 770 769 817 spectaret
800 779 877 804 nec
909 766 962 804 de
1004 766 1182 818 populo,
1227 767 1277 805 ad
1320 780 1438 818 quem
1483 779 1681 818 prouoca-

212 829 346 873 retur,
379 828 524 874 posset
555 824 751 872 cogitari,
794 824 997 861 coniecit:
1043 830 1093 861 ut
1133 823 1327 875 populo
1369 825 1395 861 i.
1428 837 1465 861 e.
1509 824 1682 874 priuatis

215 884 366 920 esset
394 884 657 930 potestaS.
719 878 969 917 insolentius
1002 887 1066 918 est
1096 881 1138 918 h.
1162 879 1191 918 l.
1229 886 1391 931 teinpus
1414 881 1682 931 praeteritum

217 942 365 976 esset
394 959 447 964 ———
475 934 837 986 impedirent,
869 949 940 987 pro
974 950 1050 987 quo
1075 939 1380 988 exspectaueris
1414 939 1484 974 sit
1516 958 1567 963 -—
1597 937 1685 973 im-

213 994 445 1047 pediant.
508 991 590 1029 Sed
625 1004 719 1030 usus
750 998 815 1031 est
845 992 916 1030 illo
956 998 1127 1045 propter
1162 995 1373 1032 subnatam
1416 993 1683 1044 praescripti-

216 1052 306 1090 onis
336 1051 414 1088 iam
445 1054 538 1087 ante
570 1049 779 1100 perfectae
811 1050 1035 1089 notionem.
1091 1050 1154 1089 Cf.
1190 1063 1292 1102 quae
1324 1051 1378 1089 de
1401 1048 1524 1088 simili
1548 1050 1685 1087 notio-

217 1121 313 1147 num
348 1112 391 1144 et
420 1112 650 1156 temporum
685 1105 872 1157 enallage
906 1106 986 1144 dixi
1015 1106 1044 1146 Ι.
1079 1107 1111 1158 ᾧ.
1144 1107 1214 1147 58.

333 1175 391 1202 ex
441 1164 508 1200 iis
556 1175 645 1199 cum
686 1162 797 1203 Uict.
836 1163 982 1202 Lamb.
1023 1164 1091 1204 Or.
1132 1164 1257 1202 Bakio
1298 1164 1438 1214 recepi
1478 1175 1528 1201 ex
1567 1160 1685 1202 codd.

218 1219 353 1270 dem,
405 1220 499 1270 quia
549 1219 588 1257 in
636 1219 741 1256 hanc
788 1218 1024 1270 generalem
1077 1221 1136 1258 rei
1187 1221 1509 1270 descriptionem
1560 1220 1687 1269 magis

217 1289 445 1330 pronomen
480 1276 520 1330 is
552 1288 668 1325 quam
700 1275 787 1313 hic
819 1275 968 1313 cadere
1000 1277 1182 1325 uidetur3
1217 1275 1361 1326 reliqui
1393 1289 1451 1313 ex
1480 1276 1578 1313 his.

336 1331 616 1381 efficitur]
678 1332 735 1369 Ut
778 1337 891 1369 recte
931 1332 1191 1370 efficitur
1237 1332 1317 1369 dici
1366 1332 1685 1380 demonstraret,

219 1389 370 1427 Bakins
404 1387 585 1425 laudauit
616 1386 741 1425 Drak.
776 1387 827 1424 ad
859 1388 949 1425 Liu.
980 1387 1135 1437 XXIX,
1167 1387 1236 1428 35.
1275 1388 1339 1427 10.
1373 1388 1486 1424 Cort.
1519 1387 1567 1423 ad
1595 1387 1688 1425 Diu.

222 1446 293 1497 xl,
332 1444 393 1486 10,
427 1444 466 1484 ἴ).
504 1440 616 1483 Vell.
649 1444 740 1482 Pat.
772 1440 830 1493 II,
871 1442 940 1484 73.
982 1442 1023 1483 3.
1085 1441 1298 1482 Immerito
1331 1444 1477 1483 Creuz.
1510 1447 1552 1480 et
1582 1443 1690 1481 Mos.

221 1516 270 1541 ex
311 1506 454 1554 aperto
492 1501 594 1541 dett.
635 1500 756 1539 codd.
791 1501 940 1538 mendo
969 1506 1188 1539 senatus
1225 1499 1475 1539 consulto
1509 1498 1691 1537 effici-

222 1567 310 1598 tur
341 1560 615 1597 coniecturam
639 1564 932 1608 expresserunt
962 1563 1177 1596 senatus
1201 1558 1514 1596 conficitur.
1574 1555 1693 1605 Quod

223 1629 322 1654 uere
355 1616 502 1653 Bakius
535 1615 639 1653 dixit
670 1613 894 1665 displicere
920 1613 986 1652 uel
1008 1621 1245 1668 propterea,
1279 1614 1386 1666 quod
1413 1613 1692 1652 conficere

224 1672 276 1712 de
308 1678 422 1711 certo
454 1685 624 1711 numero
657 1670 882 1721 diceretur,
914 1670 1074 1709 sublata
1112 1678 1248 1710 autem
1288 1675 1553 1722 cooptatione
1593 1682 1691 1708 cen-

225 1730 336 1768 soria
383 1733 550 1767 senatus
600 1729 744 1766 annuis
789 1729 1097 1779 magistratibus
1151 1730 1258 1767 aucti
1307 1733 1444 1766 certus
1497 1739 1691 1764 numerus

227 1787 397 1837 cogitari
441 1798 523 1824 non
560 1789 715 1837 posset.
788 1784 902 1823 Male
943 1785 1097 1823 Lbinus
1139 1786 1490 1823 constituitur
1530 1784 1696 1835 scripsit

226 1856 302 1896 pro
335 1842 612 1892 efficitur,
645 1843 882 1894 peruersius
915 1844 1036 1879 etiam
1064 1843 1161 1881 Dan.
1196 1843 1297 1880 haec
1329 1842 1528 1879 coniecit:
1562 1839 1696 1892 quod

228 1906 448 1939 senatus
480 1902 721 1948 constat,
754 1899 1001 1937 efficitur
1032 1897 1286 1950 populare
1317 1899 1367 1937 id
1400 1910 1543 1936 sane.

344 1954 609 2008 populare
658 1954 761 2005 est]
839 1956 956 1995 IIanc
999 1956 1181 1994 Turnebi
1235 1958 1546 2004 coniecturam,
1593 1966 1697 2005 quae

228 2013 382 2052 Rathio
424 2025 585 2064 quoque
625 2012 782 2064 placuit
820 2026 898 2051 nec
939 2011 1150 2063 displicuit
1186 2013 1377 2061 Mosero,
1424 2012 1563 2062 recepi
1604 2023 1695 2048 cum

225 2070 339 2110 Man.
371 2074 414 2108 et
443 2070 598 2119 Lbino,
646 2069 740 2119 quia
779 2070 819 2107 in
858 2071 934 2108 hac
964 2069 1153 2119 longiore
1185 2071 1389 2108 sententia
1421 2080 1544 2118 aegre
1573 2068 1696 2105 uerbo

229 2140 441 2174 caremus3
475 2138 605 2177 eaque
635 2124 756 2176 plane
786 2127 1051 2163 confirmatur
1081 2125 1173 2162 cod.
1206 2127 1317 2162 arch.
1352 2124 1500 2161 mendo
1533 2135 1697 2174 popu-

228 2182 391 2221 larem
426 2180 675 2234 (popular
692 2178 755 2233 ἔ),
789 2181 895 2232 quod
930 2183 1017 2219 sine
1052 2180 1128 2218 ulla
1168 2181 1306 2219 mendi
1339 2181 1571 2231 suspicione
1594 2180 1695 2216 Ern.

231 2239 419 2279 retinuit.
480 2239 680 2277 Nimirum
713 2245 810 2276 nota
839 2240 952 2276 uerbi
988 2243 1071 2275 est
1113 2236 1187 2290 (ἶ)
1229 2239 1430 2276 exstincta
1473 2241 1537 2273 est
1575 2246 1696 2287 prae-

231 2295 418 2335 cedentis
461 2293 644 2333 uocabuli
682 2294 820 2334 littera
860 2300 1092 2345 postrema3
1135 2308 1212 2346 quo
1249 2295 1358 2332 facto
1392 2293 1472 2333 duo
1504 2289 1699 2332 uocabula

229 2354 402 2393 conflata
433 2353 473 2390 in
506 2365 628 2390 unum
659 2357 767 2390 sunt.
828 2352 1064 2390 Schefferus
1090 2364 1288 2402 peruerse
1313 2351 1511 2388 coniecit:
1544 2361 1698 2402 popu-

231 2411 371 2460 lare,
397 2409 601 2459 Marce,
635 2422 781 2457 sane3
809 2409 931 2447 Goer.
959 2409 1053 2448 sch.
1081 2409 1187 2447 Mos.
1217 2406 1423 2447 Orellius:
1447 2406 1701 2459 populare

236 2478 382 2517 sane,
415 2465 566 2504 mendo
595 2464 779 2514 sublato,
812 2479 890 2503 non
931 2471 1092 2504 sanato.
1155 2466 1349 2504 Ceterum
1388 2464 1491 2503 hanc
1532 2468 1699 2502 senatus

237 2523 370 2561 fuisse
416 2523 697 2562 conditionem
740 2523 950 2561 Ciceronis
993 2527 1129 2561 aetate
1182 2535 1278 2560 uere
1318 2521 1467 2559 Baiias
1515 2519 1700 2558 animad-

239 2581 383 2630 uertit,
413 2575 480 2631 q'ui
512 2584 677 2631 praeter
698 2580 849 2618 Rubin.
882 2580 1049 2619 Unters.
1078 2581 1104 2620 Ι.
1136 2593 1177 2631 p.
1206 2579 1297 2619 150.
1329 2583 1416 2617 not.
1441 2577 1482 2617 2.
1516 2576 1703 2614 laudauit

236 2637 327 2676 cic.
359 2650 432 2688 pro
464 2635 802 2686 Sest.65,137.
845 2636 1220 2688 deligerentur
1250 2637 1298 2673 in
1331 2634 1383 2673 id
1413 2633 1701 2672 consilium

239 2695 298 2732 ab
332 2695 585 2733 uniuerso
624 2694 817 2746 populo
860 2693 1147 2744 aditusque
1187 2694 1234 2730 in
1275 2691 1422 2730 illum
1464 2690 1702 2728 ordinem

242 2751 471 2789 omnium
504 2751 693 2788 ciuium
725 2751 1026 2789 industriae
1068 2764 1120 2789 ac
1154 2749 1343 2788 uirtuti
1368 2753 1608 2800 pateret;
1638 2748 1702 2785 in-
