1781 3192
1469 155 1527 195 &l

1530 155 1561 194 es

497 155 694 197 RERUM
729 154 800 194 ΕΤ
836 152 1161 196 VERBORUM.

96 278 319 313 pronomen
343 279 445 313 pars.
471 268 592 301 omiss.
619 268 653 300 in
683 277 753 299 acc.
783 278 811 298 c.
843 266 1027 309 quonium
1055 267 1211 300 restitut.
1250 277 1315 309 pro
1341 275 1456 310 quum
1485 267 1559 299 328.

147 314 211 347 ins.
238 316 292 346 97.
319 315 398 347 290.
424 315 499 347 324.
542 323 754 356 expressum
780 312 815 344 in
842 313 1027 354 qemm'am
1053 312 1210 356 quidem
1235 313 1311 345 252.

142 360 301 402 cogitata
334 363 395 392 aut
430 359 615 392 declarata
636 357 816 391 contraria
844 358 948 389 ratio
973 373 1031 390 =
1056 357 1276 401 computatio
1307 358 1380 390 154.

142 406 278 438 ratione
313 406 386 437 125.
415 406 488 437 164.
518 406 595 438 141.
844 413 984 446 reapse
1011 405 1089 437 279.

102 462 201 494 prou.
227 451 423 482 demonstr.
449 448 511 482 Ιιίι·
537 453 573 482 et
599 450 631 481 is
657 447 736 480 diff.
762 449 815 479 29.
844 448 1026 481 recedere
1051 460 1076 482 a
1103 453 1250 482 natura
1278 449 1338 481 rei
1362 449 1414 480 94.

147 498 201 529 75.
229 499 286 528 88.
320 497 393 528 102.
424 497 500 528 116.
532 495 606 527 123.
634 495 713 526 200.
740 494 814 525 245.
845 491 996 535 referre
1025 505 1137 539 opem
1169 496 1247 528 324.

146 542 221 574 304.
250 539 314 572 ille
340 541 422 573 292.
462 538 663 582 pronomini
689 549 816 580 supcr-
845 538 983 583 reli-qiu
1015 543 1087 574 168.

153 585 312 619 additum
361 586 437 618 102.
492 586 566 618 isle
618 586 694 618 102.
740 586 816 617 278.
845 583 1016 628 reliquus
1041 588 1117 619 248.

148 630 260 664 indes.
294 629 445 673 aliquid
485 634 520 663 et
561 629 723 674 aliquod
761 631 815 661 96.
846 630 1037 674 repedare
1066 633 1143 664 277.

144 676 307 720 quidam
335 677 384 709 16.
411 677 487 709 251.
537 678 747 719 quiequam
783 678 819 705 et
845 675 1133 719 reprehendere
1159 688 1215 708 =
1245 678 1438 708 retractare
1468 676 1542 707 185.

146 721 241 766 quill
265 723 342 755 246.
386 722 594 765 quisquam
633 725 668 754 et
712 721 817 763 quis-
845 722 1061 764 reprimere
1089 733 1140 756 sc.
1167 733 1224 754 res
1250 724 1328 755 204.

136 768 244 811 piam
272 769 349 800 277.
392 768 554 811 quisque
585 768 662 800 330.
705 765 817 798 inter·
845 776 907 797 res
935 767 978 799 dc
1005 768 1113 801 rebus
1141 771 1263 801 mente
1290 764 1559 810 comprehensis

143 812 313 855 rogatiua
359 812 464 855 plura
511 811 582 845 sibi
628 811 819 845 subiuncta
889 813 942 845 31.

150 859 223 890 116.
843 857 1018 891 residere
1039 857 1169 901 ferias
1195 860 1271 892 222.

99 902 309 946 pronomina
342 903 410 936 rel.
441 907 504 936 aut
525 903 720 937 demonstr.
746 913 817 935 non
844 903 986 936 ricinia
1015 905 1094 938 234.

144 952 310 981 accurrate
354 949 472 982 relata
517 950 562 982 ad
611 960 687 982 rem
734 951 817 981 ante
844 959 990 992 reflare
1014 950 1090 982 267.
1130 949 1291 995 roqatz‘o
1318 949 1392 983 307.

143 993 377 1035 nominatam,
403 995 465 1026 sed
494 999 557 1027 aut
582 995 625 1028 ad
659 1005 718 1026 res
751 1005 817 1038 ge·
843 994 1022 1027 Sabazius
1043 997 1104 1028 189

143 1040 238 1072 neris
274 1039 434 1072 ciusdem
473 1041 525 1072 16.
565 1041 618 1073 73.
666 1042 729 1073 aut
772 1040 815 1072 ad
842 1050 961 1072 sacra
986 1038 1195 1073 sollemnia
1225 1040 1302 1073 153.

143 1085 350 1118 uniuersam
374 1085 559 1118 notionem
585 1087 640 1119 20.
657 1087 712 1118 83.
740 1086 814 1118 169.
842 1087 1028 1118 sacratae
1055 1084 1158 1129 loyes
1188 1086 1264 1118 150.

145 1133 224 1164 182.
262 1134 324 1163 aut
358 1131 402 1163 ad
438 1141 515 1162 rem
558 1141 600 1163 cx
639 1130 814 1163 orationis
841 1131 951 1163 Salus
980 1131 1053 1162 172.

143 1175 383 1219 perpetuitate
401 1176 616 1209 audiendam
643 1177 812 1209 165.216.
840 1185 936 1207 sane
965 1175 1040 1207 163.
1078 1185 1174 1207 sane
1201 1172 1330 1207 hercle
1357 1176 1433 1207 299.

143 1221 186 1254 ad
215 1221 442 1253 conium-tam
469 1221 653 1253 notionem
667 1223 722 1254 50.
735 1222 811 1252 247.
840 1224 982 1252 satura
1005 1218 1071 1251 lav
1095 1221 1171 1252 268.

142 1277 243 1309 pron.
266 1267 369 1298 relat.
397 1266 440 1298 ad
457 1266 709 1298 secundariam
729 1276 812 1297 sen-
840 1264 1055 1298 Saturninus
1083 1265 1159 1296 286.

142 1310 292 1344 tentiam
336 1311 492 1344 relatum
527 1312 579 1344 52.
622 1312 697 1344 118.
738 1312 811 1344 137.
839 1310 1019 1342 Scaeuola
1045 1308 1172 1351 pontif.
1202 1310 1231 1340 4.
1259 1308 1460 1341 Scaeuolae
1488 1312 1558 1339 irc-ss

142 1357 222 1390 217.
884 1355 1040 1387 maxime
1065 1353 1246 1387 nobilitati
1263 1355 1338 1388 209,

97 1411 197 1444 pron.
225 1400 427 1443 pronomini
462 1400 733 1444 superadditum
777 1399 811 1432 in
839 1400 997 1432 Scaurus
1022 1400 1071 1432 M.
1102 1401 1179 1432 314.

147 1446 417 1488 comparatione
453 1449 531 1480 255.
570 1458 670 1488 pron.
718 1446 798 1478 dem
839 1444 989 1478 scilic-ec
1016 1446 1069 1477 63.

142 1491 355 1535 epexegesis
400 1491 524 1525 addita
568 1494 623 1524 20.
658 1492 712 1523 41.
757 1502 813 1523 rcs
840 1492 1008 1524 wisc-ere
1035 1492 1090 1522 75.

141 1548 206 1579 per
229 1547 330 1579 pron.
358 1537 449 1571 dem.
467 1538 637 1570 uniuerso
657 1536 814 1569 indicata
839 1538 991 1581 scriptu
1014 1537 1171 1568 sancire
1199 1538 1252 1569 34.

144 1582 358 1625 explicatius
387 1583 515 1616 deinde
531 1583 739 1617 declaratur
759 1583 812 1616 28.
840 1594 880 1615 se
908 1592 972 1624 pro
997 1582 1081 1613 sine
1111 1582 1176 1615 238

95 1628 349 1672 propositum
374 1629 450 1661 217.
841 1626 1010 1660 secundo
1037 1628 1089 1658 65.

92 1683 265 1717 prorsus
292 1674 368 1706 179.
841 1672 910 1705 sec!
931 1674 1008 1705 232.
1037 1673 1114 1704 280.

92 1718 355 1761 prosopopoeia
379 1719 409 1751 3.
442 1720 516 1752 179.
548 1721 622 1752 188.
841 1723 988 1751 senatus
1015 1716 1211 1749 auctoritas
1236 1717 1313 1748 266.

94 1762 283 1796 Publicola
306 1764 382 1796 232.
841 1762 1020 1796 sententia
1046 1762 1172 1793 eadem
1199 1761 1326 1793 iterata
1350 1762 1402 1793 22.
1431 1770 1556 1793 secun*

94 1808 329 1852 Pythagorae
354 1808 487 1841 dictum
517 1809 593 1842 167.
890 1808 992 1841 daria
1036 1806 1234 1849 primariae
1281 1811 1434 1848 aequata
1478 1806 1555 1838 260.

95 1864 284 1898 quaerere
314 1854 390 1888 137.
887 1855 964 1886 331.
989 1852 1146 1885 relatiua
1166 1851 1209 1884 ad
1230 1851 1457 1884 coniunctam
1484 1850 1556 1892 pri-

93 1909 222 1943 quam,
245 1909 441 1943 perquam.
478 1902 550 1933 163.
889 1899 1040 1931 mariam
1087 1902 1123 1930 et
1155 1896 1403 1930 secundariam
1444 1897 1559 1928 relata

96 1955 166 1989 que
203 1945 238 1978 in
284 1945 360 1977 cod.
407 1945 502 1977 arch.
544 1946 718 1979 mnissnm
759 1946 811 1977 43.
885 1945 962 1977 316.

139 1991 194 2023 49.
218 1991 270 2022 67.
298 1990 332 2022 in
357 1991 575 2023 transeundo
602 1993 647 2024 al)
676 1991 750 2024 alia
774 2002 812 2023 re
837 1991 964 2022 senno
993 1992 1028 2021 et
1055 1998 1191 2021 censeo
1223 1990 1296 2021 179.

139 2035 182 2067 ad
212 2035 322 2067 aliam
356 2038 431 2069 155.
463 2038 538 2069 156.
571 2039 644 2070 174.
669 2038 748 2069 237.
776 2036 810 2068 ni
837 2046 968 2068 serere
991 2034 1151 2076 metaph.
1177 2035 1233 2066 35.

137 2080 340 2122 complendi
370 2082 443 2114 131.
472 2083 548 2114 246.
580 2084 657 2115 290.
690 2082 725 2114 ui
749 2093 810 2113 ex-
837 2090 965 2113 sermo
991 2083 1027 2112 et
1053 2078 1159 2111 locus
1182 2077 1378 2112 familiaris
1408 2078 1482 2109 149.

137 2125 295 2167 plicandi
319 2128 372 2159 82.
398 2127 475 2158 269.
836 2126 985 2159 Seruius
1011 2124 1194 2167 Sulpicius
1219 2125 1276 2157 30.

91 2170 156 2213 qui
181 2173 218 2202 et
243 2169 336 2213 quid
362 2172 435 2203 148.
835 2171 1032 2203 seneritas
1059 2171 1092 2202 8.

91 2216 187 2257 quia
221 2215 460 2257 praecedente
485 2226 584 2258 pron.
613 2216 808 2249 demonstr.
835 2217 871 2248 si
895 2226 965 2247 om.
993 2215 1070 2247 265.
1098 2214 1134 2246 in
1171 2216 1303 2245 euentu
1328 2211 1465 2244 incerto
1491 2211 1552 2242 de-

137 2261 193 2292 78.
883 2260 1039 2293 notando
1066 2262 1119 2292 98.
1153 2258 1263 2291 si—si
1289 2257 1440 2300 speciali
1467 2267 1552 2287 con*

91 2303 213 2347 quid?
251 2306 324 2337 178.
351 2304 486 2338 omissa
521 2317 581 2345 re,
618 2306 663 2339 ad
700 2317 806 2349 quam
881 2305 1016 2339 ditione
1042 2304 1207 2337 subiecta
1228 2303 1393 2347 generali
1419 2304 1473 2335 80.

142 2349 285 2382 animus
333 2349 533 2384 aduertitur
565 2352 641 2385 230.
693 2351 809 2394 quid?
835 2353 871 2385 si
894 2361 973 2384 non
997 2354 1032 2383 et
1058 2351 1139 2383 nisi
1161 2352 1213 2383 53.
1241 2351 1320 2382 296.

138 2395 232 2438 qnod
257 2396 333 2428 230.
835 2396 1034 2442 singularis
1069 2407 1166 2429 num.
1206 2395 1241 2427 in
1274 2404 1407 2438 genere
1442 2392 1551 2425 deno—

90 2440 184 2483 qum
207 2441 340 2473 enim?
368 2442 443 2473 166.
882 2442 989 2477 tundo
1016 2444 1070 2475 79.
1096 2443 1152 2475 82.
1181 2442 1258 2475 200¹.
1285 2441 1361 2473 240.
1390 2439 1469 2472 267.

90 2485 246 2529 quidem
277 2487 347 2519 163.
378 2487 450 2519 164,
479 2488 554 2520 192.
581 2488 658 2523 290.
687 2490 765 2524 315.
833 2490 871 2521 si
895 2499 1061 2533 quaeres
1084 2491 1120 2520 et
1142 2487 1179 2520 .ςὶ
1204 2486 1366 2530 quaeris·
1389 2486 1444 2518 27.

91 2531 249 2573 Quintus
275 2531 401 2564 Cicero
426 2534 532 2574 poeta
561 2534 589 2565 2.
833 2535 869 2567 .ςὶ
891 2535 977 2578 quis
1002 2537 1037 2566 et
1063 2535 1099 2566 .ςί
1122 2533 1190 2577 qui
1212 2534 1288 2566 215.

89 2576 194 2620 quod
218 2579 254 2609 et
277 2587 393 2620 quom
415 2578 554 2610 confus.
584 2579 636 2611 96.
671 2581 743 2615 104.
831 2579 986 2614 Sisenna
1009 2582 1063 2613 15.

89 2621 193 2664 quod
217 2633 324 2664 quam
348 2622 423 2655 uim
449 2623 585 2656 habeat
612 2626 667 2658 41.
695 2628 747 2659 57.
831 2626 1006 2659 silicines
1032 2625 1110 2658 234.

87 2666 230 2709 quodsi
252 2670 309 2707 80.
361 2668 465 2712 qum!
489 2670 525 2702 si
548 2672 604 2701 es!
641 2673 676 2703 et
700 2672 806 2715 quod
830 2682 895 2705 sos
920 2684 977 2702 =
998 2681 1084 2703 suos
1116 2670 1189 2702 162.

132 2712 168 2744 si
192 2713 250 2744 ila
278 2716 335 2746 esc
361 2715 414 2748 83.
443 2715 517 2749 303.
829 2727 946 2761 spero
971 2719 1156 2759 postremo
1187 2715 1265 2746 loco
1294 2712 1451 2755 positum
1473 2710 1548 2744 249.

87 2756 280 2799 quomodo
308 2759 342 2792 2.
829 2762 919 2805 Spes
947 2763 1021 2796 172.

1243 2818 1329 2857 22*
