1781 3192
227 189 283 227 74
793 191 861 229 DE
894 191 1125 232 LEGlBUS

227 306 352 344 habet
384 302 649 352 incommodi,
681 303 788 353 quod
820 306 992 355 improbi
1027 305 1204 343 uniuersi
1236 304 1492 356 appellantur
1519 310 1687 361 incauti,

229 375 317 400 cum
353 363 379 398 ii
410 365 567 397 tantum
599 361 681 397 sint
712 362 888 409 incauti,
931 362 996 411 qui
1039 360 1244 412 prehendi
1285 375 1330 399 se
1370 365 1410 401 in
1443 364 1601 404 scelere
1628 369 1687 404 si-

229 426 346 458 nunt.
416 417 556 453 Minus
603 418 724 455 etiam
773 417 997 470 probabilis
1035 418 1216 469 Zumptii
1256 423 1322 456 est
1361 421 1595 460 coniectura
1637 428 1688 461 ut

228 474 432 514 incauti
465 473 639 524 potius
671 473 897 513 habendi
932 475 1038 512 sint
1068 476 1308 525 improbi.
1376 477 1525 516 Bakius
1567 478 1688 516 deni·-

226 544 303 583 que
340 537 383 569 et
420 528 626 568 uiolenter
663 535 705 568 et
744 529 925 569 insulse:
967 543 1113 568 nemo
1158 535 1243 568 est
1280 532 1458 572 iustus
1500 539 1584 573 aut
1614 536 1687 573 in-

231 590 371 627 cauti
406 587 584 638 potius
615 588 843 627 habendi
875 592 1020 636 sunt,
1053 600 1147 625 non
1183 589 1418 639 improbi.

340 645 562 683 deserto
595 646 711 695 quo]
773 646 879 693 Quo
921 644 1172 682 deteriorum
1215 645 1465 694 quorundam
1500 646 1684 686 codicum

224 703 467 741 auctoritate
509 699 561 754 (δ
587 699 652 742 96.
687 703 755 741 Dr.
781 702 816 742 1.
835 701 874 741 2.
893 702 961 741 Cr.
986 698 1085 754 W.)
1126 701 1356 739 omiserunt
1394 703 1504 742 Man.
1546 705 1686 743 Lamb.

222 760 319 799 ΕΓΗ.
354 759 498 807 Wagn.

337 817 499 853 saciet
530 821 580 854 et
611 814 880 865 metietur]
940 814 1139 853 Futurum
1165 818 1343 865 tempus,
1376 828 1449 867 pro
1474 829 1550 867 quo
1575 816 1685 856 Uict.

227 874 328 911 Dan.
361 873 458 910 Ern.
494 873 638 924 Wagn.
677 885 875 925 praesens
918 873 1219 910 substituerunt
1262 869 1419 923 (facit
1452 877 1504 911 et
1534 874 1687 911 meti-

225 927 334 982 tur)
366 934 408 967 et
441 929 606 969 codices
645 932 744 968 satis
785 934 955 968 tuentur
986 934 1028 966 et
1059 928 1205 966 oratio.
1266 928 1346 966 Sed
1379 942 1453 980 pro
1486 929 1685 980 asyndeto

222 988 396 1024 saciet
423 989 708 1037 metietur,
742 986 849 1038 quod
882 998 972 1023 cum
1016 983 1161 1034 Steph.
1194 988 1236 1022 et
1275 984 1418 1029 Madu.
1450 986 1685 1025 Emendatt.

223 1057 263 1093 p.
302 1043 367 1083 12.
401 1043 582 1082 Orellius
616 1049 658 1082 et
689 1045 839 1082 Bakius
866 1042 1041 1093 amplexi
1069 1045 1178 1090 sunt,
1212 1054 1299 1079 cum
1325 1040 1533 1093 plerisque
1559 1056 1686 1094 copu-

221 1099 331 1138 landi
354 1100 596 1152 particulam
619 1102 780 1139 restitui
805 1098 869 1137 uel
894 1100 943 1137 ob
967 1100 1162 1136 maiorem
1186 1097 1372 1135 codicum
1396 1101 1683 1137 auctoritatem

221 1155 335 1209 (nam
367 1158 579 1196 meliorum
609 1159 733 1196 etiam
765 1156 954 1195 codicum
994 1154 1146 1192 mendo
1184 1153 1353 1192 faciet
1393 1157 1684 1193 emetietur

223 1227 269 1252 ea
310 1211 597 1268 confirmatur)
637 1214 703 1253 uel
740 1219 985 1266 propterea,
1026 1213 1118 1262 quia
1156 1208 1204 1247 ad
1243 1210 1348 1248 hanc
1386 1207 1682 1249 sententiarum

223 1273 441 1320 rationem,
473 1273 512 1308 in
547 1285 624 1322 qua
646 1284 722 1309 nec
744 1270 929 1322 gradatio
957 1268 1091 1307 elucet
1118 1279 1195 1304 nec
1224 1268 1522 1305 contrariorum
1552 1280 1682 1319 oppo-

222 1329 299 1365 sito
333 1325 401 1381 (ut
432 1325 466 1379 I,
500 1326 638 1368 6.19.
671 1332 819 1365 recte
850 1327 1035 1364 facere
1063 1323 1272 1372 iubeat,
1317 1328 1466 1362 uetet
1511 1323 1682 1362 delin-

222 1383 430 1437 quere),
472 1383 547 1421 sed
587 1385 627 1421 in
661 1389 832 1434 negatae
864 1382 1097 1420 sententiae
1127 1377 1260 1417 locum
1294 1381 1557 1419 substituitur
1587 1378 1682 1430 alia,

219 1454 359 1491 parum
389 1440 551 1479 uidetur
569 1439 797 1490 asyndeton
824 1437 1172 1476 accommodatum
1196 1448 1303 1474 esse.
1337 1437 1393 1474 Cf
1423 1450 1526 1487 quae
1551 1432 1680 1475 dixil.

219 1497 253 1546 ᾗ.
292 1496 357 1536 18.
417 1497 514 1535 Mox
545 1497 636 1534 sine
668 1510 789 1534 causa
812 1496 930 1533 Lbini
951 1494 1225 1531 coniecturam
1259 1492 1498 1531 facturus
1531 1493 1681 1531 Bakius

219 1554 421 1603 probauit.
482 1553 573 1591 Non
612 1554 721 1590 enim
764 1552 816 1590 de
849 1549 1022 1602 singulis
1054 1550 1173 1587 istius
1205 1548 1384 1586 hominis
1416 1549 1538 1587 sactis
1567 1551 1683 1599 cogi-

217 1611 293 1647 tari
325 1622 502 1648 necesse
534 1613 612 1659 est,
647 1614 689 1648 et
719 1611 858 1661 potius
889 1612 976 1647 tota
1007 1606 1094 1644 eius
1132 1605 1280 1656 agendi
1318 1607 1423 1644 ratio
1463 1605 1685 1645 denotatur

217 1665 318 1719 (wie
349 1679 394 1704 er
424 1667 512 1704 sich
544 1666 759 1704 verhalten
791 1663 932 1718 wird).
1621 1689 1633 1697 Α,

329 1722 417 1761 sed
448 1722 624 1773 etiam]
688 1719 732 1761 In
764 1722 879 1760 codd.
902 1721 985 1759 ΟΕ
1007 1718 1084 1757 Gd.
1106 1717 1147 1758 2.
1180 1722 1222 1755 et
1253 1716 1395 1768 procul
1428 1717 1548 1756 dubio
1581 1720 1622 1757 in
1652 1716 1680 1757 δ

217 1792 295 1818 nec
328 1779 417 1818 sed
448 1792 526 1817 nec
558 1792 732 1817 uerum
768 1782 993 1829 comparet.
1055 1773 1192 1822 Unde,
1228 1786 1317 1811 cum
1342 1773 1488 1824 reliqui
1513 1774 1679 1812 codices

216 1839 327 1873 inter
368 1842 581 1887 utramque
620 1835 861 1887 particulam
897 1835 1122 1881 fluctuent,
1154 1842 1235 1867 non
1268 1831 1410 1881 inepte
1440 1829 1680 1881 particulam

215 1895 257 1930 in
290 1893 382 1931 cod.
417 1893 526 1931 arch.
556 1892 820 1930 intercidisse
843 1889 1077 1939 collegeris,
1137 1885 1352 1936 Quodcum
1381 1891 1513 1924 utrum
1535 1887 1679 1926 Cicero

216 1952 307 2001 ipse
346 1950 585 2001 scripserit,
636 1948 806 1987 difficile
848 1950 904 1986 sit
944 1946 1107 1984 dicere:
1156 1956 1204 1981 ex
1246 1941 1455 1994 plerisque
1493 1943 1681 1982 codicum

214 2007 465 2045 deteriorum
508 2019 581 2057 pro
620 2018 819 2056 uerum,
870 2003 979 2056 quod
1019 2000 1151 2039 adhuc
1193 1999 1400 2051 uulgatum
1448 2005 1538 2050 est,
1589 2013 1679 2038 cum

216 2062 344 2101 Bakio
377 2062 466 2101 sed
496 2063 674 2100 restitui.

328 2120 454 2163 xv.
517 2118 554 2167 ᾗ.
585 2117 656 2158 42.
717 2130 848 2168 quae
875 2118 1004 2155 scita
1037 2113 1169 2163 sint]
1242 2113 1283 2149 ln
1318 2111 1409 2152 cod.
1443 2113 1552 2152 arch.
1586 2125 1678 2151 cer-

215 2180 298 2212 tum
333 2178 397 2211 est
426 2174 570 2223 fuisse,
603 2173 711 2224 quod
744 2175 883 2214 Lamb.
916 2177 957 2210 et
989 2171 1090 2209 Dau.
1124 2171 1384 2207 retinuerunt
1425 2181 1502 2206 nec
1532 2168 1679 2220 displi-

215 2232 299 2269 cuit
345 2230 541 2268 Ernestio
592 2243 720 2280 quae
765 2231 870 2268 sita
918 2230 1024 2266 sint
1072 2228 1120 2264 in
1167 2224 1390 2277 populis.
1461 2226 1549 2263 Jam
1601 2226 1678 2263 etsi

216 2290 375 2325 situm
419 2298 538 2324 esse
575 2287 625 2324 in
658 2285 774 2335 lege
804 2288 861 2324 ita
891 2292 1004 2324 recte
1040 2283 1212 2331 dicitur,
1256 2287 1300 2319 ut
1331 2281 1439 2319 idem
1473 2283 1530 2319 sit
1557 2286 1679 2332 atque

214 2345 443 2393 positum
480 2356 595 2381 esse
626 2344 674 2380 in
706 2342 824 2394 lege
870 2357 904 2381 s.
930 2343 987 2379 .in
1030 2342 1126 2389 lege
1167 2345 1369 2388 tamquam
1408 2337 1678 2376 fundamento

214 2402 289 2438 niti
341 2398 512 2453 (iniuria
556 2399 633 2437 hoc
674 2401 814 2450 negari
854 2414 873 2437 a
916 2397 1148 2436 Goerenzio
1196 2394 1442 2433 documento
1485 2398 1549 2432 est
1590 2395 1676 2432 Cic.

214 2457 339 2495 Tusc.
375 2453 410 2506 I,
449 2454 519 2497 26.
561 2453 679 2506 640:
728 2457 774 2493 ab
816 2456 893 2493 hoc
933 2462 1068 2493 tamen
1110 2451 1200 2489 loco
1241 2450 1417 2488 alienum
1460 2455 1540 2488 est.
1609 2450 1675 2487 Sic

212 2514 319 2551 enim
352 2517 435 2551 tum
466 2512 659 2564 progredi
692 2511 869 2550 debebat
899 2512 1051 2550 oratio:
1084 2510 1335 2556 etiamne,
1378 2508 1420 2544 si
1456 2508 1508 2543 in
1546 2504 1674 2555 legi-

210 2570 303 2608 bus
344 2566 723 2620 tyrannorum?
773 2568 889 2618 Quod
938 2573 1073 2605 antem
1111 2565 1278 2616 scripsit
1321 2565 1574 2610 etiamne,
1632 2562 1674 2598 si

210 2638 338 2676 quae
371 2627 478 2663 sint
506 2623 657 2676 leges
691 2620 1062 2678 tyrannorum?
1104 2620 1287 2659 declarat
1318 2619 1395 2657 hoc
1424 2617 1542 2667 leges
1576 2621 1674 2654 ante

210 2684 350 2732 negari
382 2684 513 2719 iustas
546 2694 638 2720 esse
665 2695 823 2721 omnes.
885 2683 995 2720 Uera
1016 2680 1140 2730 igitur
1166 2682 1232 2714 est
1254 2676 1488 2713 coniectura
1511 2673 1674 2725 pridem

207 2738 370 2789 uulgata
401 2751 529 2790 quae
561 2739 700 2776 scita
730 2740 847 2777 sint.
916 2739 1046 2787 Quam
1089 2746 1213 2785 praue
1243 2736 1378 2769 tamen
1410 2731 1674 2782 interpretati

205 2800 300 2834 sunt
331 2795 473 2847 Wagn.
509 2795 635 2835 Goer.
656 2794 962 2847 Moserns,·qui
993 2791 1156 2832 scisci
1188 2790 1239 2826 in
1271 2787 1485 2839 legibus
1525 2785 1671 2825 eodem
