1781 3192
260 184 349 224 254
755 183 766 192 ⁴
830 184 899 223 DE
934 185 1165 224 LEGIBUS

260 303 326 336 est
354 297 469 336 Bakii
498 297 734 334 coniectura
762 294 811 334 id
845 296 985 348 quod
1015 299 1066 337 in
1098 311 1229 349 rep.,
1266 298 1409 350 inepta
1436 298 1528 338 Gzii
1566 299 1725 352 idque

260 353 346 392 uel
380 356 427 391 in
459 366 580 403 rep.,
615 354 727 403 quasi
760 366 858 392 uero
892 355 931 392 in
966 367 1013 392 ea
1043 354 1084 393 id
1118 356 1250 392 minus
1283 357 1608 406 exspectaueris.

375 409 575 447 deinde
599 411 757 447 etiam
783 409 1061 462 deinceps]
1126 410 1331 449 Deinde
1354 411 1582 463 respondet
1605 426 1725 464 prae-

261 463 427 503 cedenti
450 464 679 515 particulae
701 478 726 516 p
743 468 828 504 rim
847 480 867 504 ιι
882 480 918 505 m
935 481 946 516 3
979 468 1004 505 d
1019 470 1061 505 ei
1076 481 1098 505 n
1113 482 1133 506 c
1148 481 1206 518 ep
1222 480 1240 505 s
1262 473 1395 505 autem
1421 469 1725 507 successionem

261 535 281 558 a
314 523 499 572 patribus
541 522 627 560 fieri
669 521 718 560 ad
749 523 875 561 filium
908 523 1087 574 indicat,
1133 530 1175 562 ut
1217 536 1315 561 uere
1355 525 1504 562 Bakius
1540 524 1727 563 animad-
1770 556 1773 562 .

261 579 413 627 uertit,
459 583 500 615 ut
532 579 763 628 imperitam
798 579 1000 618 Scheffcri
1033 583 1312 618 coniecturam
1345 581 1618 631 infringeret,
1659 582 1726 632 qui

260 635 398 671 uerbis
451 631 649 672 deinde
701 637 855 673 etiam
898 638 1206 689 praetermissis
1245 638 1426 675 coniecit
1464 637 1726 688 deinceps
1771 627 1775 635 Ἃ

258 691 497 741 posteris
544 690 874 733 tradebatur.
931 693 997 731 Cf.
1040 689 1118 734 III.
1166 693 1201 743 ᾗ.
1240 691 1307 733 43.
1355 694 1471 732 Brut.
1510 691 1588 744 90,
1627 692 1726 734 312.

260 746 312 784 de
345 746 436 784 Diu.
470 747 501 796 l,
533 746 601 788 30.
635 747 705 788 62.
744 749 834 787 Liu.
869 748 918 798 ll,
951 748 1020 790 47.
1064 749 1209 801 Wopk.
1242 750 1378 789 Lectt.
1412 748 1522 791 Tull.
1554 763 1594 801 p.
1627 748 1726 791 344.

260 802 324 843 ed.
358 802 495 841 Hand.
555 803 757 842 Similiter
789 805 839 843 de
870 806 965 844 Fin.
998 806 1028 856 l,
1062 805 1101 847 6.
1141 807 1203 846 17.
1244 808 1513 858 principio
1546 810 1590 845 et
1618 808 1727 858 pri-

260 872 384 897 mum
429 861 468 896 in
501 859 644 898 eadem
678 864 885 900 sententia
918 864 974 901 ita
1004 868 1235 915 ponuntur,
1276 871 1320 901 ut
1360 862 1463 902 illud
1498 863 1549 902 ad
1586 861 1725 916 philo-

259 916 430 967 sophiae
464 915 726 970 diuisionem,
760 918 921 959 hocad
948 932 996 957 ea
1037 924 1224 972 spectet,
1267 934 1371 973 quae
1412 919 1566 960 deinde
1606 918 1726 973 plura

260 974 296 1010 ei
330 974 489 1011 obiicit.

373 1029 506 1080 quod
538 1034 589 1068 et
620 1031 667 1068 in
701 1031 802 1083 his]
862 1030 1110 1071 Particulam
1144 1036 1218 1083 et,
1248 1047 1364 1084 quam
1401 1033 1473 1072 Or.
1513 1033 1555 1071 in
1589 1032 1727 1084 suspi-

260 1084 419 1124 cionem
462 1092 706 1138 uocauerat,
754 1088 901 1128 Bakius
944 1103 1161 1141 perperam
1204 1089 1305 1128 dixit
1346 1088 1566 1128 delendam
1613 1102 1724 1128 esse.

259 1141 320 1180 Et
350 1144 614 1195 partitionem
644 1146 800 1184 indicat
831 1143 898 1198 (et
926 1147 968 1184 in
1002 1146 1093 1184 aliis
1125 1151 1167 1184 et
1197 1147 1238 1184 in
1272 1146 1376 1200 his),
1420 1148 1583 1185 etiam
1618 1145 1726 1184 alte-

259 1212 345 1236 ram
377 1205 534 1252 partem
570 1203 707 1249 augeri
737 1203 957 1252 significat,
990 1208 1034 1241 ut
1065 1203 1116 1240 ad
1148 1205 1237 1242 Att.
1271 1200 1329 1253 ll,
1368 1204 1402 1243 1.
1436 1202 1477 1243 3.
1511 1204 1622 1241 Brut.
1654 1200 1726 1253 82,

260 1253 358 1295 284.
392 1255 442 1294 ad
478 1256 594 1295 Fam.
628 1257 696 1307 lX,
730 1258 799 1298 25.
833 1259 887 1308 7.,
920 1260 1064 1309 quibus
1090 1259 1192 1296 locis
1225 1262 1429 1309 omnibus,
1461 1272 1550 1298 cum
1576 1257 1728 1310 duplex

258 1311 459 1364 particula
503 1317 554 1351 et
591 1314 839 1364 praecedat,
876 1328 998 1352 nemo
1041 1319 1180 1352 tamen
1226 1315 1364 1354 addita
1413 1320 1519 1367 part.
1568 1317 1724 1352 etiam

264 1368 503 1407 offenditur.
577 1370 725 1407 Parum
765 1375 881 1407 recte
921 1371 1068 1408 Bakius
1110 1373 1261 1409 etiam
1311 1372 1362 1409 de
1410 1378 1600 1423 tempore
1646 1370 1726 1409 dici

258 1427 435 1476 putauit,
479 1429 524 1462 ut
554 1424 662 1463 idem
705 1425 813 1477 quod
851 1425 1019 1464 adhuc
1062 1431 1186 1465 esset.
1237 1427 1303 1465 Cf.
1343 1428 1429 1464 Cic.
1468 1429 1507 1464 in
1542 1428 1660 1465 Verr.
1694 1427 1724 1475 l,

259 1478 405 1521 4.11.
438 1485 615 1531 erunt,
648 1484 730 1532 qui
771 1486 823 1520 et
862 1483 912 1519 in
952 1494 1008 1519 eo
1051 1495 1256 1533 quoque
1298 1481 1571 1520 audaciam
1614 1482 1726 1519 eius

264 1537 690 1590 reprehendant.
735 1538 947 1587 Liu.XL,
987 1537 1058 1578 24.
1100 1539 1170 1576 fin.
1215 1552 1275 1576 ne
1325 1538 1728 1577 interdictione

260 1594 449 1633 finium
472 1599 778 1633 nostrorum
815 1602 865 1634 et
897 1608 985 1633 nos
1019 1608 1219 1646 quoque
1253 1609 1411 1647 regno
1441 1607 1726 1635 arceamus.

376 1652 461 1701 qui
495 1663 628 1689 nunc
669 1657 896 1703 regnant
933 1654 961 1690 i.
996 1665 1033 1688 e.
1075 1653 1116 1689 in
1159 1654 1322 1703 regibus
1362 1659 1528 1690 nostrae
1567 1652 1726 1692 aetatis,

260 1707 547 1759 [inprudenter
579 1709 766 1748 Dauisius
795 1708 945 1748 Clerici
986 1708 1292 1747 commendauit
1333 1710 1608 1748 coniecturam
1640 1709 1727 1761 qui

260 1778 394 1803 nunc
424 1771 730 1815 regnantur.

375 1821 406 1872 ᾧ.
441 1820 479 1861 5.
549 1835 718 1872 neque
756 1819 920 1860 solum
961 1821 1067 1873 his]
1140 1822 1249 1863 Uict.
1292 1823 1405 1861 Man.
1446 1821 1585 1860 Lamb.
1626 1820 1728 1860 Ern.

259 1877 403 1927 Wagn.
459 1879 713 1930 scripserunt
766 1880 847 1919 iis.
933 1878 1017 1917 Sed
1070 1878 1345 1919 luculentiore
1399 1883 1441 1917 et
1493 1878 1728 1915 efficaciore

261 1934 618 1973 demonstratione
673 1938 715 1974 in
767 1936 843 1974 hac
901 1937 1213 1987 magistratuum
1271 1937 1506 1987 ciuiumque
1561 1935 1728 1986 opposi-

259 1993 373 2029 tione
405 2004 506 2042 opus
540 1996 615 2031 est.

374 2061 480 2086 nam
514 2053 566 2086 et
597 2049 700 2100 cet.]
764 2048 921 2087 Sumsit
952 2049 1053 2087 haec
1087 2062 1108 2086 a
1139 2046 1328 2098 Platone,
1371 2060 1490 2098 quem
1526 2047 1727 2098 sequitur.

261 2104 323 2144 Cf.
359 2106 485 2155 Legg.
519 2105 588 2143 Vl.
620 2120 661 2157 p.
695 2105 790 2145 762.
852 2105 936 2143 Sed
967 2105 1107 2142 eadem
1139 2107 1345 2142 sententia
1378 2110 1442 2141 est
1474 2103 1581 2155 apud
1600 2104 1727 2141 Arist.

260 2160 388 2199 Polit.
427 2161 511 2211 VH,
551 2160 615 2200 14.
650 2158 730 2211 ΙΙΙ,
759 2159 816 2210 4.,
849 2160 1105 2211 eandemque
1136 2162 1212 2197 iam
1247 2174 1268 2198 a
1290 2159 1440 2198 Solone
1472 2160 1726 2211 propositam

262 2241 354 2267 esse
396 2229 598 2267 Stobaeus
638 2227 764 2266 tradit
805 2229 937 2267 Serm.
980 2226 1058 2278 46,
1112 2242 1153 2280 p.
1197 2227 1295 2268 3‘28.
1341 2212 1466 2277 ἆρχε
1513 2216 1726 2275 πρῶτον

254 2284 452 2343 μαθών
499 2281 774 2347 ἄρχεσθαι·
833 2281 1092 2346 ἆῗρχεσὲαῑ
1147 2281 1251 2345 γὰρ
1297 2281 1494 2345 μαθών
1544 2279 1728 2344 ἄρχειν

263 2351 532 2416 ἕπῖστήσῃ.
590 2366 684 2404 Mox
716 2378 912 2417 peruerse
937 2367 1036 2404 Dau.
1066 2378 1139 2417 pro
1173 2366 1400 2415 imperet
1431 2364 1611 2402 coniecit
1640 2365 1728 2402 im-

262 2429 484 2473 peraret
534 2436 611 2460 nec
655 2430 770 2459 recte
821 2423 942 2460 Bakio
997 2422 1246 2459 deteriorum
1305 2420 1556 2472 quorundam
1607 2419 1725 2460 codd.

263 2482 465 2518 correctio
499 2479 624 2518 aliis
657 2480 795 2517 arrisit
825 2492 897 2530 pro
932 2477 1144 2529 aliquan
1161 2478 1233 2515 do.

377 2554 430 2585 ut
462 2546 788 2597 Charondas]
850 2547 1093 2585 Charondae
1134 2546 1210 2583 hac
1249 2544 1301 2582 de
1338 2558 1383 2582 re
1424 2546 1548 2583 uerba
1579 2559 1600 2584 a
1629 2545 1727 2585 Sto-

261 2605 364 2642 baco
399 2605 532 2642 Serm.
566 2602 635 2654 42,
666 2617 705 2655 p.
741 2603 835 2643 290.
870 2603 1126 2656 suppeditari
1156 2601 1356 2640 indicauit
1387 2601 1591 2643 Dauisins.

378 2673 617 2711 Titanum
644 2685 666 2709 e
690 2671 910 2723 genere]
959 2671 1155 2709 Attributi
1178 2672 1309 2708 instar
1329 2670 1430 2707 haec
1455 2669 1724 2708 statuendi

266 2732 390 2768 uerbo
433 2728 626 2767 adiuncta
663 2734 781 2779 sunt,
822 2733 866 2767 ut
901 2726 1015 2767 Lael.
1063 2727 1136 2776 18,
1178 2726 1248 2768 64.
1292 2729 1511 2765 maxime
1550 2740 1572 2765 e
1612 2740 1725 2764 raro

272 2799 468 2838 genere
511 2785 772 2825 hominum
816 2785 1056 2824 iudicare
1099 2785 1359 2824 debemus,
1422 2784 1488 2823 Cf.
1521 2786 1646 2822 etiam
1679 2782 1725 2822 ll.
