1781 3192
205 204 291 242 110
776 205 846 244 DE
877 205 1109 246 LEGIBUS

204 318 357 369 paratis
399 319 593 369 optimam
637 315 735 354 inde
778 315 915 367 legum
954 317 1289 357 stabiliendarum
1341 321 1540 359 rationem
1596 322 1672 361 eli-

207 375 377 411 cuisset.
439 372 511 410 illa
542 374 649 410 enim
683 374 844 411 ratione
877 374 1067 425 intelligi,
1098 379 1211 413 recte
1250 375 1417 413 uiuendi
1453 377 1589 415 studio
1628 384 1670 417 et

204 431 357 467 uirtute
398 428 587 466 homines
629 430 775 466 intime
812 431 973 468 iunctos
1016 433 1175 469 beatam
1217 432 1328 469 inter
1355 444 1401 469 se
1433 433 1555 470 uitam
1596 432 1669 470 de-

202 498 301 534 gere
332 497 469 535 posse.
543 485 663 533 Quod
707 486 739 522 si
779 484 915 535 legum
958 486 1063 525 lator
1103 489 1285 525 tenuerit
1325 492 1366 524 et
1406 489 1438 525 si
1479 489 1518 525 in
1562 489 1671 528 hunc

205 543 324 578 tinem
353 538 470 590 leges
499 553 590 578 suas
619 543 848 591 scripserit,
871 544 959 580 fieri
983 557 1064 581 non
1088 555 1210 595 posse
1233 545 1343 595 (ipse
1374 556 1471 581 non
1505 557 1529 594 p
1547 557 1670 582 osse

202 598 349 646 uon),
392 597 486 646 quin
530 599 729 648 optimum
771 598 983 636 consilium
1027 605 1236 649 sequatur.
1299 602 1412 648 Quae
1444 600 1598 638 Lbinus
1628 602 1669 638 in

201 651 293 690 cod.
347 652 482 703 aliquo
528 656 736 704 reperisse
787 667 832 692 se
880 654 1000 693 dixit:
1052 668 1073 692 e
1118 655 1281 693 media
1321 655 1669 708 philosophia

201 708 359 746 ducta
404 714 540 747 sunt.
611 710 683 747 'l'u
726 716 893 748 autem
943 711 1177 750 alicuius
1224 713 1469 750 ciuitatis
1520 711 1667 761 leges

198 765 440 803 fortasse
479 765 785 815 desideras,
839 780 978 805 eorum
1027 772 1237 819 postrema
1276 780 1329 806 ne
1370 770 1461 819 ipse
1502 768 1668 818 quidem

198 822 404 872 probauit.
466 822 542 859 Est
575 835 673 859 uero
715 822 1002 861 foedissimum
1041 824 1195 862 librarii
1238 825 1668 875 interpretamentum.

198 877 459 915 probabilior
489 883 554 915 est
586 878 699 916 Bakii
733 881 888 930 opinio,
921 881 1000 930 cui,
1033 894 1123 917 cum
1159 881 1191 929 Q.
1215 879 1284 919 34.
1327 879 1488 918 'l‘ullius
1514 880 1667 919 dixerit

199 933 248 970 ad
281 935 343 971 ius
376 934 499 972 ciuile
527 947 572 971 se
604 948 697 972 esse
731 940 966 985 uenturum,
1000 950 1090 974 cum
1121 938 1259 986 paucis
1301 938 1362 974 ius
1393 942 1540 974 natura
1573 948 1665 974 esse

198 990 561 1039 demonstrauerit,
592 997 910 1029 consentaneum
953 1004 1044 1029 esse
1076 992 1255 1042 uidetur,
1299 997 1343 1030 ut
1372 994 1451 1030 iam
1482 991 1667 1031 absoluta

196 1045 266 1084 illa
306 1047 491 1097 generali
547 1047 828 1099 disputatione
877 1051 957 1085 iste
1005 1050 1095 1100 ipse
1144 1050 1342 1086 t‘ransitus
1395 1049 1665 1099 significetur.

195 1102 250 1140 Et
288 1103 396 1153 quod
437 1116 530 1141 mox
571 1105 745 1152 Quintus
785 1106 1013 1154 Lycurgum
1055 1106 1231 1155 excipiat
1271 1109 1313 1142 et
1352 1104 1525 1155 reliqua,
1568 1105 1664 1142 hinc

195 1160 380 1197 Marcum
420 1160 613 1198 uniuerse
654 1161 911 1210 significasse
964 1162 1155 1210 coniicit,
1209 1173 1254 1199 se
1304 1161 1662 1199 consideraturum

197 1229 303 1254 nunc
337 1228 398 1266 ea,
432 1229 533 1267 quae
565 1229 684 1268 supra
716 1218 901 1266 posuerit
932 1230 967 1254 c.
1001 1217 1042 1267 5,
1092 1216 1154 1256 17.
1198 1221 1318 1265 (tum
1363 1217 1495 1254 haec
1527 1223 1664 1254 trae-

195 1271 353 1309 tanda
384 1296 435 1300 —-
467 1274 577 1310 iura
611 1272 821 1319 ciuilia).
884 1273 986 1311 Mihi
1019 1273 1183 1324 quidem
1216 1273 1309 1310 talis
1342 1273 1430 1310 sere
1455 1274 1663 1310 sententia

197 1328 460 1367 intercidisse
493 1328 682 1367 uidetur:
729 1331 844 1377 Quae
885 1329 1016 1366 adhuc
1046 1344 1065 1367 a
1097 1342 1162 1366 me
1196 1329 1305 1367 dicta
1339 1334 1448 1378 sunt,
1484 1341 1531 1365 ea
1562 1330 1663 1366 satis

195 1386 257 1422 ius
298 1389 443 1422 natura
485 1398 577 1421 esse
617 1386 841 1423 ostendunt
880 1384 1098 1436 legemque
1141 1398 1234 1423 esse
1261 1399 1343 1423 non
1386 1398 1495 1434 eam,
1545 1398 1663 1435 quam

194 1440 337 1490 uulgus
371 1439 568 1491 appellet,
601 1441 673 1478 sed
706 1441 928 1479 caelestem
964 1440 1090 1490 illam,
1123 1441 1172 1478 ad
1206 1454 1323 1491 quam
1357 1455 1497 1479 omnes
1530 1440 1661 1491 leges,

195 1509 296 1547 quae
327 1497 366 1534 in
398 1498 630 1534 ciuitatibus
662 1499 980 1545 constituantur,
1014 1497 1260 1535 referendae
1285 1499 1367 1535 sint
1390 1498 1454 1546 ÷÷>3
1486 1496 1662 1548 ideoque

193 1552 310 1603 leges
351 1567 371 1590 a
409 1566 453 1590 se
496 1556 727 1604 exspectari
769 1560 986 1604 oportere,
1027 1567 1129 1604 quae
1177 1553 1228 1590 ad
1266 1553 1377 1591 illam
1409 1553 1544 1604 legem
1579 1556 1662 1592 sint

193 1609 544 1647 accommodatae.
620 1611 706 1659 Quo
749 1611 858 1649 sacto
899 1610 1101 1662 Quintus,
1141 1611 1233 1662 ipse
1282 1610 1379 1664 quid
1431 1615 1659 1663 exspectet,

193 1665 359 1704 iudicat.

307 1722 634 1774 Charondas]
688 1723 745 1761 De
771 1723 1002 1773 Charonda,
1029 1725 1094 1774 qui
1115 1723 1298 1772 Thuriis,
1324 1727 1365 1760 et
1389 1722 1439 1760 de
1462 1720 1659 1772 Zaleueo,

193 1781 258 1828 qui
301 1780 601 1835 Locrensibus,
655 1780 793 1818 ltaliae
831 1782 1090 1828 ciuitatibus,
1147 1779 1262 1829 leges
1310 1780 1557 1829 conscripsit
1605 1780 1658 1816 cf.

192 1835 307 1873 Diod.
344 1836 425 1875 Sic.
458 1836 545 1886 xii,
584 1836 759 1877 11-19.
804 1836 893 1874 Ual.
935 1837 1043 1874 Max.
1079 1833 1151 1886 Vl,
1183 1837 1224 1875 5.
1271 1839 1352 1872 ext.
1394 1833 1434 1874 4.
1476 1839 1517 1872 et
1559 1847 1660 1883 quos

191 1891 381 1930 Moserus
407 1891 545 1930 laudat
577 1892 711 1930 Bentl.
746 1893 847 1931 diss.
880 1894 920 1930 in
955 1891 1075 1930 Phal.
1105 1905 1147 1944 p.
1180 1890 1425 1932 337-363.
1460 1889 1523 1930 ed.
1548 1890 1660 1942 Lips.

191 1948 342 1999 lleynii
373 1962 514 2000 opusc.
547 1962 607 1988 ae.
651 1949 732 1988 uol.
766 1950 810 1987 ll.
878 1949 1106 2000 Utrumque
1146 1949 1187 1985 in
1228 1948 1390 1998 legibus
1429 1947 1659 1985 scribendis

189 2017 268 2043 non
312 2004 657 2056 delectationem,
708 2005 782 2044 sed
830 2004 1035 2057 publicam
1077 2003 1298 2043 utilitatem
1340 2007 1525 2042 secutum
1565 2015 1660 2042 esse

188 2063 331 2100 scribit
364 2058 420 2111 ΙῘ,
454 2061 492 2102 6.
530 2061 594 2102 14.

302 2117 452 2168 leges
487 2116 724 2167 uiuendi]
787 2117 891 2155 Uict.
933 2116 1044 2156 Man.
1086 2117 1225 2154 Lamb.
1268 2116 1357 2152 sine
1395 2116 1502 2153 iusta
1542 2113 1658 2152 codi-

193 2185 284 2211 cum
309 2174 553 2211 auctoritate
580 2171 748 2223 legem
771 2174 817 2210 ui
835 2185 933 2210 uen
951 2172 1022 2217 ‹li;
1049 2173 1318 2222 quoniamque
1339 2169 1423 2208 lex
1446 2170 1657 2208 uiuendi

192 2235 306 2268 reete
340 2229 564 2278 diceretur,
596 2242 676 2267 non
713 2230 809 2266 item
842 2229 989 2277 leges
1013 2228 1256 2276 uiuendi,
1288 2228 1413 2265 uerba
1437 2229 1495 2265 sie
1517 2232 1656 2265 trans-

193 2288 286 2337 poni
319 2286 466 2323 Bakius
501 2284 653 2324 uoluit:
695 2284 839 2335 leges
873 2290 919 2322 et
952 2285 1159 2323 uiuendi
1193 2282 1544 2334 disciplinam.
1608 2285 1659 2322 At

190 2342 532 2394 quemadmodum
566 2341 649 2378 lev(
685 2342 897 2379 uiuendi
932 2347 994 2379 est
1026 2354 1167 2378 norma
1200 2341 1415 2389 uniuersa,
1455 2339 1504 2376 ad
1537 2352 1656 2390 quam

191 2403 271 2438 uita
314 2400 527 2449 dirigatur,
567 2400 620 2435 ita
664 2398 777 2447 leges
821 2398 986 2436 uiuendi
1021 2404 1123 2446 ⁶suut
1161 2395 1342 2448 singula,
1387 2397 1530 2447 quibus
1574 2397 1657 2434 uita

188 2457 493 2504 conformetur,
534 2461 768 2506 praecepta.
841 2455 1033 2492 Ceterum
1075 2455 1202 2503 haec,
1246 2466 1346 2503 quae
1389 2453 1564 2502 Quintus
1605 2464 1650 2489 se

187 2517 426 2564 exspectare
467 2511 588 2562 dicit,
629 2525 718 2550 cum
767 2512 896 2563 ipsius
938 2512 1149 2549 Ciceronis
1191 2508 1362 2548 consilio
1413 2512 1650 2559 congruunt.

185 2570 247 2608 cf.
283 2569 313 2618 1,
346 2568 385 2609 6.
419 2567 488 2608 ⁴20.

283 2717 314 2758 ⁸)
342 2715 510 2750 caelestis
538 2714 639 2748 illius
665 2714 760 2757 legis
787 2714 821 2747 in
848 2715 979 2748 lacuna
1004 2714 1223 2747 mentionem
1249 2723 1328 2745 esse
1364 2711 1532 2744 iniectam
1570 2712 1650 2744 inde

185 2762 351 2795 coniicio.
382 2763 473 2804 quod
507 2773 588 2793 mox
616 2762 662 2803 (Q.
692 2762 769 2802 238.)
796 2760 1009 2803 simpliciter
1036 2761 1110 2792 lex
1137 2759 1286 2794 ‹lit-itur:
1326 2759 1417 2800 (μιυιΙ
1455 2769 1547 2801 nego
1575 2756 1654 2789 ficri

187 2809 360 2850 potuisse.
388 2808 454 2842 nisi
480 2807 556 2840 cius
584 2808 708 2849 paullo
736 2812 816 2840 unte
843 2806 1018 2840 memoria
1045 2805 1091 2838 sit
1118 2808 1302 2838 renouata.
