1781 3192
502 199 659 239 LufflR
691 200 912 240 PRIMUS.
946 202 1040 240 (hv.
1074 203 1142 241 lx.
1488 203 1547 242 [Π

82 314 242 352 deatur.
305 315 392 362 Quo
425 314 583 351 cautius
615 312 691 349 hoc
723 313 761 348 in
802 325 955 361 genere
1000 315 1243 352 uersandum
1288 320 1355 353 est
1394 328 1546 354 cauen-

82 370 274 420 dumque,
306 382 359 407 ne
391 369 487 420 quid
519 374 677 406 temere
707 374 848 406 eontra
879 370 1042 408 codices
1075 370 1302 410 moliamur.

193 437 299 475 nisi
329 436 592 488 perfecta]
644 434 785 473 Mundi
810 435 914 485 quod
948 438 985 474 in
1019 437 1109 476 cod.
1144 438 1255 477 arch.
1289 439 1368 477 fuit
1398 441 1545 478 etiam-

80 507 186 532 nunc
219 496 368 531 seruati
400 496 436 531 in
471 493 592 531 codd.
617 491 850 530 melioribus
883 490 1051 541 (nihil
1084 494 1231 532 aliud
1266 497 1313 532 in
1348 509 1399 533 se
1431 510 1543 547 per-

82 548 247 604 fecta)
281 552 482 588 correctio
515 549 624 587 haud
653 561 752 586 sane
782 549 1004 598 probabilis
1038 563 1084 587 ea
1123 556 1209 599 est,
1250 564 1354 601 quae
1396 559 1461 590 est
1503 555 1541 591 in

80 607 199 644 codd.
256 606 528 645 deterioribus
584 603 749 657 (quam
807 605 856 642 in
906 619 958 643 se
1005 606 1305 659 perfecta),
1359 611 1543 659 quamuis

79 675 220 700 omnes
252 665 369 700 istam
404 668 497 700 ante
530 662 696 700 Bakium
731 660 912 699 editores
945 664 1228 712 probauerint.
1287 664 1453 703 Etenim
1495 668 1541 703 iu

77 731 132 756 se
163 719 412 771 perfecta
445 721 501 757 ita
533 718 696 768 dicitur,
728 719 840 768 quasi
874 719 996 756 etiam
1033 718 1083 756 de
1124 720 1385 770 perfectione
1427 724 1540 771 quis-

77 788 192 825 quam
226 777 358 827 possit
388 777 584 825 cogitare,
620 787 722 825 quae
753 779 866 811 extra
897 775 964 812 sit.
1024 775 1110 813 Nec
1142 789 1310 826 usquam
1349 778 1408 814 sic
1427 777 1540 828 loqui

76 831 318 870 Ciceronem
360 845 458 870 uere
500 831 649 869 Bakius
689 829 992 868 animaduertit.
1037 831 1067 880 Ι,
1116 832 1177 871 16.
1220 831 1289 880 45,
1330 834 1396 871 ubi
1439 835 1540 872 item

18 903 22 905 ’
77 889 269 926 uirtutem
326 890 642 939 interpretatur,
700 886 944 938 simpliciter
990 901 1078 926 eam
1129 889 1228 926 dic-it
1276 891 1541 929 rationem

74 946 366 993 perfectam
410 948 592 995 itemque
638 943 764 981 Tusc.
795 944 843 993 V,
878 943 941 983 13.
973 944 1043 984 39.
1084 947 1374 995 perfectam
1407 959 1542 984 men-

74 1006 175 1039 tem
233 1007 283 1039 et
330 1001 618 1039 absolutam
668 1001 940 1038 rationem.
1004 1003 1151 1039 Dicere
1195 1004 1328 1052 potuit
1359 1015 1452 1053 per
1483 1016 1540 1042 se

72 1059 399 1107 perfectam,
434 1056 774 1107 quemadmodum
807 1056 841 1105 ᾖ.
874 1057 939 1096 27.
973 1059 1054 1095 ait:
1097 1059 1385 1096 confirmat
1426 1061 1539 1110 ipsa

72 1110 264 1167 (natura)
295 1126 388 1164 per
418 1126 469 1150 se
500 1114 764 1150 rationem
801 1117 850 1148 et
872 1114 1118 1163 perficit3
1150 1115 1225 1152 sed
1247 1114 1366 1163 nihil,
1399 1129 1475 1166 qua
1500 1119 1536 1154 ui

71 1175 186 1208 esset
223 1171 429 1222 perfecta,
472 1169 513 1206 h.
547 1168 576 1206 l.
615 1169 818 1206 attinebat
858 1167 1091 1218 declarare,
1131 1183 1206 1208 nec
1245 1170 1471 1209 declarauit
1501 1169 1537 1221 l,

71 1226 112 1265 7.
135 1227 204 1267 22.
238 1237 363 1278 quae
395 1239 501 1264 cum
533 1223 777 1262 adoleuit
809 1228 858 1261 et
889 1226 1137 1274 perfecta
1169 1231 1265 1265 est.
1320 1227 1537 1266 Facillima

67 1283 110 1322 in
141 1289 304 1335 promtu
338 1288 401 1320 est
433 1283 635 1319 correctio
658 1281 760 1318 haec
787 1281 929 1318 nihil
963 1281 1107 1320 aliud
1138 1284 1241 1321 nisi
1272 1284 1536 1334 perfecta,

69 1353 185 1391 quam
223 1352 355 1391 nuper
396 1339 542 1376 Bakius
580 1339 806 1388 proposuit.
875 1337 939 1375 Cf.
983 1339 1063 1378 Cic.
1103 1338 1213 1377 Phil.
1246 1340 1316 1389 Xl,
1360 1340 1423 1380 12.
1466 1341 1535 1381 2ὅ.

70 1402 152 1434 est
192 1398 325 1435 enim
367 1395 448 1434 lex
490 1394 625 1432 nihil
661 1393 805 1433 aliud
844 1395 947 1432 nisi
988 1400 1133 1434 recta
1170 1399 1222 1434 et
1262 1409 1284 1434 a
1323 1398 1536 1435 numine

70 1453 283 1491 deorum
316 1456 494 1489 tracta
525 1452 683 1489 ratio.

181 1520 318 1572 quod
350 1520 687 1571 perspicuum
721 1518 811 1569 sit]
871 1520 931 1557 Er
962 1522 1153 1571 propiore
1174 1532 1276 1571 quae
1299 1520 1534 1559 hominibus

69 1590 157 1615 cum
203 1578 281 1615 diis
313 1576 544 1614 intercedat
571 1576 811 1625 cognatione
843 1574 1002 1625 colligit
1031 1581 1213 1614 naturam
1237 1579 1373 1615 omnia
1399 1578 1534 1615 homi-

67 1634 185 1671 nibus
225 1633 275 1671 ad
318 1631 630 1670 commoditates
667 1635 707 1668 et
747 1643 840 1668 usus
882 1630 1068 1682 largitam
1113 1645 1207 1670 esse
1246 1633 1368 1683 idque
1400 1635 1531 1685 ipsam

67 1702 201 1728 rerum
237 1687 523 1726 abundantiam
566 1688 621 1724 ait
663 1686 907 1736 ostendere,
951 1701 1053 1739 quae
1095 1694 1206 1726 tanta
1246 1691 1323 1738 sit,
1366 1694 1410 1727 ut
1448 1703 1532 1728 non

65 1745 234 1784 fortuito
267 1750 413 1794 natae,
457 1743 531 1781 sed
563 1742 740 1780 donatae
777 1744 969 1781 consulto
1008 1746 1245 1794 uideantur3
1286 1745 1411 1796 idque
1450 1760 1531 1784 non

66 1801 194 1841 solum
232 1801 283 1840 de
314 1801 501 1851 frugibus
532 1804 573 1837 et
604 1799 712 1836 bacis
745 1797 907 1849 ualere,
946 1800 1019 1839 sed
1051 1803 1172 1839 etiam
1206 1801 1257 1839 de
1287 1802 1529 1853 pecudibus,

67 1860 160 1910 quia
201 1860 300 1896 istas
342 1858 488 1909 partim
530 1855 580 1893 ad
621 1868 735 1893 usum
776 1855 1011 1907 hominum,
1053 1859 1202 1908 partim
1246 1858 1296 1895 ad
1337 1858 1529 1909 fructum,

66 1916 212 1968 partim
240 1914 287 1952 ad
310 1913 557 1953 uescendum
580 1917 816 1964 procreatas
841 1924 935 1950 esse
957 1916 1219 1965 perspicuum
1243 1916 1306 1953 sit.
1357 1916 1529 1953 Causam

68 1972 190 2022 igitur
228 1973 411 2009 continet
450 1970 653 2007 sententia
695 1969 965 2018 secundaria,
1005 1983 1077 2008 cur
1116 1971 1297 2022 pecudes
1341 1971 1529 2010 consulto

67 2028 182 2065 nobis
214 2026 388 2066 donatae
434 2038 527 2065 esse
569 2025 794 2064 uideantur.
864 2027 998 2074 Quare
1038 2033 1079 2064 et
1119 2027 1226 2065 male
1266 2028 1529 2079 interpretati

66 2087 158 2122 sunt
188 2083 414 2135 lVagnerus
458 2095 504 2120 ac
536 2082 817 2131 Goerenzius,
857 2095 1026 2132 quorum
1072 2082 1142 2121 ille
1183 2083 1311 2134 quod
1349 2086 1528 2135 positum

64 2150 155 2178 esse
193 2141 249 2178 ait
285 2153 358 2192 pro
390 2141 463 2177 ita
493 2144 567 2186 ut,
610 2138 675 2174 hic
704 2151 778 2189 pro
810 2139 884 2175 ita
916 2143 971 2176 ut
1000 2139 1096 2177 hoc
1128 2144 1169 2177 et
1199 2144 1358 2177 temere
1390 2142 1529 2178 conie-

63 2200 218 2234 cturam
273 2201 486 2234 tentarunt
537 2195 727 2233 Dauisius
782 2193 940 2248 (quas
1003 2197 1339 2248 perspicuum
1396 2194 1526 2249 sit),

62 2251 279 2291 Ernestius
319 2250 438 2306 (quo
479 2264 653 2303 persp.
695 2248 809 2303 fit),
860 2251 1032 2289 Rathius
1080 2249 1251 2305 (quum
1293 2252 1525 2305 persp.),

60 2308 250 2346 Moserus
281 2313 390 2360 (quo
423 2307 630 2358 quidem
664 2319 834 2357 persp.
866 2307 977 2356 fit),
1009 2307 1157 2347 Bakius
1181 2308 1358 2358 denique
1392 2314 1469 2359 (qu
1484 2324 1527 2347 a-

60 2377 167 2402 rum
198 2376 374 2415 persp.
403 2365 501 2409 sit).
561 2364 870 2412 Coniunctiuus,
896 2368 941 2400 ut
964 2376 1100 2415 saepe,
1134 2365 1381 2403 modestiam
1401 2379 1528 2416 quan-

61 2418 151 2457 dam
187 2419 418 2458 affirmandi
441 2418 638 2457 declarat.
690 2419 756 2456 Cf.
782 2419 812 2468 l,
846 2419 880 2468 ᾗ.
906 2418 973 2459 27.
1003 2420 1083 2459 Off.
1108 2417 1143 2471 I,
1168 2420 1237 2461 44.
1267 2419 1361 2461 157.
1412 2421 1526 2460 ldem

61 2475 292 2514 Stoicorum
332 2473 526 2527 placitum
568 2475 706 2524 attigit
745 2474 833 2512 cic.
875 2474 928 2513 de
961 2476 1052 2517 Nat.
1080 2478 1201 2516 Deor.
1235 2473 1293 2527 II,
1324 2476 1395 2517 53.
1431 2476 1526 2518 133.

62 2531 156 2570 ibid.
191 2531 261 2573 62.
302 2529 393 2573 154.
427 2530 477 2569 de
509 2531 602 2569 Fin.
636 2530 702 2580 111,
735 2529 802 2571 20.
833 2529 900 2571 67.

172 2601 277 2644 IX.
338 2598 372 2649 ξ.
405 2595 475 2637 26.
537 2596 683 2647 Stoici,
715 2599 781 2648 qui
812 2611 954 2637 omnes
974 2611 1109 2638 rerum
1133 2601 1523 2654 comprehensiones

63 2667 84 2691 a
121 2657 310 2694 sensibus
346 2653 552 2706 proficisci
596 2651 789 2693 dicebant
835 2652 968 2708 (unde
1007 2669 1078 2694 eos
1127 2662 1278 2696 mentis
1319 2662 1526 2708 tamquam

60 2710 268 2749 ministros
302 2724 347 2750 ac
379 2709 547 2748 nuntios
581 2708 893 2764 appellabant),
933 2711 1142 2751 naturales
1175 2716 1299 2752 etiam
1331 2713 1524 2764 quasdam

60 2789 153 2815 esse
204 2791 400 2829 generum
462 2777 855 2829 comprehensiones
917 2780 1204 2819 existimabant
1267 2767 1528 2827 (φΰίῗῖῑίίῖς
