<?xml version="1.0" encoding="UTF-8"?>
<!DOCTYPE html PUBLIC "-//W3C//DTD XHTML 1.0 Transitional//EN"
    "http://www.w3.org/TR/xhtml1/DTD/xhtml1-transitional.dtd">
<html xmlns="http://www.w3.org/1999/xhtml" xml:lang="en" lang="en">
 <head>
  <title>
</title>
<meta http-equiv="Content-Type" content="text/html;charset=utf-8" />
  <meta name='ocr-system' content='tesseract 3.04.00' />
  <meta name='ocr-capabilities' content='ocr_page ocr_carea ocr_par ocr_line ocrx_word'/>
</head>
<body>
  <div class='ocr_page' id='page_1' title='image "./delegibuslibritr0102ciceuoft_0246.png"; bbox 0 0 1781 3192; ppageno 0'>
   <div class='ocr_carea' id='block_1_1' title="bbox 235 184 1135 223">
    <p class='ocr_par' dir='ltr' id='par_1_1' title="bbox 235 184 1135 223">
     <span class='ocr_line' id='line_1_1' title="bbox 235 184 1135 223; baseline 0.002 -2"><span class='ocrx_word' id='word_1_1' title='bbox 235 184 296 221; x_wconf 71' lang='lat'><strong>40</strong></span> <span class='ocrx_word' id='word_1_2' title='bbox 803 185 872 222; x_wconf 78' lang='lat' dir='ltr'><strong>Dl‘]</strong></span> <span class='ocrx_word' id='word_1_3' title='bbox 905 185 1135 223; x_wconf 78' lang='lat' dir='ltr'>LEGIBUS</span> 
     </span>
    </p>
   </div>
   <div class='ocr_carea' id='block_1_2' title="bbox 233 296 1705 2828">
    <p class='ocr_par' dir='ltr' id='par_1_2' title="bbox 233 296 1705 2828">
     <span class='ocr_line' id='line_1_2' title="bbox 236 296 1698 349; baseline 0.002 -15"><span class='ocrx_word' id='word_1_4' title='bbox 236 296 372 334; x_wconf 87' lang='lat' dir='ltr'><strong>dauit:</strong></span> <span class='ocrx_word' id='word_1_5' title='bbox 426 298 466 333; x_wconf 87' lang='lat' dir='ltr'><strong>si</strong></span> <span class='ocrx_word' id='word_1_6' title='bbox 521 308 638 332; x_wconf 90' lang='lat' dir='ltr'><strong>uero</strong></span> <span class='ocrx_word' id='word_1_7' title='bbox 691 296 878 333; x_wconf 84' lang='lat' dir='ltr'><strong>iisdem</strong></span> <span class='ocrx_word' id='word_1_8' title='bbox 931 298 1172 349; x_wconf 86' lang='lat' dir='ltr'><strong>imperiis</strong></span> <span class='ocrx_word' id='word_1_9' title='bbox 1226 302 1274 334; x_wconf 88' lang='lat' dir='ltr'><strong>et</strong></span> <span class='ocrx_word' id='word_1_10' title='bbox 1330 300 1698 348; x_wconf 74' lang='lat' dir='ltr'><strong>potestatibus</strong></span> 
     </span>
     <span class='ocr_line' id='line_1_3' title="bbox 234 352 1699 406; baseline 0.002 -16"><span class='ocrx_word' id='word_1_11' title='bbox 234 356 445 406; x_wconf 78' lang='lat' dir='ltr'><strong>parent,</strong></span> <span class='ocrx_word' id='word_1_12' title='bbox 490 355 708 400; x_wconf 83' lang='lat' dir='ltr'><strong>parent,</strong></span> <span class='ocrx_word' id='word_1_13' title='bbox 750 357 801 389; x_wconf 93' lang='lat' dir='ltr'><strong>et</strong></span> <span class='ocrx_word' id='word_1_14' title='bbox 838 352 1000 391; x_wconf 90' lang='lat' dir='ltr'><strong>multo</strong></span> <span class='ocrx_word' id='word_1_15' title='bbox 1042 355 1195 391; x_wconf 87' lang='lat' dir='ltr'><strong>etiam</strong></span> <span class='ocrx_word' id='word_1_16' title='bbox 1235 354 1423 403; x_wconf 80' lang='lat' dir='ltr'><strong>magis,</strong></span> <span class='ocrx_word' id='word_1_17' title='bbox 1467 353 1699 393; x_wconf 86' lang='lat' dir='ltr'><strong>coelesti</strong></span> 
     </span>
     <span class='ocr_line' id='line_1_4' title="bbox 236 408 1697 458; baseline 0.001 -11"><span class='ocrx_word' id='word_1_18' title='bbox 236 408 626 458; x_wconf 79' lang='lat' dir='ltr'><strong>descriptioni).</strong></span> <span class='ocrx_word' id='word_1_19' title='bbox 687 409 801 456; x_wconf 77' lang='lat' dir='ltr'><strong>Quae</strong></span> <span class='ocrx_word' id='word_1_20' title='bbox 833 422 922 446; x_wconf 90' lang='lat' dir='ltr'><strong>cum</strong></span> <span class='ocrx_word' id='word_1_21' title='bbox 956 411 1009 447; x_wconf 87' lang='lat' dir='ltr'><strong>ita</strong></span> <span class='ocrx_word' id='word_1_22' title='bbox 1044 411 1149 458; x_wconf 83' lang='lat' dir='ltr'><strong>sint,</strong></span> <span class='ocrx_word' id='word_1_23' title='bbox 1182 410 1220 446; x_wconf 92' lang='lat' dir='ltr'><strong>in</strong></span> <span class='ocrx_word' id='word_1_24' title='bbox 1256 409 1443 448; x_wconf 89' lang='lat' dir='ltr'><strong>codicum</strong></span> <span class='ocrx_word' id='word_1_25' title='bbox 1482 410 1697 449; x_wconf 90' lang='lat' dir='ltr'><strong>meliorum</strong></span> 
     </span>
     <span class='ocr_line' id='line_1_5' title="bbox 235 463 1698 518; baseline 0.002 -15"><span class='ocrx_word' id='word_1_26' title='bbox 235 467 437 515; x_wconf 85' lang='lat' dir='ltr'><strong>scriptura</strong></span> <span class='ocrx_word' id='word_1_27' title='bbox 470 463 584 510; x_wconf 84' lang='lat' dir='ltr'><strong>(uide</strong></span> <span class='ocrx_word' id='word_1_28' title='bbox 615 468 754 501; x_wconf 88' lang='lat' dir='ltr'><strong>annot.</strong></span> <span class='ocrx_word' id='word_1_29' title='bbox 789 464 907 517; x_wconf 87' lang='lat' dir='ltr'><strong>crit.)</strong></span> <span class='ocrx_word' id='word_1_30' title='bbox 936 470 1101 517; x_wconf 86' lang='lat' dir='ltr'><strong>praeter</strong></span> <span class='ocrx_word' id='word_1_31' title='bbox 1141 464 1333 503; x_wconf 90' lang='lat' dir='ltr'><strong>mendum</strong></span> <span class='ocrx_word' id='word_1_32' title='bbox 1376 471 1488 516; x_wconf 89' lang='lat' dir='ltr'><strong>aut,</strong></span> <span class='ocrx_word' id='word_1_33' title='bbox 1532 480 1580 504; x_wconf 83' lang='lat' dir='ltr'><strong>ex</strong></span> <span class='ocrx_word' id='word_1_34' title='bbox 1620 482 1698 518; x_wconf 90' lang='lat' dir='ltr'><strong>quo</strong></span> 
     </span>
     <span class='ocr_line' id='line_1_6' title="bbox 233 520 1698 574; baseline 0.002 -16"><span class='ocrx_word' id='word_1_35' title='bbox 233 527 328 573; x_wconf 67' lang='lat' dir='ltr'><strong>post</strong></span> <span class='ocrx_word' id='word_1_36' title='bbox 357 520 594 557; x_wconf 79' lang='lat' dir='ltr'><strong>Turnebum</strong></span> <span class='ocrx_word' id='word_1_37' title='bbox 636 526 678 557; x_wconf 89' lang='lat' dir='ltr'><strong>et</strong></span> <span class='ocrx_word' id='word_1_38' title='bbox 718 521 943 559; x_wconf 86' lang='lat' dir='ltr'><strong>Manutium</strong></span> <span class='ocrx_word' id='word_1_39' title='bbox 987 523 1199 571; x_wconf 77' lang='lat' dir='ltr'><strong>Dauisius,</strong></span> <span class='ocrx_word' id='word_1_40' title='bbox 1242 522 1523 572; x_wconf 83' lang='lat' dir='ltr'><strong>Goerenzius‚</strong></span> <span class='ocrx_word' id='word_1_41' title='bbox 1552 522 1698 574; x_wconf 86' lang='lat' dir='ltr'><strong>reliqui</strong></span> 
     </span>
     <span class='ocr_line' id='line_1_7' title="bbox 233 577 1698 630; baseline 0.001 -14"><span class='ocrx_word' id='word_1_42' title='bbox 233 578 381 616; x_wconf 88' lang='lat' dir='ltr'><strong>merito</strong></span> <span class='ocrx_word' id='word_1_43' title='bbox 413 580 581 614; x_wconf 92' lang='lat' dir='ltr'><strong>autem</strong></span> <span class='ocrx_word' id='word_1_44' title='bbox 616 577 868 626; x_wconf 76' lang='lat' dir='ltr'><strong>effecerunt,</strong></span> <span class='ocrx_word' id='word_1_45' title='bbox 901 577 1001 615; x_wconf 86' lang='lat' dir='ltr'>nihil</span> <span class='ocrx_word' id='word_1_46' title='bbox 1032 583 1130 629; x_wconf 90' lang='lat' dir='ltr'><strong>puto</strong></span> <span class='ocrx_word' id='word_1_47' title='bbox 1161 579 1306 616; x_wconf 89' lang='lat' dir='ltr'><strong>mutari</strong></span> <span class='ocrx_word' id='word_1_48' title='bbox 1330 585 1535 630; x_wconf 76' lang='lat' dir='ltr'>oportere.</span> <span class='ocrx_word' id='word_1_49' title='bbox 1597 581 1698 618; x_wconf 72' lang='lat' dir='ltr'><strong>Nam</strong></span> 
     </span>
     <span class='ocr_line' id='line_1_8' title="bbox 233 631 1696 687; baseline 0.001 -15"><span class='ocrx_word' id='word_1_50' title='bbox 233 638 284 673; x_wconf 88' lang='lat' dir='ltr'><strong>nt</strong></span> <span class='ocrx_word' id='word_1_51' title='bbox 316 635 354 670; x_wconf 91' lang='lat' dir='ltr'><strong>in</strong></span> <span class='ocrx_word' id='word_1_52' title='bbox 388 631 672 670; x_wconf 86' lang='lat' dir='ltr'><strong>concludendo</strong></span> <span class='ocrx_word' id='word_1_53' title='bbox 705 634 803 671; x_wconf 85' lang='lat' dir='ltr'><strong>satis</strong></span> <span class='ocrx_word' id='word_1_54' title='bbox 835 633 1030 684; x_wconf 78' lang='lat' dir='ltr'><strong>frequens</strong></span> <span class='ocrx_word' id='word_1_55' title='bbox 1061 639 1140 672; x_wconf 89' lang='lat' dir='ltr'><strong>est.</strong></span> <span class='ocrx_word' id='word_1_56' title='bbox 1203 634 1289 672; x_wconf 77' lang='lat' dir='ltr'><strong>Cic.</strong></span> <span class='ocrx_word' id='word_1_57' title='bbox 1332 634 1384 672; x_wconf 88' lang='lat' dir='ltr'><strong>(le</strong></span> <span class='ocrx_word' id='word_1_58' title='bbox 1413 636 1515 687; x_wconf 72' lang='lat' dir='ltr'><strong>nep.</strong></span> <span class='ocrx_word' id='word_1_59' title='bbox 1552 636 1581 685; x_wconf 88' lang='grc' dir='ltr'><strong>Ι,</strong></span> <span class='ocrx_word' id='word_1_60' title='bbox 1632 635 1696 676; x_wconf 80' lang='grc'><strong>10.</strong></span> 
     </span>
     <span class='ocr_line' id='line_1_9' title="bbox 234 690 1699 742; baseline 0.001 -13"><span class='ocrx_word' id='word_1_61' title='bbox 234 702 398 740; x_wconf 90' lang='lat' dir='ltr'><strong>neque</strong></span> <span class='ocrx_word' id='word_1_62' title='bbox 430 690 577 727; x_wconf 87' lang='lat' dir='ltr'><strong>leues</strong></span> <span class='ocrx_word' id='word_1_63' title='bbox 610 695 751 739; x_wconf 83' lang='lat' dir='ltr'><strong>sunt,</strong></span> <span class='ocrx_word' id='word_1_64' title='bbox 784 691 867 740; x_wconf 92' lang='lat' dir='ltr'><strong>qui</strong></span> <span class='ocrx_word' id='word_1_65' title='bbox 898 703 950 729; x_wconf 94' lang='lat' dir='ltr'><strong>se</strong></span> <span class='ocrx_word' id='word_1_66' title='bbox 983 691 1081 729; x_wconf 89' lang='lat' dir='ltr'><strong>duo</strong></span> <span class='ocrx_word' id='word_1_67' title='bbox 1114 690 1255 729; x_wconf 88' lang='lat' dir='ltr'><strong>soles</strong></span> <span class='ocrx_word' id='word_1_68' title='bbox 1281 691 1479 729; x_wconf 89' lang='lat' dir='ltr'><strong>uidisse</strong></span> <span class='ocrx_word' id='word_1_69' title='bbox 1504 692 1699 742; x_wconf 85' lang='lat' dir='ltr'><strong>dicant,</strong></span> 
     </span>
     <span class='ocr_line' id='line_1_10' title="bbox 234 745 1701 799; baseline 0 -13"><span class='ocrx_word' id='word_1_70' title='bbox 234 751 289 786; x_wconf 89' lang='lat' dir='ltr'><strong>ut</strong></span> <span class='ocrx_word' id='word_1_71' title='bbox 328 757 428 784; x_wconf 92' lang='lat' dir='ltr'><strong>non</strong></span> <span class='ocrx_word' id='word_1_72' title='bbox 460 750 557 783; x_wconf 83' lang='lat' dir='ltr'><strong>tam</strong></span> <span class='ocrx_word' id='word_1_73' title='bbox 582 745 728 784; x_wconf 88' lang='lat' dir='ltr'><strong>fides</strong></span> <span class='ocrx_word' id='word_1_74' title='bbox 760 759 856 784; x_wconf 92' lang='lat' dir='ltr'><strong>non</strong></span> <span class='ocrx_word' id='word_1_75' title='bbox 897 747 1138 785; x_wconf 89' lang='lat' dir='ltr'><strong>habenda</strong></span> <span class='ocrx_word' id='word_1_76' title='bbox 1178 760 1324 798; x_wconf 84' lang='lat' dir='ltr'><strong>quam</strong></span> <span class='ocrx_word' id='word_1_77' title='bbox 1366 749 1508 786; x_wconf 89' lang='lat' dir='ltr'><strong>ratio</strong></span> <span class='ocrx_word' id='word_1_78' title='bbox 1548 761 1701 799; x_wconf 92' lang='lat' dir='ltr'><strong>quae-</strong></span> 
     </span>
     <span class='ocr_line' id='line_1_11' title="bbox 234 802 1700 843; baseline 0 0"><span class='ocrx_word' id='word_1_79' title='bbox 234 803 396 843; x_wconf 82' lang='lat' dir='ltr'><strong>renda</strong></span> <span class='ocrx_word' id='word_1_80' title='bbox 437 804 528 841; x_wconf 91' lang='lat' dir='ltr'><strong>sit.</strong></span> <span class='ocrx_word' id='word_1_81' title='bbox 605 802 714 840; x_wconf 88' lang='lat' dir='ltr'><strong>Jam</strong></span> <span class='ocrx_word' id='word_1_82' title='bbox 763 807 897 841; x_wconf 84' lang='lat' dir='ltr'><strong>autem</strong></span> <span class='ocrx_word' id='word_1_83' title='bbox 945 803 1251 842; x_wconf 81' lang='lat' dir='ltr'>conclusionem</span> <span class='ocrx_word' id='word_1_84' title='bbox 1303 803 1460 843; x_wconf 87' lang='lat' dir='ltr'><strong>indicat</strong></span> <span class='ocrx_word' id='word_1_85' title='bbox 1505 807 1700 843; x_wconf 88' lang='lat' dir='ltr'><strong>continuo</strong></span> 
     </span>
     <span class='ocr_line' id='line_1_12' title="bbox 236 859 1701 912; baseline 0.001 -13"><span class='ocrx_word' id='word_1_86' title='bbox 236 860 348 899; x_wconf 78' lang='lat' dir='ltr'><strong>effici</strong></span> <span class='ocrx_word' id='word_1_87' title='bbox 385 870 433 896; x_wconf 85' lang='lat' dir='ltr'><strong>ex</strong></span> <span class='ocrx_word' id='word_1_88' title='bbox 472 860 555 908; x_wconf 87' lang='lat' dir='ltr'><strong>eis,</strong></span> <span class='ocrx_word' id='word_1_89' title='bbox 594 872 697 909; x_wconf 91' lang='lat' dir='ltr'><strong>quae</strong></span> <span class='ocrx_word' id='word_1_90' title='bbox 738 859 847 898; x_wconf 83' lang='lat' dir='ltr'><strong>dicta</strong></span> <span class='ocrx_word' id='word_1_91' title='bbox 884 865 995 898; x_wconf 88' lang='lat' dir='ltr'><strong>sunt.</strong></span> <span class='ocrx_word' id='word_1_92' title='bbox 1071 861 1158 899; x_wconf 85' lang='lat' dir='ltr'><strong>Cic.</strong></span> <span class='ocrx_word' id='word_1_93' title='bbox 1198 873 1272 912; x_wconf 91' lang='lat' dir='ltr'><strong>pro</strong></span> <span class='ocrx_word' id='word_1_94' title='bbox 1303 860 1465 902; x_wconf 83' lang='lat' dir='ltr'><strong>Cluent.</strong></span> <span class='ocrx_word' id='word_1_95' title='bbox 1498 859 1568 911; x_wconf 78' lang='grc'><strong>41,</strong></span> <span class='ocrx_word' id='word_1_96' title='bbox 1604 860 1701 901; x_wconf 83' lang='grc'><strong>113.</strong></span> 
     </span>
     <span class='ocr_line' id='line_1_13' title="bbox 237 916 1700 969; baseline 0 -14"><span class='ocrx_word' id='word_1_97' title='bbox 237 922 370 956; x_wconf 88' lang='lat' dir='ltr'><strong>esto:</strong></span> <span class='ocrx_word' id='word_1_98' title='bbox 419 916 597 966; x_wconf 90' lang='lat' dir='ltr'><strong>potuit</strong></span> <span class='ocrx_word' id='word_1_99' title='bbox 644 928 765 955; x_wconf 88' lang='lat' dir='ltr'><strong>esse</strong></span> <span class='ocrx_word' id='word_1_100' title='bbox 808 917 1083 955; x_wconf 78' lang='lat' dir='ltr'><strong>innocens.</strong></span> <span class='ocrx_word' id='word_1_101' title='bbox 1156 917 1264 955; x_wconf 87' lang='lat' dir='ltr'><strong>Jam</strong></span> <span class='ocrx_word' id='word_1_102' title='bbox 1321 930 1444 968; x_wconf 80' lang='lat' dir='ltr'><strong>ergo</strong></span> <span class='ocrx_word' id='word_1_103' title='bbox 1501 916 1700 969; x_wconf 86' lang='lat' dir='ltr'><strong>aliquis</strong></span> 
     </span>
     <span class='ocr_line' id='line_1_14' title="bbox 236 972 1697 1025; baseline 0 -13"><span class='ocrx_word' id='word_1_104' title='bbox 236 973 582 1025; x_wconf 85' lang='lat' dir='ltr'>Oppianicum</span> <span class='ocrx_word' id='word_1_105' title='bbox 638 974 807 1022; x_wconf 82' lang='lat' dir='ltr'><strong>gratis</strong></span> <span class='ocrx_word' id='word_1_106' title='bbox 858 972 1259 1011; x_wconf 85' lang='lat' dir='ltr'><strong>condemnauit:</strong></span> <span class='ocrx_word' id='word_1_107' title='bbox 1314 975 1414 1012; x_wconf 90' lang='lat' dir='ltr'><strong>iam</strong></span> <span class='ocrx_word' id='word_1_108' title='bbox 1463 987 1559 1012; x_wconf 90' lang='lat' dir='ltr'><strong>non</strong></span> <span class='ocrx_word' id='word_1_109' title='bbox 1606 986 1697 1012; x_wconf 87' lang='lat' dir='ltr'><strong>eos</strong></span> 
     </span>
     <span class='ocr_line' id='line_1_15' title="bbox 235 1029 1702 1082; baseline -0.001 -12"><span class='ocrx_word' id='word_1_110' title='bbox 235 1031 421 1070; x_wconf 84' lang='lat' dir='ltr'><strong>Junius</strong></span> <span class='ocrx_word' id='word_1_111' title='bbox 454 1029 788 1068; x_wconf 89' lang='lat' dir='ltr'><strong>subsortitus</strong></span> <span class='ocrx_word' id='word_1_112' title='bbox 821 1034 928 1081; x_wconf 81' lang='lat' dir='ltr'><strong>est,</strong></span> <span class='ocrx_word' id='word_1_113' title='bbox 960 1031 1042 1080; x_wconf 91' lang='lat' dir='ltr'><strong>qui</strong></span> <span class='ocrx_word' id='word_1_114' title='bbox 1076 1030 1304 1082; x_wconf 87' lang='lat' dir='ltr'><strong>pecunia</strong></span> <span class='ocrx_word' id='word_1_115' title='bbox 1335 1033 1553 1082; x_wconf 87' lang='lat' dir='ltr'><strong>accepta</strong></span> <span class='ocrx_word' id='word_1_116' title='bbox 1585 1043 1702 1069; x_wconf 91' lang='lat' dir='ltr'><strong>con-</strong></span> 
     </span>
     <span class='ocr_line' id='line_1_16' title="bbox 236 1085 1701 1135; baseline -0.001 -9"><span class='ocrx_word' id='word_1_117' title='bbox 236 1088 560 1126; x_wconf 84' lang='lat' dir='ltr'><strong>demnarent.</strong></span> <span class='ocrx_word' id='word_1_118' title='bbox 624 1085 710 1124; x_wconf 85' lang='lat' dir='ltr'><strong>Cic.</strong></span> <span class='ocrx_word' id='word_1_119' title='bbox 750 1087 825 1125; x_wconf 83' lang='lat' dir='ltr'><strong>Or.</strong></span> <span class='ocrx_word' id='word_1_120' title='bbox 864 1086 929 1135; x_wconf 80' lang='lat'><strong>17,</strong></span> <span class='ocrx_word' id='word_1_121' title='bbox 975 1085 1042 1127; x_wconf 77' lang='lat'><strong>56.</strong></span> <span class='ocrx_word' id='word_1_122' title='bbox 1100 1086 1300 1124; x_wconf 84' lang='lat' dir='ltr'><strong>diserti</strong></span> <span class='ocrx_word' id='word_1_123' title='bbox 1350 1086 1701 1126; x_wconf 83' lang='lat' dir='ltr'><strong>deformitate</strong></span> 
     </span>
     <span class='ocr_line' id='line_1_17' title="bbox 236 1140 1700 1194; baseline -0.001 -12"><span class='ocrx_word' id='word_1_124' title='bbox 236 1141 430 1194; x_wconf 80' lang='lat' dir='ltr'><strong>agendi</strong></span> <span class='ocrx_word' id='word_1_125' title='bbox 470 1140 628 1179; x_wconf 90' lang='lat' dir='ltr'><strong>multi</strong></span> <span class='ocrx_word' id='word_1_126' title='bbox 668 1142 914 1181; x_wconf 87' lang='lat' dir='ltr'><strong>infantes</strong></span> <span class='ocrx_word' id='word_1_127' title='bbox 958 1143 1133 1194; x_wconf 89' lang='lat' dir='ltr'><strong>putati</strong></span> <span class='ocrx_word' id='word_1_128' title='bbox 1177 1148 1321 1193; x_wconf 76' lang='lat' dir='ltr'><strong>sunt,</strong></span> <span class='ocrx_word' id='word_1_129' title='bbox 1368 1146 1418 1180; x_wconf 92' lang='lat' dir='ltr'><strong>ut</strong></span> <span class='ocrx_word' id='word_1_130' title='bbox 1461 1144 1558 1182; x_wconf 87' lang='lat' dir='ltr'><strong>iam</strong></span> <span class='ocrx_word' id='word_1_131' title='bbox 1599 1156 1700 1180; x_wconf 91' lang='lat' dir='ltr'><strong>non</strong></span> 
     </span>
     <span class='ocr_line' id='line_1_18' title="bbox 235 1199 1703 1250; baseline -0.001 -12"><span class='ocrx_word' id='word_1_132' title='bbox 235 1202 353 1239; x_wconf 89' lang='lat' dir='ltr'><strong>sine</strong></span> <span class='ocrx_word' id='word_1_133' title='bbox 401 1211 551 1235; x_wconf 84' lang='lat' dir='ltr'><strong>causa</strong></span> <span class='ocrx_word' id='word_1_134' title='bbox 596 1199 992 1237; x_wconf 81' lang='lat' dir='ltr'><strong>Demosthenes</strong></span> <span class='ocrx_word' id='word_1_135' title='bbox 1040 1199 1294 1236; x_wconf 88' lang='lat' dir='ltr'><strong>tribuerit</strong></span> <span class='ocrx_word' id='word_1_136' title='bbox 1333 1204 1382 1236; x_wconf 91' lang='lat' dir='ltr'><strong>et</strong></span> <span class='ocrx_word' id='word_1_137' title='bbox 1414 1200 1612 1250; x_wconf 87' lang='lat' dir='ltr'><strong>primas</strong></span> <span class='ocrx_word' id='word_1_138' title='bbox 1654 1203 1703 1236; x_wconf 88' lang='lat' dir='ltr'><strong>et</strong></span> 
     </span>
     <span class='ocr_line' id='line_1_19' title="bbox 235 1254 1701 1306; baseline -0.001 -10"><span class='ocrx_word' id='word_1_139' title='bbox 235 1254 495 1296; x_wconf 85' lang='lat' dir='ltr'><strong>secundas</strong></span> <span class='ocrx_word' id='word_1_140' title='bbox 528 1259 580 1292; x_wconf 89' lang='lat' dir='ltr'><strong>et</strong></span> <span class='ocrx_word' id='word_1_141' title='bbox 612 1257 813 1294; x_wconf 86' lang='lat' dir='ltr'><strong>tertias</strong></span> <span class='ocrx_word' id='word_1_142' title='bbox 846 1257 1058 1293; x_wconf 82' lang='lat' dir='ltr'><strong>actioni.</strong></span> <span class='ocrx_word' id='word_1_143' title='bbox 1119 1256 1252 1304; x_wconf 78' lang='lat' dir='ltr'><strong>Quare</strong></span> <span class='ocrx_word' id='word_1_144' title='bbox 1290 1260 1331 1292; x_wconf 87' lang='lat' dir='ltr'><strong>et</strong></span> <span class='ocrx_word' id='word_1_145' title='bbox 1361 1268 1485 1306; x_wconf 87' lang='lat' dir='ltr'><strong>praua</strong></span> <span class='ocrx_word' id='word_1_146' title='bbox 1515 1255 1701 1294; x_wconf 86' lang='lat' dir='ltr'><strong>deterio-</strong></span> 
     </span>
     <span class='ocr_line' id='line_1_20' title="bbox 235 1310 1701 1362; baseline -0.001 -10"><span class='ocrx_word' id='word_1_147' title='bbox 235 1327 324 1352; x_wconf 87' lang='lat' dir='ltr'><strong>rum</strong></span> <span class='ocrx_word' id='word_1_148' title='bbox 367 1310 617 1362; x_wconf 90' lang='lat' dir='ltr'><strong>quorundam</strong></span> <span class='ocrx_word' id='word_1_149' title='bbox 666 1312 850 1350; x_wconf 89' lang='lat' dir='ltr'><strong>codicum</strong></span> <span class='ocrx_word' id='word_1_150' title='bbox 892 1312 1092 1350; x_wconf 90' lang='lat' dir='ltr'><strong>correctio</strong></span> <span class='ocrx_word' id='word_1_151' title='bbox 1137 1316 1201 1350; x_wconf 90' lang='lat' dir='ltr'><strong>est</strong></span> <span class='ocrx_word' id='word_1_152' title='bbox 1238 1311 1373 1349; x_wconf 90' lang='lat' dir='ltr'><strong>unde</strong></span> <span class='ocrx_word' id='word_1_153' title='bbox 1424 1313 1577 1350; x_wconf 84' lang='lat' dir='ltr'><strong>etiam</strong></span> <span class='ocrx_word' id='word_1_154' title='bbox 1624 1325 1701 1351; x_wconf 82' lang='lat' dir='ltr'><strong>nec</strong></span> 
     </span>
     <span class='ocr_line' id='line_1_21' title="bbox 235 1368 1700 1420; baseline -0.001 -12"><span class='ocrx_word' id='word_1_155' title='bbox 235 1369 563 1420; x_wconf 84' lang='lat' dir='ltr'><strong>reprehensione</strong></span> <span class='ocrx_word' id='word_1_156' title='bbox 596 1368 710 1406; x_wconf 89' lang='lat' dir='ltr'><strong>Bakii</strong></span> <span class='ocrx_word' id='word_1_157' title='bbox 743 1370 978 1406; x_wconf 86' lang='lat' dir='ltr'><strong>coniectura</strong></span> <span class='ocrx_word' id='word_1_158' title='bbox 1010 1373 1148 1407; x_wconf 85' lang='lat' dir='ltr'><strong>uacat:</strong></span> <span class='ocrx_word' id='word_1_159' title='bbox 1182 1371 1552 1420; x_wconf 87' lang='lat' dir='ltr'><strong>praepotenti;</strong></span> <span class='ocrx_word' id='word_1_160' title='bbox 1584 1368 1700 1408; x_wconf 88' lang='lat' dir='ltr'><strong>ideo</strong></span> 
     </span>
     <span class='ocr_line' id='line_1_22' title="bbox 238 1424 1702 1466; baseline 0.001 -3"><span class='ocrx_word' id='word_1_161' title='bbox 238 1427 392 1465; x_wconf 85' lang='lat' dir='ltr'><strong>etiam</strong></span> <span class='ocrx_word' id='word_1_162' title='bbox 423 1425 709 1462; x_wconf 90' lang='lat' dir='ltr'><strong>uniuersus</strong></span> <span class='ocrx_word' id='word_1_163' title='bbox 742 1425 827 1462; x_wconf 90' lang='lat' dir='ltr'><strong>hic</strong></span> <span class='ocrx_word' id='word_1_164' title='bbox 859 1424 1077 1462; x_wconf 89' lang='lat' dir='ltr'><strong>mundus</strong></span> <span class='ocrx_word' id='word_1_165' title='bbox 1120 1447 1174 1452; x_wconf 88' lang='lat'><strong>—-</strong></span> <span class='ocrx_word' id='word_1_166' title='bbox 1215 1425 1570 1464; x_wconf 83' lang='lat' dir='ltr'><strong>existimanda</strong></span> <span class='ocrx_word' id='word_1_167' title='bbox 1610 1431 1702 1466; x_wconf 88' lang='lat' dir='ltr'><strong>est.</strong></span> 
     </span>
     <span class='ocr_line' id='line_1_23' title="bbox 237 1478 1700 1537; baseline -0.001 -16"><span class='ocrx_word' id='word_1_168' title='bbox 237 1482 426 1533; x_wconf 86' lang='lat' dir='ltr'><strong>Denique</strong></span> <span class='ocrx_word' id='word_1_169' title='bbox 476 1492 529 1518; x_wconf 89' lang='lat' dir='ltr'><strong>ne</strong></span> <span class='ocrx_word' id='word_1_170' title='bbox 596 1481 692 1518; x_wconf 91' lang='lat' dir='ltr'><strong>iam</strong></span> <span class='ocrx_word' id='word_1_171' title='bbox 750 1479 913 1531; x_wconf 89' lang='lat' dir='ltr'><strong>quidem</strong></span> <span class='ocrx_word' id='word_1_172' title='bbox 966 1478 1165 1532; x_wconf 84' lang='lat' dir='ltr'><strong>particula</strong></span> <span class='ocrx_word' id='word_1_173' title='bbox 1209 1480 1466 1530; x_wconf 84' lang='lat' dir='ltr'><strong>praecedens</strong></span> <span class='ocrx_word' id='word_1_174' title='bbox 1519 1479 1700 1537; x_wconf 87' lang='lat' dir='ltr'><strong>(multo</strong></span> 
     </span>
     <span class='ocr_line' id='line_1_24' title="bbox 235 1534 1699 1590; baseline 0 -13"><span class='ocrx_word' id='word_1_175' title='bbox 235 1541 333 1578; x_wconf 89' lang='lat' dir='ltr'><strong>iam</strong></span> <span class='ocrx_word' id='word_1_176' title='bbox 367 1534 552 1590; x_wconf 78' lang='lat' dir='ltr'><strong>magis)</strong></span> <span class='ocrx_word' id='word_1_177' title='bbox 582 1542 694 1575; x_wconf 86' lang='lat' dir='ltr'><strong>recte</strong></span> <span class='ocrx_word' id='word_1_178' title='bbox 728 1540 793 1574; x_wconf 89' lang='lat' dir='ltr'><strong>est</strong></span> <span class='ocrx_word' id='word_1_179' title='bbox 824 1536 1042 1575; x_wconf 88' lang='lat' dir='ltr'><strong>sollicitata</strong></span> <span class='ocrx_word' id='word_1_180' title='bbox 1065 1537 1246 1575; x_wconf 86' lang='lat' dir='ltr'><strong>Turnebi</strong></span> <span class='ocrx_word' id='word_1_181' title='bbox 1275 1538 1511 1576; x_wconf 87' lang='lat' dir='ltr'><strong>coniectura</strong></span> <span class='ocrx_word' id='word_1_182' title='bbox 1543 1539 1699 1577; x_wconf 89' lang='lat' dir='ltr'><strong>etiam</strong></span> 
     </span>
     <span class='ocr_line' id='line_1_25' title="bbox 237 1593 1698 1646; baseline 0.001 -13"><span class='ocrx_word' id='word_1_183' title='bbox 237 1597 285 1634; x_wconf 88' lang='lat' dir='ltr'><strong>ab</strong></span> <span class='ocrx_word' id='word_1_184' title='bbox 333 1595 518 1632; x_wconf 86' lang='lat' dir='ltr'><strong>omnibus</strong></span> <span class='ocrx_word' id='word_1_185' title='bbox 563 1593 653 1630; x_wconf 87' lang='lat' dir='ltr'><strong>sere</strong></span> <span class='ocrx_word' id='word_1_186' title='bbox 687 1594 857 1645; x_wconf 83' lang='lat' dir='ltr'><strong>probata</strong></span> <span class='ocrx_word' id='word_1_187' title='bbox 897 1600 940 1631; x_wconf 85' lang='lat' dir='ltr'><strong>et</strong></span> <span class='ocrx_word' id='word_1_188' title='bbox 977 1608 997 1631; x_wconf 87' lang='lat' dir='ltr'><strong>a</strong></span> <span class='ocrx_word' id='word_1_189' title='bbox 1038 1606 1105 1631; x_wconf 88' lang='lat' dir='ltr'><strong>me</strong></span> <span class='ocrx_word' id='word_1_190' title='bbox 1136 1606 1294 1644; x_wconf 91' lang='lat' dir='ltr'><strong>quoque</strong></span> <span class='ocrx_word' id='word_1_191' title='bbox 1325 1598 1485 1632; x_wconf 86' lang='lat' dir='ltr'><strong>temere</strong></span> <span class='ocrx_word' id='word_1_192' title='bbox 1516 1600 1698 1646; x_wconf 87' lang='lat' dir='ltr'><strong>recepta.</strong></span> 
     </span>
     <span class='ocr_line' id='line_1_26' title="bbox 236 1648 1702 1703; baseline 0 -13"><span class='ocrx_word' id='word_1_193' title='bbox 236 1652 330 1690; x_wconf 86' lang='lat' dir='ltr'><strong>Etsi</strong></span> <span class='ocrx_word' id='word_1_194' title='bbox 373 1651 481 1688; x_wconf 85' lang='lat' dir='ltr'><strong>enim</strong></span> <span class='ocrx_word' id='word_1_195' title='bbox 513 1648 691 1700; x_wconf 80' lang='lat' dir='ltr'><strong>augendi</strong></span> <span class='ocrx_word' id='word_1_196' title='bbox 723 1651 808 1699; x_wconf 84' lang='lat' dir='ltr'><strong>uis,</strong></span> <span class='ocrx_word' id='word_1_197' title='bbox 849 1662 952 1700; x_wconf 87' lang='lat' dir='ltr'><strong>quae</strong></span> <span class='ocrx_word' id='word_1_198' title='bbox 988 1651 1028 1687; x_wconf 91' lang='lat' dir='ltr'><strong>in</strong></span> <span class='ocrx_word' id='word_1_199' title='bbox 1069 1649 1270 1702; x_wconf 85' lang='lat' dir='ltr'><strong>particula</strong></span> <span class='ocrx_word' id='word_1_200' title='bbox 1301 1652 1458 1688; x_wconf 88' lang='lat' dir='ltr'><strong>etiam</strong></span> <span class='ocrx_word' id='word_1_201' title='bbox 1489 1664 1702 1703; x_wconf 89' lang='lat' dir='ltr'><strong>compara-</strong></span> 
     </span>
     <span class='ocr_line' id='line_1_27' title="bbox 236 1704 1701 1758; baseline 0.001 -12"><span class='ocrx_word' id='word_1_202' title='bbox 236 1710 321 1747; x_wconf 84' lang='lat' dir='ltr'><strong>tiuo</strong></span> <span class='ocrx_word' id='word_1_203' title='bbox 353 1706 545 1744; x_wconf 90' lang='lat' dir='ltr'><strong>adiuncto</strong></span> <span class='ocrx_word' id='word_1_204' title='bbox 576 1707 700 1756; x_wconf 83' lang='lat' dir='ltr'><strong>inest,</strong></span> <span class='ocrx_word' id='word_1_205' title='bbox 734 1708 967 1744; x_wconf 85' lang='lat' dir='ltr'><strong>sententiae</strong></span> <span class='ocrx_word' id='word_1_206' title='bbox 998 1704 1064 1744; x_wconf 90' lang='lat' dir='ltr'><strong>uel</strong></span> <span class='ocrx_word' id='word_1_207' title='bbox 1096 1708 1269 1744; x_wconf 82' lang='lat' dir='ltr'><strong>maxime</strong></span> <span class='ocrx_word' id='word_1_208' title='bbox 1292 1712 1356 1744; x_wconf 74' lang='lat' dir='ltr'><strong>est</strong></span> <span class='ocrx_word' id='word_1_209' title='bbox 1380 1708 1701 1758; x_wconf 87' lang='lat' dir='ltr'><strong>accommodata,</strong></span> 
     </span>
     <span class='ocr_line' id='line_1_28' title="bbox 235 1761 1702 1814; baseline 0.001 -12"><span class='ocrx_word' id='word_1_210' title='bbox 235 1777 316 1803; x_wconf 92' lang='lat' dir='ltr'><strong>non</strong></span> <span class='ocrx_word' id='word_1_211' title='bbox 349 1768 486 1802; x_wconf 89' lang='lat' dir='ltr'><strong>tamen</strong></span> <span class='ocrx_word' id='word_1_212' title='bbox 509 1764 741 1801; x_wconf 83' lang='lat' dir='ltr'><strong>necessaria</strong></span> <span class='ocrx_word' id='word_1_213' title='bbox 773 1768 851 1800; x_wconf 90' lang='lat' dir='ltr'><strong>est.</strong></span> <span class='ocrx_word' id='word_1_214' title='bbox 911 1763 1109 1800; x_wconf 84' lang='lat' dir='ltr'><strong>Nimirum</strong></span> <span class='ocrx_word' id='word_1_215' title='bbox 1144 1761 1344 1814; x_wconf 85' lang='lat' dir='ltr'><strong>particula</strong></span> <span class='ocrx_word' id='word_1_216' title='bbox 1375 1763 1469 1799; x_wconf 88' lang='lat' dir='ltr'><strong>iam</strong></span> <span class='ocrx_word' id='word_1_217' title='bbox 1503 1763 1556 1801; x_wconf 88' lang='lat' dir='ltr'><strong>id</strong></span> <span class='ocrx_word' id='word_1_218' title='bbox 1594 1765 1702 1814; x_wconf 86' lang='lat' dir='ltr'><strong>quod</strong></span> 
     </span>
     <span class='ocr_line' id='line_1_29' title="bbox 238 1816 1702 1870; baseline 0 -12"><span class='ocrx_word' id='word_1_219' title='bbox 238 1819 507 1859; x_wconf 78' lang='lat' dir='ltr'><strong>concludatur</strong></span> <span class='ocrx_word' id='word_1_220' title='bbox 539 1820 732 1857; x_wconf 89' lang='lat' dir='ltr'><strong>continuo</strong></span> <span class='ocrx_word' id='word_1_221' title='bbox 764 1819 879 1869; x_wconf 82' lang='lat' dir='ltr'><strong>sequi</strong></span> <span class='ocrx_word' id='word_1_222' title='bbox 920 1818 1118 1856; x_wconf 84' lang='lat' dir='ltr'><strong>declarat.</strong></span> <span class='ocrx_word' id='word_1_223' title='bbox 1186 1817 1388 1856; x_wconf 84' lang='lat' dir='ltr'><strong>Similiter</strong></span> <span class='ocrx_word' id='word_1_224' title='bbox 1433 1817 1483 1856; x_wconf 89' lang='lat' dir='ltr'><strong>de</strong></span> <span class='ocrx_word' id='word_1_225' title='bbox 1519 1820 1623 1870; x_wconf 84' lang='lat' dir='ltr'><strong>Rep.</strong></span> <span class='ocrx_word' id='word_1_226' title='bbox 1666 1816 1702 1869; x_wconf 90' lang='grc' dir='ltr'><strong>Ι,</strong></span> 
     </span>
     <span class='ocr_line' id='line_1_30' title="bbox 239 1870 1703 1930; baseline -0.001 -17"><span class='ocrx_word' id='word_1_227' title='bbox 239 1878 308 1918; x_wconf 75' lang='grc'><strong>32.</strong></span> <span class='ocrx_word' id='word_1_228' title='bbox 341 1874 528 1930; x_wconf 89' lang='lat' dir='ltr'><strong>(multo</strong></span> <span class='ocrx_word' id='word_1_229' title='bbox 560 1878 656 1914; x_wconf 88' lang='lat' dir='ltr'><strong>iam</strong></span> <span class='ocrx_word' id='word_1_230' title='bbox 687 1875 737 1913; x_wconf 87' lang='lat' dir='ltr'><strong>id</strong></span> <span class='ocrx_word' id='word_1_231' title='bbox 763 1878 809 1913; x_wconf 91' lang='lat' dir='ltr'><strong>in</strong></span> <span class='ocrx_word' id='word_1_232' title='bbox 843 1877 1028 1925; x_wconf 76' lang='lat' dir='ltr'><strong>regnis</strong></span> <span class='ocrx_word' id='word_1_233' title='bbox 1061 1870 1255 1927; x_wconf 86' lang='lat' dir='ltr'><strong>minus)</strong></span> <span class='ocrx_word' id='word_1_234' title='bbox 1286 1873 1430 1912; x_wconf 87' lang='lat' dir='ltr'><strong>itidem</strong></span> <span class='ocrx_word' id='word_1_235' title='bbox 1464 1875 1505 1912; x_wconf 94' lang='lat' dir='ltr'><strong>in</strong></span> <span class='ocrx_word' id='word_1_236' title='bbox 1537 1887 1703 1926; x_wconf 86' lang='lat' dir='ltr'><strong>compa-</strong></span> 
     </span>
     <span class='ocr_line' id='line_1_31' title="bbox 238 1928 1704 1984; baseline -0.003 -12"><span class='ocrx_word' id='word_1_237' title='bbox 238 1935 359 1972; x_wconf 86' lang='lat' dir='ltr'><strong>ratiui</strong></span> <span class='ocrx_word' id='word_1_238' title='bbox 391 1934 540 1971; x_wconf 89' lang='lat' dir='ltr'><strong>uicinia</strong></span> <span class='ocrx_word' id='word_1_239' title='bbox 569 1933 709 1984; x_wconf 90' lang='lat' dir='ltr'><strong>posita</strong></span> <span class='ocrx_word' id='word_1_240' title='bbox 741 1936 827 1980; x_wconf 82' lang='lat' dir='ltr'><strong>est,</strong></span> <span class='ocrx_word' id='word_1_241' title='bbox 867 1944 947 1969; x_wconf 91' lang='lat' dir='ltr'><strong>non</strong></span> <span class='ocrx_word' id='word_1_242' title='bbox 981 1936 1026 1969; x_wconf 90' lang='lat' dir='ltr'><strong>ut</strong></span> <span class='ocrx_word' id='word_1_243' title='bbox 1057 1932 1145 1969; x_wconf 90' lang='lat' dir='ltr'><strong>eius</strong></span> <span class='ocrx_word' id='word_1_244' title='bbox 1176 1932 1236 1968; x_wconf 89' lang='lat' dir='ltr'><strong>uis</strong></span> <span class='ocrx_word' id='word_1_245' title='bbox 1270 1934 1486 1982; x_wconf 81' lang='lat' dir='ltr'><strong>augeretur</strong></span> <span class='ocrx_word' id='word_1_246' title='bbox 1517 1928 1634 1984; x_wconf 88' lang='lat' dir='ltr'><strong>(nam</strong></span> <span class='ocrx_word' id='word_1_247' title='bbox 1661 1930 1704 1969; x_wconf 88' lang='lat' dir='ltr'><strong>id</strong></span> 
     </span>
     <span class='ocr_line' id='line_1_32' title="bbox 239 1985 1703 2041; baseline -0.002 -12"><span class='ocrx_word' id='word_1_248' title='bbox 239 1990 401 2041; x_wconf 87' lang='lat' dir='ltr'><strong>quidem</strong></span> <span class='ocrx_word' id='word_1_249' title='bbox 436 1990 524 2026; x_wconf 87' lang='lat' dir='ltr'><strong>fieri</strong></span> <span class='ocrx_word' id='word_1_250' title='bbox 556 2002 635 2027; x_wconf 91' lang='lat' dir='ltr'><strong>non</strong></span> <span class='ocrx_word' id='word_1_251' title='bbox 667 1985 855 2041; x_wconf 76' lang='lat' dir='ltr'><strong>potest)&gt;</strong></span> <span class='ocrx_word' id='word_1_252' title='bbox 888 1987 961 2025; x_wconf 89' lang='lat' dir='ltr'><strong>sed</strong></span> <span class='ocrx_word' id='word_1_253' title='bbox 991 1992 1035 2025; x_wconf 92' lang='lat' dir='ltr'><strong>ut</strong></span> <span class='ocrx_word' id='word_1_254' title='bbox 1066 1986 1115 2025; x_wconf 86' lang='lat' dir='ltr'><strong>ad</strong></span> <span class='ocrx_word' id='word_1_255' title='bbox 1146 2000 1293 2024; x_wconf 90' lang='lat' dir='ltr'><strong>nouam</strong></span> <span class='ocrx_word' id='word_1_256' title='bbox 1317 1999 1487 2036; x_wconf 89' lang='lat' dir='ltr'><strong>eamque</strong></span> <span class='ocrx_word' id='word_1_257' title='bbox 1507 1988 1703 2026; x_wconf 88' lang='lat' dir='ltr'><strong>maiorem</strong></span> 
     </span>
     <span class='ocr_line' id='line_1_33' title="bbox 238 2043 1704 2096; baseline -0.003 -10"><span class='ocrx_word' id='word_1_258' title='bbox 238 2060 325 2086; x_wconf 85' lang='lat' dir='ltr'><strong>rem</strong></span> <span class='ocrx_word' id='word_1_259' title='bbox 358 2045 612 2083; x_wconf 85' lang='lat' dir='ltr'><strong>iudicaretur</strong></span> <span class='ocrx_word' id='word_1_260' title='bbox 640 2046 888 2096; x_wconf 77' lang='lat' dir='ltr'><strong>progressio,</strong></span> <span class='ocrx_word' id='word_1_261' title='bbox 951 2044 1155 2092; x_wconf 80' lang='lat' dir='ltr'><strong>Dauisius,</strong></span> <span class='ocrx_word' id='word_1_262' title='bbox 1194 2044 1284 2093; x_wconf 88' lang='lat' dir='ltr'><strong>quia</strong></span> <span class='ocrx_word' id='word_1_263' title='bbox 1315 2045 1355 2081; x_wconf 92' lang='lat' dir='ltr'><strong>in</strong></span> <span class='ocrx_word' id='word_1_264' title='bbox 1392 2043 1483 2082; x_wconf 86' lang='lat' dir='ltr'><strong>Par.</strong></span> <span class='ocrx_word' id='word_1_265' title='bbox 1528 2048 1570 2081; x_wconf 87' lang='lat' dir='ltr'><strong>et</strong></span> <span class='ocrx_word' id='word_1_266' title='bbox 1598 2044 1704 2095; x_wconf 73' lang='lat' dir='ltr'><strong>Reg.</strong></span> 
     </span>
     <span class='ocr_line' id='line_1_34' title="bbox 240 2098 1702 2156; baseline -0.001 -16"><span class='ocrx_word' id='word_1_267' title='bbox 240 2106 425 2156; x_wconf 86' lang='lat' dir='ltr'><strong>parent</strong></span> <span class='ocrx_word' id='word_1_268' title='bbox 464 2103 510 2138; x_wconf 88' lang='lat' dir='ltr'><strong>ei</strong></span> <span class='ocrx_word' id='word_1_269' title='bbox 552 2098 760 2151; x_wconf 84' lang='lat' dir='ltr'><strong>reperisse</strong></span> <span class='ocrx_word' id='word_1_270' title='bbox 801 2113 845 2137; x_wconf 88' lang='lat' dir='ltr'><strong>se</strong></span> <span class='ocrx_word' id='word_1_271' title='bbox 887 2099 1068 2149; x_wconf 77' lang='lat' dir='ltr'><strong>diceret,</strong></span> <span class='ocrx_word' id='word_1_272' title='bbox 1114 2103 1173 2147; x_wconf 79' lang='lat' dir='ltr'><strong>(at</strong></span> <span class='ocrx_word' id='word_1_273' title='bbox 1215 2100 1248 2136; x_wconf 91' lang='lat' dir='ltr'><strong>si</strong></span> <span class='ocrx_word' id='word_1_274' title='bbox 1289 2100 1470 2150; x_wconf 78' lang='lat' dir='ltr'><strong>reperit,</strong></span> <span class='ocrx_word' id='word_1_275' title='bbox 1509 2099 1702 2138; x_wconf 89' lang='lat' dir='ltr'><strong>mendum</strong></span> 
     </span>
     <span class='ocr_line' id='line_1_35' title="bbox 242 2154 1701 2211; baseline -0.002 -14"><span class='ocrx_word' id='word_1_276' title='bbox 242 2163 429 2211; x_wconf 84' lang='lat' dir='ltr'><strong>apertum</strong></span> <span class='ocrx_word' id='word_1_277' title='bbox 461 2161 569 2207; x_wconf 82' lang='lat' dir='ltr'><strong>est),</strong></span> <span class='ocrx_word' id='word_1_278' title='bbox 611 2158 752 2207; x_wconf 90' lang='lat' dir='ltr'><strong>inepte</strong></span> <span class='ocrx_word' id='word_1_279' title='bbox 794 2156 962 2205; x_wconf 84' lang='lat' dir='ltr'><strong>scripsit</strong></span> <span class='ocrx_word' id='word_1_280' title='bbox 1000 2158 1192 2206; x_wconf 85' lang='lat' dir='ltr'><strong>parent</strong></span> <span class='ocrx_word' id='word_1_281' title='bbox 1232 2156 1297 2204; x_wconf 85' lang='lat' dir='ltr'><strong>ii,</strong></span> <span class='ocrx_word' id='word_1_282' title='bbox 1340 2154 1503 2193; x_wconf 91' lang='lat' dir='ltr'><strong>multo</strong></span> <span class='ocrx_word' id='word_1_283' title='bbox 1545 2157 1701 2194; x_wconf 86' lang='lat' dir='ltr'><strong>etiam</strong></span> 
     </span>
     <span class='ocr_line' id='line_1_36' title="bbox 241 2212 1704 2265; baseline -0.003 -11"><span class='ocrx_word' id='word_1_284' title='bbox 241 2215 404 2265; x_wconf 81' lang='lat' dir='ltr'><strong>magis</strong></span> <span class='ocrx_word' id='word_1_285' title='bbox 436 2216 516 2252; x_wconf 85' lang='lat' dir='ltr'><strong>cet.</strong></span> <span class='ocrx_word' id='word_1_286' title='bbox 578 2212 771 2262; x_wconf 86' lang='lat' dir='ltr'><strong>Sequitur</strong></span> <span class='ocrx_word' id='word_1_287' title='bbox 808 2213 845 2249; x_wconf 92' lang='lat' dir='ltr'><strong>in</strong></span> <span class='ocrx_word' id='word_1_288' title='bbox 880 2212 971 2262; x_wconf 81' lang='lat' dir='ltr'><strong>his,</strong></span> <span class='ocrx_word' id='word_1_289' title='bbox 1016 2215 1060 2249; x_wconf 88' lang='lat' dir='ltr'><strong>nt</strong></span> <span class='ocrx_word' id='word_1_290' title='bbox 1105 2212 1145 2248; x_wconf 88' lang='lat' dir='ltr'><strong>in</strong></span> <span class='ocrx_word' id='word_1_291' title='bbox 1179 2213 1354 2261; x_wconf 85' lang='lat' dir='ltr'><strong>ceteris,</strong></span> <span class='ocrx_word' id='word_1_292' title='bbox 1388 2212 1619 2250; x_wconf 90' lang='lat' dir='ltr'><strong>Stoicorum</strong></span> <span class='ocrx_word' id='word_1_293' title='bbox 1662 2215 1704 2250; x_wconf 88' lang='lat' dir='ltr'><strong>et</strong></span> 
     </span>
     <span class='ocr_line' id='line_1_37' title="bbox 242 2267 1704 2319; baseline -0.001 -10"><span class='ocrx_word' id='word_1_294' title='bbox 242 2273 418 2310; x_wconf 87' lang='lat' dir='ltr'><strong>maxime</strong></span> <span class='ocrx_word' id='word_1_295' title='bbox 459 2268 680 2319; x_wconf 76' lang='lat' dir='ltr'><strong>Chrysippi</strong></span> <span class='ocrx_word' id='word_1_296' title='bbox 717 2269 945 2317; x_wconf 72' lang='lat' dir='ltr'><strong>rationem,</strong></span> <span class='ocrx_word' id='word_1_297' title='bbox 989 2269 1053 2318; x_wconf 90' lang='lat' dir='ltr'><strong>qui</strong></span> <span class='ocrx_word' id='word_1_298' title='bbox 1100 2271 1266 2304; x_wconf 84' lang='lat' dir='ltr'><strong>auctore</strong></span> <span class='ocrx_word' id='word_1_299' title='bbox 1295 2268 1495 2306; x_wconf 86' lang='lat' dir='ltr'><strong>Cicerone</strong></span> <span class='ocrx_word' id='word_1_300' title='bbox 1526 2267 1579 2306; x_wconf 85' lang='lat' dir='ltr'><strong>de</strong></span> <span class='ocrx_word' id='word_1_301' title='bbox 1608 2269 1704 2307; x_wconf 86' lang='lat' dir='ltr'><strong>Nat.</strong></span> 
     </span>
     <span class='ocr_line' id='line_1_38' title="bbox 241 2322 1705 2376; baseline -0.003 -10"><span class='ocrx_word' id='word_1_302' title='bbox 241 2329 368 2367; x_wconf 86' lang='lat' dir='ltr'><strong>Deor.</strong></span> <span class='ocrx_word' id='word_1_303' title='bbox 403 2322 437 2375; x_wconf 88' lang='lat' dir='ltr'><strong>I,</strong></span> <span class='ocrx_word' id='word_1_304' title='bbox 474 2323 541 2365; x_wconf 89' lang='grc'><strong>16.</strong></span> <span class='ocrx_word' id='word_1_305' title='bbox 577 2323 644 2364; x_wconf 80' lang='grc'><strong>39.</strong></span> <span class='ocrx_word' id='word_1_306' title='bbox 688 2326 766 2362; x_wconf 89' lang='lat' dir='ltr'><strong>uim</strong></span> <span class='ocrx_word' id='word_1_307' title='bbox 801 2323 977 2361; x_wconf 81' lang='lat' dir='ltr'><strong>diuinam</strong></span> <span class='ocrx_word' id='word_1_308' title='bbox 1011 2325 1219 2362; x_wconf 86' lang='lat' dir='ltr'><strong>statuebat</strong></span> <span class='ocrx_word' id='word_1_309' title='bbox 1248 2325 1290 2361; x_wconf 82' lang='lat' dir='ltr'><strong>in</strong></span> <span class='ocrx_word' id='word_1_310' title='bbox 1317 2325 1478 2363; x_wconf 86' lang='lat' dir='ltr'><strong>ratione</strong></span> <span class='ocrx_word' id='word_1_311' title='bbox 1509 2336 1600 2363; x_wconf 86' lang='lat' dir='ltr'><strong>esse</strong></span> <span class='ocrx_word' id='word_1_312' title='bbox 1628 2337 1705 2376; x_wconf 92' lang='lat' dir='ltr'><strong>po-</strong></span> 
     </span>
     <span class='ocr_line' id='line_1_39' title="bbox 241 2380 1704 2432; baseline -0.003 -10"><span class='ocrx_word' id='word_1_313' title='bbox 241 2385 362 2423; x_wconf 87' lang='lat' dir='ltr'><strong>sitam</strong></span> <span class='ocrx_word' id='word_1_314' title='bbox 386 2387 428 2420; x_wconf 89' lang='lat' dir='ltr'><strong>et</strong></span> <span class='ocrx_word' id='word_1_315' title='bbox 451 2382 665 2419; x_wconf 80' lang='lat' dir='ltr'><strong>uniuersae</strong></span> <span class='ocrx_word' id='word_1_316' title='bbox 687 2385 854 2418; x_wconf 85' lang='lat' dir='ltr'><strong>naturae</strong></span> <span class='ocrx_word' id='word_1_317' title='bbox 879 2382 1012 2418; x_wconf 84' lang='lat' dir='ltr'><strong>animo</strong></span> <span class='ocrx_word' id='word_1_318' title='bbox 1042 2394 1087 2418; x_wconf 88' lang='lat' dir='ltr'><strong>ac</strong></span> <span class='ocrx_word' id='word_1_319' title='bbox 1108 2385 1247 2417; x_wconf 89' lang='lat' dir='ltr'><strong>mente</strong></span> <span class='ocrx_word' id='word_1_320' title='bbox 1270 2381 1483 2432; x_wconf 88' lang='lat' dir='ltr'><strong>ipsumque</strong></span> <span class='ocrx_word' id='word_1_321' title='bbox 1508 2380 1704 2419; x_wconf 92' lang='lat' dir='ltr'><strong>mundum</strong></span> 
     </span>
     <span class='ocr_line' id='line_1_40' title="bbox 241 2436 1704 2489; baseline -0.003 -10"><span class='ocrx_word' id='word_1_322' title='bbox 241 2440 366 2478; x_wconf 87' lang='lat' dir='ltr'><strong>deum</strong></span> <span class='ocrx_word' id='word_1_323' title='bbox 401 2449 494 2476; x_wconf 82' lang='lat' dir='ltr'><strong>esse</strong></span> <span class='ocrx_word' id='word_1_324' title='bbox 527 2441 569 2474; x_wconf 89' lang='lat' dir='ltr'><strong>et</strong></span> <span class='ocrx_word' id='word_1_325' title='bbox 597 2438 686 2475; x_wconf 88' lang='lat' dir='ltr'><strong>eius</strong></span> <span class='ocrx_word' id='word_1_326' title='bbox 719 2438 839 2474; x_wconf 87' lang='lat' dir='ltr'><strong>animi</strong></span> <span class='ocrx_word' id='word_1_327' title='bbox 883 2437 1086 2475; x_wconf 82' lang='lat' dir='ltr'><strong>fusionem</strong></span> <span class='ocrx_word' id='word_1_328' title='bbox 1129 2437 1377 2475; x_wconf 84' lang='lat' dir='ltr'><strong>uniuersam.</strong></span> <span class='ocrx_word' id='word_1_329' title='bbox 1440 2436 1546 2476; x_wconf 90' lang='lat' dir='ltr'><strong>Uide</strong></span> <span class='ocrx_word' id='word_1_330' title='bbox 1582 2449 1704 2489; x_wconf 87' lang='lat' dir='ltr'><strong>prae-</strong></span> 
     </span>
     <span class='ocr_line' id='line_1_41' title="bbox 239 2491 1703 2543; baseline -0.003 -9"><span class='ocrx_word' id='word_1_331' title='bbox 239 2501 358 2534; x_wconf 88' lang='lat' dir='ltr'><strong>terea</strong></span> <span class='ocrx_word' id='word_1_332' title='bbox 389 2493 442 2532; x_wconf 90' lang='lat' dir='ltr'><strong>de</strong></span> <span class='ocrx_word' id='word_1_333' title='bbox 468 2493 561 2531; x_wconf 89' lang='lat' dir='ltr'><strong>Nat.</strong></span> <span class='ocrx_word' id='word_1_334' title='bbox 601 2494 723 2532; x_wconf 87' lang='lat' dir='ltr'><strong>Deor.</strong></span> <span class='ocrx_word' id='word_1_335' title='bbox 757 2493 805 2542; x_wconf 86' lang='grc' dir='ltr'><strong>ΙΙ,</strong></span> <span class='ocrx_word' id='word_1_336' title='bbox 852 2493 916 2533; x_wconf 85' lang='grc'><strong>11.</strong></span> <span class='ocrx_word' id='word_1_337' title='bbox 950 2492 1015 2533; x_wconf 84' lang='grc'><strong>30.</strong></span> <span class='ocrx_word' id='word_1_338' title='bbox 1054 2493 1172 2543; x_wconf 78' lang='lat' dir='ltr'><strong>Diog.</strong></span> <span class='ocrx_word' id='word_1_339' title='bbox 1203 2493 1339 2532; x_wconf 69' lang='lat' dir='ltr'><strong>Laert.</strong></span> <span class='ocrx_word' id='word_1_340' title='bbox 1376 2493 1463 2543; x_wconf 90' lang='lat' dir='ltr'><strong>Vll,</strong></span> <span class='ocrx_word' id='word_1_341' title='bbox 1504 2492 1574 2534; x_wconf 82' lang='grc'><strong>68.</strong></span> <span class='ocrx_word' id='word_1_342' title='bbox 1609 2491 1703 2531; x_wconf 84' lang='grc'><strong>135.</strong></span> 
     </span>
     <span class='ocr_line' id='line_1_42' title="bbox 242 2548 1704 2603; baseline -0.004 -12"><span class='ocrx_word' id='word_1_343' title='bbox 242 2566 331 2603; x_wconf 87' lang='lat' dir='ltr'><strong>sqq.</strong></span> <span class='ocrx_word' id='word_1_344' title='bbox 393 2551 480 2588; x_wconf 85' lang='lat' dir='ltr'><strong>Nec</strong></span> <span class='ocrx_word' id='word_1_345' title='bbox 511 2548 631 2587; x_wconf 86' lang='lat' dir='ltr'><strong>alium</strong></span> <span class='ocrx_word' id='word_1_346' title='bbox 664 2549 706 2587; x_wconf 89' lang='lat' dir='ltr'><strong>h.</strong></span> <span class='ocrx_word' id='word_1_347' title='bbox 729 2548 758 2587; x_wconf 94' lang='grc'><strong>1.</strong></span> <span class='ocrx_word' id='word_1_348' title='bbox 791 2548 988 2599; x_wconf 71' lang='lat' dir='ltr'><strong>intelligit</strong></span> <span class='ocrx_word' id='word_1_349' title='bbox 1009 2553 1321 2601; x_wconf 87' lang='lat' dir='ltr'><strong>praepotentem</strong></span> <span class='ocrx_word' id='word_1_350' title='bbox 1343 2548 1486 2598; x_wconf 85' lang='lat' dir='ltr'><strong>deum,</strong></span> <span class='ocrx_word' id='word_1_351' title='bbox 1519 2560 1636 2599; x_wconf 87' lang='lat' dir='ltr'><strong>quem</strong></span> <span class='ocrx_word' id='word_1_352' title='bbox 1662 2552 1704 2585; x_wconf 88' lang='lat' dir='ltr'><strong>et</strong></span> 
     </span>
     <span class='ocr_line' id='line_1_43' title="bbox 241 2604 1704 2658; baseline -0.003 -12"><span class='ocrx_word' id='word_1_353' title='bbox 241 2608 294 2646; x_wconf 86' lang='lat' dir='ltr'><strong>de</strong></span> <span class='ocrx_word' id='word_1_354' title='bbox 328 2608 417 2645; x_wconf 71' lang='lat' dir='ltr'><strong>Nat.</strong></span> <span class='ocrx_word' id='word_1_355' title='bbox 452 2607 572 2645; x_wconf 88' lang='lat' dir='ltr'><strong>Deor.</strong></span> <span class='ocrx_word' id='word_1_356' title='bbox 608 2605 655 2655; x_wconf 84' lang='lat' dir='ltr'><strong>ll,</strong></span> <span class='ocrx_word' id='word_1_357' title='bbox 694 2605 733 2645; x_wconf 77' lang='lat'><strong>2.</strong></span> <span class='ocrx_word' id='word_1_358' title='bbox 767 2604 803 2645; x_wconf 70' lang='grc'><strong>4.</strong></span> <span class='ocrx_word' id='word_1_359' title='bbox 834 2605 1026 2658; x_wconf 83' lang='lat' dir='ltr'><strong>appellat,</strong></span> <span class='ocrx_word' id='word_1_360' title='bbox 1065 2618 1181 2656; x_wconf 89' lang='lat' dir='ltr'><strong>quam</strong></span> <span class='ocrx_word' id='word_1_361' title='bbox 1215 2606 1298 2642; x_wconf 91' lang='lat' dir='ltr'><strong>uim</strong></span> <span class='ocrx_word' id='word_1_362' title='bbox 1329 2606 1444 2642; x_wconf 87' lang='lat' dir='ltr'><strong>istam</strong></span> <span class='ocrx_word' id='word_1_363' title='bbox 1478 2606 1704 2642; x_wconf 88' lang='lat' dir='ltr'><strong>rationem-</strong></span> 
     </span>
     <span class='ocr_line' id='line_1_44' title="bbox 241 2657 1704 2715; baseline -0.002 -14"><span class='ocrx_word' id='word_1_364' title='bbox 241 2677 320 2715; x_wconf 86' lang='lat' dir='ltr'><strong>que</strong></span> <span class='ocrx_word' id='word_1_365' title='bbox 353 2663 528 2700; x_wconf 79' lang='lat' dir='ltr'><strong>diuinam</strong></span> <span class='ocrx_word' id='word_1_366' title='bbox 563 2675 608 2700; x_wconf 85' lang='lat' dir='ltr'><strong>ac</strong></span> <span class='ocrx_word' id='word_1_367' title='bbox 632 2663 937 2712; x_wconf 77' lang='lat' dir='ltr'><strong>necessitatem,</strong></span> <span class='ocrx_word' id='word_1_368' title='bbox 970 2663 1033 2700; x_wconf 91' lang='lat' dir='ltr'><strong>cui</strong></span> <span class='ocrx_word' id='word_1_369' title='bbox 1065 2662 1133 2708; x_wconf 83' lang='lat' dir='ltr'><strong>(de</strong></span> <span class='ocrx_word' id='word_1_370' title='bbox 1153 2662 1247 2699; x_wconf 78' lang='lat' dir='ltr'><strong>Nat.</strong></span> <span class='ocrx_word' id='word_1_371' title='bbox 1274 2661 1392 2701; x_wconf 81' lang='lat' dir='ltr'><strong>Deor.</strong></span> <span class='ocrx_word' id='word_1_372' title='bbox 1427 2657 1484 2710; x_wconf 87' lang='grc' dir='ltr'><strong>ΙΙ,</strong></span> <span class='ocrx_word' id='word_1_373' title='bbox 1516 2659 1585 2700; x_wconf 82' lang='grc'><strong>30.</strong></span> <span class='ocrx_word' id='word_1_374' title='bbox 1618 2660 1704 2706; x_wconf 76' lang='grc'><strong>77.)</strong></span> 
     </span>
     <span class='ocr_line' id='line_1_45' title="bbox 241 2715 1704 2770; baseline -0.002 -13"><span class='ocrx_word' id='word_1_375' title='bbox 241 2720 411 2758; x_wconf 89' lang='lat' dir='ltr'><strong>deorum</strong></span> <span class='ocrx_word' id='word_1_376' title='bbox 448 2723 593 2756; x_wconf 85' lang='lat' dir='ltr'><strong>natura</strong></span> <span class='ocrx_word' id='word_1_377' title='bbox 631 2731 710 2755; x_wconf 93' lang='lat' dir='ltr'><strong>non</strong></span> <span class='ocrx_word' id='word_1_378' title='bbox 758 2724 1006 2770; x_wconf 84' lang='lat' dir='ltr'><strong>praepotens</strong></span> <span class='ocrx_word' id='word_1_379' title='bbox 1058 2731 1134 2756; x_wconf 92' lang='lat' dir='ltr'><strong>nec</strong></span> <span class='ocrx_word' id='word_1_380' title='bbox 1175 2715 1383 2756; x_wconf 86' lang='lat' dir='ltr'><strong>excellens</strong></span> <span class='ocrx_word' id='word_1_381' title='bbox 1425 2718 1608 2755; x_wconf 90' lang='lat' dir='ltr'><strong>subiecta</strong></span> <span class='ocrx_word' id='word_1_382' title='bbox 1649 2718 1704 2754; x_wconf 90' lang='lat' dir='ltr'><strong>sit</strong></span> 
     </span>
     <span class='ocr_line' id='line_1_46' title="bbox 243 2774 1700 2828; baseline -0.002 -14"><span class='ocrx_word' id='word_1_383' title='bbox 243 2787 400 2828; x_wconf 88' lang='lat' dir='ltr'><strong>quaque</strong></span> <span class='ocrx_word' id='word_1_384' title='bbox 438 2774 622 2826; x_wconf 85' lang='lat' dir='ltr'><strong>coelum,</strong></span> <span class='ocrx_word' id='word_1_385' title='bbox 674 2776 822 2825; x_wconf 82' lang='lat' dir='ltr'><strong>maria,</strong></span> <span class='ocrx_word' id='word_1_386' title='bbox 870 2780 1007 2813; x_wconf 86' lang='lat' dir='ltr'><strong>terrac</strong></span> <span class='ocrx_word' id='word_1_387' title='bbox 1056 2777 1273 2826; x_wconf 77' lang='lat' dir='ltr'><strong>regantur,</strong></span> <span class='ocrx_word' id='word_1_388' title='bbox 1328 2778 1372 2812; x_wconf 89' lang='lat' dir='ltr'><strong>ut</strong></span> <span class='ocrx_word' id='word_1_389' title='bbox 1409 2776 1569 2813; x_wconf 86' lang='lat' dir='ltr'><strong>temere</strong></span> <span class='ocrx_word' id='word_1_390' title='bbox 1604 2777 1700 2825; x_wconf 90' lang='lat' dir='ltr'><strong>post</strong></span> 
     </span>
    </p>
   </div>
  </div>
 </body>
</html>
