1781 3192
258 211 345 249 114
825 214 895 253 DF.
927 215 1159 257 LEGfflUs

384 324 595 373 cernat]
647 323 746 362 Cum
772 324 935 364 Tullius
965 328 1127 380 obliqua
1155 330 1341 367 oratione
1370 343 1463 369 usus
1485 332 1586 373 haec
1608 349 1734 386 posu-

271 386 376 421 isset
408 382 648 430 quoniam
682 382 953 434 principio
988 408 1042 415 —
1074 387 1412 436 conceperit,
1452 401 1497 426 ac
1536 389 1733 444 deinceps

270 438 496 477 orationem
538 435 727 487 legitime
770 439 830 476 sic
873 443 1112 480 continuare
1153 441 1349 492 deberet,
1390 448 1436 480 ut
1473 449 1544 483 aut
1574 446 1734 487 diceret

271 494 461 545 quibus
491 492 804 532 illustratis
836 493 885 548 (i.
920 510 958 537 e.
999 505 1041 537 et
1071 498 1260 549 quoniam
1292 499 1340 535 iis
1372 497 1615 555 illustratis)
1650 504 1733 542 be-

268 555 382 589 atus
424 550 643 588 futurus
695 552 790 600 sit,
841 557 909 590 aut
960 556 1007 592 ab
1055 554 1216 605 obliqua
1261 556 1448 593 oratione
1489 556 1539 594 ad
1576 564 1731 598 rectam

266 607 473 646 transiens
506 607 707 644 scriberet
738 608 924 657 quibus
955 610 1259 649 illustratis
1291 610 1496 649 beatum
1531 625 1587 652 se
1613 614 1730 654 fore

267 668 478 713 cernet,
526 661 715 713 obliquae
747 666 943 705 orationis
973 668 1145 705 sormam
1180 664 1231 703 ad
1272 666 1376 704 hanc
1418 681 1575 719 quoque
1615 669 1730 710 locu-

266 721 423 758 tionem
455 719 680 758 transtulit.
741 719 806 758 Cf.
840 723 1069 775 exemplum
1103 722 1214 761 omni
1247 735 1294 772 ex
1333 728 1449 774 parte
1489 732 1630 764 nostro
1672 729 1729 765 si-

266 774 481 815 millimum
513 776 592 814 hoc
624 775 675 813 de
706 775 794 814 Fin.
832 777 884 827 V,
917 778 957 819 3.
991 778 1030 820 8.
1063 791 1340 818 censemus
1374 785 1537 818 autem
1577 781 1729 821 facil-

264 831 385 870 lime
428 838 478 871 te
526 832 579 871 id
624 831 916 884 explanare
958 849 1149 887 posse,
1203 834 1337 885 quod
1390 841 1443 874 et
1490 837 1728 878 Staseam

263 889 675 940 Neapolitanum
715 888 902 928 multos
942 892 1395 945 annos-habueris
1426 893 1561 943 apud
1593 900 1645 932 te
1678 899 1729 933 et

264 945 568 995 complures
610 947 709 984 iam
751 959 957 985 menses
995 948 1218 986 Athenis
1261 946 1384 985 haec
1423 950 1538 1000 ipsa
1579 954 1630 988 te
1671 965 1727 989 ex

260 1002 522 1041 Antiocho
555 1001 829 1041 uideamus
861 1005 1150 1055 exquirere.
1193 1003 1256 1042 Cf.
1293 1003 1431 1042 Madu.
1466 1005 1516 1043 ad
1548 1006 1591 1045 h.
1623 1005 1652 1045 l.
1686 1013 1728 1045 et

258 1059 415 1109 Zumpt
462 1060 513 1098 ad
542 1059 661 1098 Verr.
694 1055 753 1109 Il,
784 1058 854 1101 46.
892 1059 986 1100 133.
1020 1056 1078 1111 II,
1111 1059 1175 1101 61.
1210 1057 1320 1100 149.-

374 1116 603 1159 ΧΧῙῙῙ.
666 1116 697 1166 §.
731 1115 798 1157 60.
845 1117 908 1154 Ab
932 1118 1061 1168 ipsius
1087 1117 1337 1167 cognitione,
1362 1129 1437 1166 qua
1462 1130 1578 1167 quam
1604 1131 1725 1169 prae..

263 1169 373 1208 clare
415 1185 437 1209 a
475 1176 620 1209 natura
657 1174 881 1211 instructus
920 1175 973 1211 sit
1009 1173 1131 1210 homo
1171 1176 1399 1222 quantaque
1448 1173 1724 1212 instrumenta

260 1227 411 1265 habeat
442 1227 492 1265 ad
524 1229 717 1266 uirtutem
751 1233 793 1266 et
837 1229 1135 1268 beatitudinem
1181 1227 1507 1278 adipiscendam,
1546 1243 1725 1280 cognos-

260 1288 397 1333 catur,
445 1282 647 1322 delabitur
694 1286 870 1336 primum
915 1285 965 1323 ad
1008 1287 1179 1335 primam
1221 1281 1510 1335 philosophiae
1546 1291 1722 1337 partem,

257 1339 462 1389 ethicam,
505 1339 656 1378 deinde
699 1341 733 1391 ᾗ.
766 1340 834 1382 61.
879 1340 930 1379 ad
970 1342 1203 1393 physicam,
1254 1339 1433 1390 denique
1482 1341 1516 1391 ᾗ.
1557 1341 1623 1383 62.
1672 1342 1725 1380 ad

255 1394 536 1445 dialecticam,
578 1409 694 1446 quam
738 1409 923 1447 quaeque
957 1400 1036 1435 uim
1069 1398 1241 1445 habeat,
1273 1395 1572 1437 declaraturus.
1634 1400 1722 1447 Quo

255 1451 366 1489 facto
409 1454 579 1490 istarum
622 1465 759 1490 rerum
791 1455 987 1503 omnium,
1028 1465 1125 1504 quas
1167 1453 1195 1489 ii
1234 1452 1276 1488 in
1315 1464 1360 1489 se
1389 1453 1528 1504 inesse
1559 1457 1721 1506 perspi-

256 1509 381 1560 ciant,
427 1509 493 1558 qui
536 1521 580 1546 se
619 1510 701 1559 ipsi
742 1521 866 1547 nosse
908 1509 1062 1560 uelint,
1103 1513 1316 1561 parentem
1359 1513 1402 1546 et
1443 1509 1719 1550 educatricem

258 1576 352 1602 esse
401 1563 703 1616 philosophiam
762 1566 971 1605 affirmans
1020 1568 1107 1604 eius
1160 1562 1391 1602 laudandae
1434 1565 1558 1605 finem
1606 1567 1718 1607 facit.

258 1621 443 1669 Quatuor
462 1621 539 1659 hac
571 1622 604 1672 ᾗ.
638 1623 919 1673 significantur
947 1628 1089 1675 partes
1119 1621 1301 1670 honesti,
1334 1619 1443 1660 unde
1475 1636 1595 1662 omne
1626 1625 1720 1663 offi-

253 1678 359 1714 cium
393 1676 571 1728 ducitur,
601 1682 645 1716 et
675 1679 837 1729 quidem
882 1678 1241 1730 temperantia
1269 1676 1335 1715 his
1369 1679 1529 1717 uerbis:
1561 1693 1664 1718 cum
1699 1695 1721 1719 a

254 1736 497 1785 corporis
528 1735 784 1785 obsequio
815 1758 869 1763 --
913 1733 1278 1786 oppresserit3
1319 1732 1591 1773 fortitudo
1631 1737 1717 1774 his:

253 1802 559 1840 omnemque
590 1793 778 1829 mortis
812 1791 1120 1841 dolorisque
1152 1791 1392 1826 timorem
1427 1789 1716 1841 effugerit3

252 1847 470 1884 iustitia
522 1846 611 1883 his:
663 1849 1092 1898 societatemque
1137 1867 1190 1873 ——
1241 1849 1548 1896 susceperit
1600 1846 1716 1900 (nam
1780 1853 1781 1866 ¹

250 1903 399 1951 pietas,
433 1906 476 1939 ut
509 1903 666 1940 iustitia
700 1908 742 1940 et
772 1917 873 1954 quae
905 1917 994 1941 cum
1028 1903 1104 1940 hac
1136 1902 1351 1939 coniuncta
1381 1906 1447 1938 est
1478 1903 1715 1942 beneficen-

249 1959 322 2007 tia,
365 1956 541 1996 naturali
580 1959 789 1997 hominum
831 1960 1082 2009 deorumque
1125 1958 1418 1996 coniunctione
1459 1961 1631 2010 nititnr,
1675 1964 1717 1998 et
1777 1960 1780 2002 J

246 2016 444 2064 pietatem
478 2017 568 2066 ipse
601 2015 745 2053 Cicero
775 2017 960 2054 iustitiae
993 2015 1223 2053 adiunctam
1268 2025 1360 2051 esse
1402 2012 1501 2053 dicit
1539 2015 1591 2054 de
1622 2016 1715 2054 Fin.

250 2068 307 2120 V,
338 2070 407 2111 23.
438 2068 558 2124 65.);
591 2071 887 2122 prudentia
920 2071 1098 2122 denique
1137 2071 1222 2108 his:
1268 2074 1319 2107 et
1355 2075 1634 2111 exacuerit
1662 2095 1715 2100 —
1774 2105 1775 2109 ,

247 2128 530 2165 contraria.
1774 2171 1775 2174 Ἰ

356 2182 528 2220 labem
573 2180 856 2220 dedecoris
897 2183 926 2219 i.
960 2194 996 2219 e.
1038 2180 1199 2230 labem,
1255 2194 1371 2231 quam
1410 2181 1594 2220 dedecus
1641 2182 1713 2220 ad·
1774 2185 1775 2190 ’

246 2239 416 2290 spergit.
488 2238 564 2275 Est
604 2239 730 2287 igitur
768 2240 974 2288 genitiuus
1017 2251 1188 2286 causae,
1241 2237 1512 2289 similiterque
1558 2238 1711 2277 dicitur
1772 2284 1773 2287 Ἴ

244 2295 330 2333 Cic.
362 2307 437 2346 pro
470 2293 579 2332 dom.
612 2292 682 2343 38,
719 2293 811 2334 102.
844 2293 991 2332 labes
1029 2292 1410 2345 turpitudinis.
1444 2295 1536 2333 Par.
1570 2295 1636 2344 ΙΙΙ,
1671 2295 1709 2335 2,
1768 2295 1773 2333 ξ

243 2349 309 2391 23.
339 2349 491 2389 labes
522 2349 794 2389 libidinis.
837 2351 955 2391 Verr.
992 2350 1039 2399 V,
1082 2348 1147 2391 46.
1191 2349 1283 2389 121.
1324 2350 1565 2389 maculae
1601 2351 1710 2389 fur-
1767 2352 1771 2387 ς’

244 2412 410 2445 torum
458 2411 511 2445 et
551 2405 896 2456 flagitiorum.
968 2406 1081 2444 Male
1129 2407 1256 2444 Gzius
1305 2408 1364 2444 sic
1412 2407 1710 2459 interpretatus
1766 2419 1769 2450 3:

242 2469 325 2500 est:
378 2461 550 2513 „labes‚
602 2475 704 2513 quae
750 2463 890 2501 decori
940 2465 967 2501 i.
1013 2475 1049 2501 e.
1100 2463 1241 2500 uirtuti
1293 2461 1710 2514 adspergitur“‘nec

241 2517 388 2557 melius
438 2518 586 2557 Bakius
637 2520 725 2556 ita:
775 2519 991 2569 „dedecus
1041 2522 1246 2570 tamquam
1295 2518 1482 2558 labem“.
1560 2518 1705 2569 Steph.
1763 2530 1767 2562 j

237 2575 395 2613 Manut.
429 2575 573 2613 Lamb.
604 2574 705 2613 Dau.
739 2575 840 2615 Ern.
875 2576 1018 2627 Wagn.
1051 2575 1104 2614 de
1136 2576 1389 2626 coniectura,
1432 2586 1535 2626 quae
1568 2578 1634 2612 est
1665 2576 1706 2612 in
1761 2594 1764 2598 ⁴

238 2631 330 2670 cod.
364 2631 493 2681 Mon.,
524 2630 693 2669 labem
726 2631 952 2671 decoris.

349 2701 457 2726 cum
490 2688 601 2726 suis
627 2687 930 2740 omnesque]
992 2688 1110 2726 Hanc
1141 2693 1324 2726 ueterem
1368 2698 1543 2736 eamque
1586 2683 1705 2723 facil·
1758 2691 1761 2709 ¹

234 2742 372 2781 limam
404 2745 559 2782 ueteris
591 2744 728 2782 mendi
760 2746 1116 2795 omnibusque
1150 2744 1449 2783 correctionem
1479 2742 1703 2794 improbari
1757 2745 1760 2754 '

231 2813 311 2837 non
343 2801 525 2852 oportuit
565 2813 587 2838 a
625 2800 767 2852 Bakio,
810 2803 876 2853 qui
917 2802 1095 2841 coniecit
1137 2800 1342 2839 coierit
1383 2811 1493 2837 cum
1537 2799 1698 2836 omni·
1756 2807 1759 2818 ¹
