1781 3192
393 200 554 240 cuum
586 197 886 240 SECUNDUS.
941 199 1041 238 cst.
1072 198 1138 238 xi.
1407 195 1490 234 ¹67

41 317 74 368 ς.
114 307 181 356 28.
224 315 304 353 on:
336 313 386 362 u,
433 312 497 353 13.
538 310 607 351 47.
674 310 791 347 Nam
836 311 880 349 ι..
923 310 1130 361 quidem
1173 310 1396 348 crassus
1441 328 1490 335 —

40 374 142 411 sibi
174 373 286 421 ipse
314 370 524 420 peperit
559 366 826 404 maximam
868 366 1071 404 laudem
1116 379 1173 403 ex
1212 364 1302 403 illa
1341 377 1492 402 accu—

41 430 252 467 satione
285 424 450 463 nobili
484 429 534 462 et
571 421 822 473 gloriosa.
885 422 946 462 Cf,
973 424 1098 472 Seyfl'.
1120 422 1170 459 ad
1194 420 1305 459 Lael.
1337 434 1374 472 p.
1396 419 1492 464 299,

41 487 73 523 A
105 489 228 536 patr.
263 482 462 520 correctio
493 478 721 517 necessaria
750 483 828 514 est.
890 480 984 516 Mox
1016 478 1120 517 male
1148 480 1186 516 in
1217 478 1292 515 hac
1311 476 1493 529 generali

45 540 323 592 disputatione
355 538 491 575 Lzunb.
525 540 567 572 et
600 535 694 572 Dau.
728 539 1029 584 paruerunt.

155 593 438 644 Oportere]
501 590 628 629 Codd.
662 588 782 637 louge
814 589 978 639 plurimi
1021 595 1219 641 patrum
1263 588 1494 627 delubra.

45 654 131 700 Quo
163 651 329 686 nomine
362 649 504 685 mirum
539 649 577 685 in
609 645 771 683 modum
806 646 974 684 deorum
999 644 1151 696 templa
1174 644 1371 696 appellari
1397 646 1496 684 Dan.

42 707 214 759 putauit.
275 703 469 753 Plerique
511 708 671 755 patrum
712 701 866 751 templa
902 703 1163 753 interpretati
1208 706 1301 739 sunt
1341 701 1496 751 templa

40 777 61 801 a
92 762 274 814 patribus
306 765 551 797 constructa.
613 756 697 795 Sed
730 759 904 807 primum
947 761 1079 809 agitur
1112 758 1163 796 de
1198 756 1380 795 delubris
1404 759 1496 795 uni-

42 819 188 867 uersis,
220 829 301 853 non
335 816 387 853 de
417 821 575 866 patrum
608 812 813 862 delubris;
848 814 996 853 deinde
1029 828 1124 852 uero
1156 827 1234 852 non
1269 815 1334 851 ubi
1358 817 1499 851 essent

41 873 237 921 delubra,
277 871 351 909 sed
390 873 455 909 ubi
498 882 591 909 csse
632 881 678 907 ea
720 875 947 922 oporteret,
981 871 1197 909 dicendum
1229 870 1331 918 fuit3
1374 869 1496 919 idque

41 932 171 982 ipsum
211 928 461 966 censendi
507 928 672 964 ucrbum
716 926 885 965 indicat.
949 925 1089 977 Itaque
1133 939 1209 964 nec
1240 927 1359 964 Lbini
1393 927 1495 964 coni.

41 986 252 1025 deorum
288 982 504 1022 delubra
535 995 612 1020 nec
644 982 854 1020 Schuetzii
888 996 1008 1022 eoru
1025 998 1059 1020 m
1095 996 1169 1021 nec
1191 982 1497 1033 NVJttenbachii

41 1043 147 1095 ipsi
179 1046 376 1091 patres.
440 1039 663 1077 Delubra
705 1050 781 1076 nec
823 1038 998 1089 (lenique
1039 1039 1151 1077 Bakii
1187 1044 1386 1091 patrum
1427 1050 1497 1075 ex-

42 1097 237 1151 pellentis
266 1097 369 1133 ratio
399 1096 562 1147 probari
592 1096 747 1144 potest,
781 1094 1108 1145 eliciendumque
1148 1101 1212 1132 est
1251 1107 1298 1132 ex
1341 1107 1496 1143 eorum,

40 1156 81 1193 in
125 1154 270 1204 quibus
309 1151 400 1188 sere
439 1151 531 1189 cod.
573 1150 681 1187 arch.
725 1151 925 1200 scriptura
963 1151 1126 1189 fidelius
1165 1155 1388 1203 propagata
1420 1156 1498 1199 est,

44 1209 230 1249 codicum
271 1207 420 1245 mendo
463 1203 664 1258 (patre)
704 1212 983 1257 oportere,
1035 1207 1141 1257 quod
1180 1220 1232 1244 ne
1268 1206 1497 1244 litterarum

43 1265 205 1318 quidem
241 1262 510 1302 similitudine
543 1276 564 1299 a
598 1260 746 1300 mendo
777 1260 900 1313 longe
930 1263 1105 1302 recedit.
1168 1262 1336 1302 Pondus
1369 1262 1500 1312 quod-

45 1323 134 1361 dam
177 1322 301 1359 habet
339 1322 507 1357 uerbum
543 1318 848 1370 praepositum,
889 1324 933 1358 ut
971 1320 1056 1357 Cic.
1097 1321 1198 1371 step.
1233 1315 1266 1368 1,
1309 1318 1375 1358 32.
1438 1319 1501 1356 Et

42 1392 163 1418 uero
196 1382 393 1427 negant
423 1380 674 1427 oportere
706 1374 949 1413 indomiti
972 1376 1153 1427 populi
1181 1376 1309 1413 uitio
1337 1388 1499 1424 genus

42 1435 138 1473 hoc
172 1438 331 1472 totum
362 1431 518 1470 liberi
552 1428 729 1481 populi
762 1432 1043 1480 repudiari.
1090 1433 1175 1470 Cic.
1220 1433 1260 1468 in
1294 1432 1414 1468 Cacc.
1458 1431 1497 1481 5,

46 1490 113 1531 19.
146 1493 338 1541 oportere
371 1500 510 1525 eorum
540 1487 735 1523 arbitratu
765 1484 858 1535 lege
891 1489 970 1538 agi.
1019 1488 1145 1527 Tusa.
1178 1488 1246 1536 111,
1287 1488 1348 1527 11.
1382 1487 1450 1527 25.

156 1558 253 1583 nec
292 1556 484 1594 sequor
524 1541 710 1592 magos]
785 1542 849 1579 Cf.
900 1556 998 1593 quos
1040 1545 1117 1582 hac
1159 1544 1210 1581 de
1249 1556 1293 1581 re
1333 1542 1503 1580 laudant

43 1604 130 1641 Cic.
164 1602 215 1640 de
247 1601 348 1651 Rep.
378 1596 458 1649 III,
493 1596 530 1637 9.
567 1604 608 1635 et
639 1598 731 1635 Asc.
765 1598 803 1634 in
830 1598 946 1638 verr.
972 1596 1006 1649 1,
1037 1599 1100 1640 IS.
1122 1598 1190 1640 48.
1222 1598 1378 1639 Herod.
1399 1599 1501 1649 VIII,

50 1656 142 1700 109.
193 1659 355 1706 Menag.
388 1656 437 1693 ad
470 1656 582 1704 Diog.
615 1654 660 1691 L.
690 1666 873 1704 prooem.
906 1656 939 1706 §-
974 1655 1009 1697 6.

157 1715 261 1758 XI.
323 1711 537 1749 easdem
570 1709 701 1748 illos
737 1712 919 1761 urbes,
949 1726 1070 1763 quas
1102 1712 1214 1762 nos]
1276 1712 1343 1750 Sic
1378 1710 1501 1749 codd.

44 1769 240 1810 meliores
272 1781 360 1806 cum
392 1767 601 1819 plerisque
633 1765 737 1804 dett.
772 1763 838 1819 (ct
866 1770 922 1805 ita
954 1770 1049 1807 Uict
1097 1769 1243 1820 Steph.
1266 1769 1375 1808 Man.
1400 1768 1502 1805 Dau.

48 1828 120 1866 Or.
160 1822 298 1877 Bak.)
358 1823 486 1861 illos
523 1836 644 1874 quas
676 1835 766 1860 nos
799 1826 976 1875 urbes,
1018 1825 1125 1876 quod
1165 1837 1304 1863 errore
1334 1836 1504 1875 expres-

48 1896 137 1922 sum
170 1887 234 1919 est
264 1883 303 1918 in
337 1893 427 1918 mea
458 1879 557 1918 edit.
590 1877 657 1932 (et
687 1880 744 1917 sic
777 1880 866 1918 Car.
903 1882 1048 1932 Steph.
1075 1881 1332 1921 Lamb.Ern.
1357 1880 1503 1930 W'agn.

48 1941 173 1978 Goer.
208 1937 304 1976 Sch.
336 1932 469 1990 Mos.)
498 1948 663 1987 paruam
695 1935 818 1974 habet
848 1939 1133 1976 auctoritatem
1162 1951 1184 1975 a
1221 1935 1341 1976 codd.
1385 1937 1417 1975 Ι)
1437 1936 1504 1975 Cr.

51 1997 120 2034 Dr.
143 1994 183 2034 2.
223 1993 266 2031 In
299 1992 379 2031 Gd.
404 1992 444 2032 2.
477 2005 553 2032 om.
587 1992 755 2029 urbes.

163 2063 184 2087 a
216 2048 530 2099 Pythagora]
590 2047 719 2085 Huius
743 2048 1002 2098 Pythagorici
1031 2049 1130 2088 dicti
1156 2050 1283 2088 Turn.
1317 2052 1506 2086 auctores

48 2107 191 2145 citauit
231 2105 326 2145 Sen.
363 2104 438 2155 Ep.
468 2102 533 2144 94.
574 2102 685 2142 med.
728 2102 837 2144 Plut.
880 2104 932 2142 de
969 2106 1155 2158 Superst.
1187 2119 1230 2157 p.
1267 2103 1359 2145 169.
1393 2118 1426 2142 e.
1462 2108 1504 2141 et

49 2161 102 2199 de
134 2162 255 2200 Orac.
288 2161 372 2200 def.
405 2173 444 2228 p.
474 2158 569 2200 413.
603 2160 640 2197 b.

161 2222 213 2255 et
247 2216 378 2267 quod
421 2216 608 2254 l‘hales
641 2228 698 2253 sc.
731 2214 856 2266 dixit,
894 2220 941 2254 ut
979 2230 1075 2255 uere
1112 2218 1190 2254 iam
1224 2216 1351 2256 Turn.
1387 2215 1506 2253 uidit.

46 2275 137 2313 Non
191 2287 281 2311 raro
322 2274 549 2325 praemissa
594 2273 756 2323 passiua
806 2273 921 2309 uerbi
971 2273 1102 2312 forma
1152 2273 1314 2310 auditur
1362 2273 1506 2309 actiua.

49 2330 136 2369 Cic.
186 2329 265 2369 Off.
307 2330 346 2378 1,
393 2330 456 2368 11.
498 2327 567 2369 46.
615 2327 705 2365 sed
755 2328 1026 2367 utilitatis
1080 2332 1264 2381 specie
1309 2330 1359 2366 in
1403 2340 1507 2379 rep.

51 2387 373 2436 saepissime
421 2389 705 2436 peccatur,
755 2389 805 2422 ut
849 2386 895 2421 in
944 2386 1188 2424 Corinthi
1239 2385 1510 2424 disturba-

48 2444 204 2480 tione
235 2442 413 2479 nostri
446 2454 500 2480 sc.
535 2444 765 2492 peccarunt.
797 2441 896 2480 ibid.
930 2442 960 2490 Ι,
999 2442 1061 2484 10.
1095 2442 1160 2483 33.
1200 2455 1295 2493 quo
1337 2442 1384 2478 in
1425 2453 1509 2491 ge-

49 2510 179 2537 nere
220 2499 372 2536 etiam
415 2499 462 2534 in
503 2509 607 2547 rep.
645 2495 803 2534 multa
842 2505 1171 2549 peccantur,
1221 2502 1273 2536 ut
1312 2495 1413 2534 ille
1455 2510 1511 2535 sc.

50 2556 257 2607 peccauit,
311 2554 394 2605 qui
445 2557 524 2591 cet.
596 2553 733 2602 Itaque
782 2553 900 2591 Lbini
945 2568 1027 2593 non
1076 2569 1176 2606 opus
1230 2559 1293 2592 est
1340 2554 1445 2592 coni.
1490 2567 1513 2590 a

53 2610 296 2649 Thalete.
355 2610 472 2647 Hanc
505 2608 677 2646 eandem
712 2607 899 2647 Thaletis
931 2614 1179 2651 sententiam
1211 2612 1338 2651 Arist.
1375 2610 1513 2660 tetigit

57 2666 110 2704 de
142 2667 287 2705 Anima
317 2662 354 2716 I,
387 2678 418 2704 c.
450 2665 491 2705 ἴ).
536 2666 654 2714 Diog.
687 2664 733 2702 L.
765 2665 796 2715 1,
829 2665 894 2706 27.

165 2723 409 2761 homines
453 2722 771 2759 existimare
812 2721 903 2773 op.]
970 2723 1217 2762 Mendosam
1268 2735 1361 2761 esse
1400 2725 1514 2772 patet

55 2776 144 2819 cod.
177 2779 290 2821 arch.
323 2779 563 2831 scripturam
596 2778 724 2815 hanc:
757 2777 885 2818 hom.
921 2781 1232 2820 existimare
1261 2784 1512 2830 oportere
