1781 3192
342 208 499 247 Llsslssn
533 205 833 244 sEcumms.
885 203 982 243 cm».
1017 201 1160 241 xvm.
1289 261 1297 266 ·
1396 195 1485 234 2Οό

29 324 238 372 Μεηιυῑίο,
283 322 475 369 Pearcio,
520 318 728 369 wyttenb.
769 313 1055 367 expellendum
1102 325 1193 351 esse
1246 308 1355 349 nulla
1406 306 1485 346 ulia

29 379 172 420 uocula
205 380 244 417 in
281 380 366 416 cius
398 376 530 415 locum
563 374 796 412 substituta.
859 373 956 409 (lum
992 371 1098 409 enim
1130 370 1169 407 in
1194 366 1314 407 codd.
1339 365 1486 403 :nelio-

33 438 142 475 ribus
175 437 228 473 sit
258 447 418 486 poena
450 431 639 479 merui,
680 428 875 479 colligere
905 427 1001 466 licet
1033 433 1171 465 natum
1205 426 1281 463 hoc
1312 433 1406 461 esse
1438 434 1487 459 ex

32 505 243 545 poenam
278 492 408 539 erui,
440 488 554 528 erui
587 490 738 534 autem,
771 498 849 536 quo
883 486 1086 534 interpres
1114 496 1161 520 se
1191 492 1402 534 poenam
1436 490 1486 515 cx

33 548 181 589 mendo
214 545 347 596 aliquo
379 544 640 584 extricauisse
672 543 711 580 in
745 542 928 593 margine
960 540 1281 591 significauerat,
1316 535 1412 573 inde
1444 535 1485 572 in

34 606 245 645 uerborum
278 603 425 639 scriem
458 600 686 650 irrepsisse.

144 673 361 706 constat
405 672 457 706 et
501 665 578 715 ex]
653 665 803 703 Ueram
847 665 954 702 hanc
998 662 1184 701 codicum
1234 656 1487 711 quorundam

32 726 328 763 correctionem
372 725 520 761 merito
554 724 629 760 iam
667 735 687 758 a
721 721 833 759 Man.
867 720 970 758 Dau.
1002 720 1127 757 Goer.
1160 717 1255 756 sch.
1288 716 1359 753 Or.
1392 725 1490 765 pro-

33 782 167 819 batam
207 782 422 818 confirmat
460 778 651 817 mendum
692 777 812 815 codd.
851 776 1066 815 meliorum
1100 776 1379 813 constaret
1411 781 1489 817 εις

34 836 142 887 quod
182 838 224 874 in
275 835 368 875 cod.
419 835 531 874 arch.
581 834 711 872 fuisse
762 833 1008 871 documento
1058 834 1177 871 etiam
1228 833 1323 868 sunt
1374 824 1491 865 multi

33 892 154 931 codd.
193 892 324 943 dett„
371 894 437 943 qui
484 897 675 942 suscepta
718 892 974 928 correctione
1020 894 1071 927 et
1114 887 1306 925 mendum
1355 888 1492 921 tamen

34 947 363 1002 (constaret)
400 949 665 987 retinuerunt
704 945 777 999 (cs.
822 947 852 996 ξ.
886 945 951 987 39.
996 945 1118 983 inde
1150 940 1323 995 demi).
1384 941 1494 977 Cou-

33 1007 208 1044 iunctiui
240 1009 457 1044 constet
490 1005 537 1041 ab
569 1003 665 1043 Ern.
699 1007 740 1040 et
771 1003 811 1040 Ἦ
827 1016 919 1053 agn.
951 1000 1244 1049 commendati,
1280 996 1437 1048 recepti
1473 1007 1495 1031 a

37 1062 203 1101 Mosero
234 1075 315 1100 non
352 1063 484 1100 maior
521 1065 584 1098 est
624 1061 878 1108 necessitas,
921 1072 1035 1109 quam
1074 1055 1328 1109 pronominis
1371 1062 1498 1103 quae

34 1131 107 1170 pro
140 1117 273 1170 quod
305 1119 352 1156 ab
383 1117 529 1156 iisdem
563 1117 760 1166 suscepti.
822 1114 938 1163 Quod
982 1119 1115 1151 autem
1156 1110 1407 1164 praepositio
1440 1119 1497 1145 ex

34 1177 74 1211 in
119 1174 194 1212 hac
226 1174 520 1211 sententiarum
555 1172 799 1223 partitione,
842 1172 880 1207 in
915 1183 991 1220 qua
1025 1171 1111 1207 eius
1143 1170 1249 1206 iusta
1282 1171 1346 1203 est
1377 1177 1497 1216 repe-

35 1231 128 1268 titio
161 1228 238 1283 (ct‘.
261 1229 413 1268 Wund.
434 1229 529 1268 Var.
551 1230 685 1266 Lecti.
714 1241 747 1278 p.
775 1226 898 1265 xm.
924 1226 1043 1278 δρυῒ
1073 1225 1124 1263 ad
1143 1223 1256 1263 Lael.
1289 1236 1330 1275 p.
1362 1217 1497 1273 112),

37 1285 169 1325 semel
201 1292 264 1324 est
292 1288 442 1338 posita,
474 1285 517 1323 id
548 1285 624 1323 hoc
654 1283 815 1335 quidem
849 1281 938 1321 loco
972 1282 1251 1320 excusauerim
1284 1292 1350 1329 eo,
1388 1276 1497 1328 quod

38 1348 80 1381 et
111 1348 359 1382 constare
392 1355 448 1380 ex
478 1341 656 1392 aliqua
689 1344 730 1378 et
761 1343 1015 1377 constare
1048 1337 1226 1389 aliqua
1256 1348 1308 1373 re
1352 1335 1500 1373 dicitur

36 1412 161 1451 paruo
195 1412 294 1437 sane
325 1399 559 1437 sententiae
590 1396 844 1434 discrimine.
906 1396 1019 1444 Quae
1051 1394 1221 1433 duarum
1243 1392 1496 1430 locutionum

40 1454 228 1492 confusio
269 1454 399 1492 nihilo
440 1453 629 1505 profecto
669 1453 707 1491 h.
740 1450 770 1490 l.
810 1450 1024 1489 molestior
1064 1456 1154 1501 est,
1196 1461 1314 1500 quam
1354 1445 1499 1485 eadem

41 1510 211 1549 duarum
251 1509 501 1549 locutionum
544 1508 728 1546 confusio
776 1508 815 1545 in
869 1509 1127 1557 appositione
1176 1504 1282 1556 apud
1318 1504 1402 1542 Cic.
1449 1501 1500 1540 de

41 1567 119 1605 Off.
153 1563 197 1617 Ι,
240 1565 310 1607 29.
351 1566 420 1606 99.
461 1563 785 1604 uerecundia
837 1562 1095 1601 aduersus
1133 1562 1400 1608 homines,
1451 1563 1502 1596 et

42 1625 234 1674 optimi
277 1626 538 1672 cuiusque
575 1626 626 1658 et
667 1618 996 1670 reliquorum
1032 1618 1152 1657 etad
1186 1619 1301 1656 Fam.
1333 1616 1403 1666 Xl,
1441 1615 1501 1656 11.

41 1680 79 1720 3.
113 1680 272 1718 biduo
304 1681 360 1718 ab
391 1678 774 1727 Allobrogibus
806 1677 1045 1714 ettotius
1072 1673 1274 1713 Galliae
1296 1671 1502 1723 legatos

44 1742 315 1788 exspecto.
375 1735 514 1785 ltaque
545 1747 622 1771 nec
653 1747 742 1771 cum
776 1732 875 1770 Ern.
908 1731 1052 1783 Wagn.
1080 1731 1205 1770 Bakio
1236 1742 1409 1768 necesse
1440 1732 1505 1766 est

43 1794 389 1844 praepositionem
434 1790 564 1829 deleri
605 1803 681 1827 nec
731 1802 820 1827 eum
861 1788 989 1827 Lbino
1039 1792 1107 1834 (et
1153 1800 1211 1826 ex
1261 1786 1412 1835 fama)
1460 1789 1503 1822 et

47 1850 209 1887 Dauisio
241 1853 310 1896 (et
340 1861 394 1886 ex
422 1862 478 1886 ea
508 1847 657 1894 fama)
690 1843 810 1883 alteri
843 1846 1077 1883 sententiae
1108 1845 1290 1882 membro
1321 1841 1501 1892 adiungi.

157 1927 382 1971 XVEH.
457 1927 489 1977 ξ.
521 1925 589 1966 45,
659 1923 897 1974 Platoni]
967 1924 1154 1962 Platonis
1199 1926 1263 1960 est
1300 1921 1412 1959 locus
1452 1919 1504 1958 de

46 1984 173 2035 Legg.
206 1981 290 2020 ΧΙΙ.
324 1996 360 2022 c.
391 1984 427 2023 7.
459 1996 501 2035 p.
533 1981 626 2023 955.
660 1983 728 2020 fin.
761 1986 804 2019 et
833 1980 930 2021 956.
964 1983 1051 2020 init.

160 2050 310 2088 focus
341 2049 771 2098 domiciliorum,
800 2048 966 2098 sacra]
1027 2047 1103 2085 Est
1132 2047 1234 2085 haec
1254 2047 1504 2094 coniectura,

46 2105 259 2145 meliorum
291 2105 414 2144 codd.
453 2104 604 2144 mendo
642 2103 1038 2142 domiciliorum
1079 2116 1228 2141 sacro
1267 2103 1505 2140 confirmata

47 2167 89 2201 et
117 2166 214 2214 post
245 2161 480 2200 Turnebum
516 2166 558 2200 et
589 2162 816 2200 Manutium
849 2160 939 2197 fere
971 2158 1156 2210 uulgata,
1192 2171 1274 2197 non
1315 2159 1413 2195 item
1457 2157 1504 2194 ab

47 2219 234 2258 omnibus
264 2220 448 2269 probata.
512 2217 699 2256 Dauisius
732 2220 774 2254 et
809 2216 983 2255 Rathius
1017 2216 1264 2268 probarunt,
1306 2213 1413 2264 quod
1456 2225 1505 2250 ex

46 2275 186 2314 nescio
219 2287 295 2325 quo
328 2274 420 2313 cod.
453 2274 591 2313 Ursini
625 2277 860 2325 excerptum
896 2285 988 2310 esse
1020 2272 1185 2322 dicitur,
1226 2272 1250 2310 i.
1285 2283 1321 2310 e.
1363 2271 1504 2308 conie-

48 2336 203 2371 cturam
241 2329 525 2382 domicilii,
574 2344 747 2379 sacra3
798 2329 873 2367 sed
922 2329 1094 2366 Rathius
1136 2327 1257 2366 simul
1303 2339 1377 2378 pro
1428 2330 1508 2364 est

47 2386 353 2428 commendauit
382 2391 523 2438 esto„
557 2386 666 2438 quod
694 2399 771 2424 nec
800 2385 906 2437 apud
931 2385 1141 2423 Platonem
1174 2389 1238 2422 est
1268 2395 1346 2421 nec
1368 2387 1504 2434 aptum

50 2444 101 2483 ad
133 2444 395 2482 sententiam.
454 2444 579 2482 Ponit
609 2443 715 2481 enim
751 2442 857 2493 quod
890 2448 969 2492 est,
1000 2443 1041 2479 in
1073 2454 1204 2492 coque
1235 2439 1505 2478 fundamento

50 2503 314 2554 praeceptum
362 2502 589 2538 constituit.
659 2498 812 2548 Gzius,
859 2500 951 2549 quia
999 2500 1041 2536 in
1090 2498 1198 2536 Plat.
1245 2497 1384 2535 uerbis
1432 2507 1505 2548 pro

47 2557 175 2605 πᾶσι
215 2580 304 2605 cum
326 2566 530 2618 Wagnero
564 2566 687 2605 scribi
721 2564 850 2603 uoluit
871 2555 1034 2613 πᾶσα,
1072 2566 1248 2604 coniecit
1280 2568 1331 2602 nt
1357 2563 1507 2602 focus

0 2644 1 2665 l
51 2622 322 2664 domicilii
375 2624 561 2672 omnis,
611 2635 787 2671 sacra,
836 2622 958 2673 idque
1002 2623 1170 2660 Krausio
1226 2620 1380 2673 placuit
1416 2617 1505 2658 1.1.

0 2687 1 2729 ξ
51 2695 90 2733 p.
125 2679 221 2720 471.
283 2679 474 2718 Moserus
513 2683 673 2728 autem,
721 2680 786 2728 qui
830 2677 1041 2728 defendit,
1074 2679 1218 2716 mirum
1259 2679 1300 2715 in
1342 2675 1507 2715 modum

0 2732 1 2751 ¹
54 2740 110 2777 ita
143 2738 454 2790 interpretatur,
496 2742 537 2774 ut
572 2735 717 2773 focus
748 2746 823 2786 per
853 2733 1050 2787 syllepsin
1085 2734 1137 2772 ud
1166 2739 1380 2781 terram,
1423 2730 1506 2768 do-

57 2791 380 2831 miciliorum
415 2792 464 2831 ad
507 2792 722 2830 deorum
764 2790 983 2830 referatur.
1047 2790 1221 2831 Secutus
1264 2794 1325 2827 est
1368 2785 1509 2839 procul

0 2870 6 3075 ἓ

0 3080 9 3192 ι
