1781 3192
396 200 553 238 hunolt
585 197 885 237 SECUNDUS.
941 197 1040 236 (hv.
1079 197 1166 236 XV.
1429 196 1515 234 193

52 314 100 352 acl
134 312 301 351 alteram
336 312 581 349 seutentiam
615 311 747 361 possit
782 312 993 361 pertinere
1026 308 1094 361 (et
1127 311 1179 347 ita
1221 308 1382 359 quidem
1426 320 1508 345 ex-

53 369 128 408 sul
146 374 192 407 ta
207 383 228 406 n
247 368 291 405 ‹li
326 374 366 405 et
400 366 685 417 torquendi
722 368 831 404 notio
857 368 987 405 miuus
1013 365 1309 418 disiungitur),
1333 377 1509 414 cumque

54 439 129 464 nec
162 427 288 462 ambr.
322 424 524 473 codicum,
564 437 609 461 ex
642 424 784 473 quibus
818 423 964 460 Bakius
1004 422 1243 474 particulam
1287 422 1508 472 excerpsit,

54 496 128 520 nec
165 481 239 519 vd.
269 486 310 518 vt
340 482 472 529 cass„
507 482 544 517 in
579 481 720 529 quihus
763 492 854 517 (esse
900 479 1075 517 traditur
1116 478 1427 517 exultentur
1454 499 1508 504 -

54 537 384 585 exultautur,
419 537 499 574 ulla
531 538 584 574 sit
616 537 852 585 auctoritas,
886 538 1071 586 recipere
1105 549 1191 573 eam
1226 534 1353 572 nolui.

165 594 353 630 ciuium
394 594 439 629 in
483 592 702 641 animos]
773 593 1154 643 l'raepositionem‚
1192 605 1308 642 quain
1350 604 1371 627 a
1415 589 1509 628 cod.

54 649 166 687 arch.
207 648 385 685 abfuisse
417 654 571 686 certum
606 654 689 697 est,
733 662 753 685 a
794 647 921 685 'l‘nllii
972 648 1267 686 consuetudine
1321 647 1508 696 flagitari,

52 706 128 743 uiri
161 703 270 741 docti
302 709 441 742 nostra
474 709 608 743 aetate
645 705 733 742 fere
773 708 1049 743 consentiunt.
1109 706 1236 753 Quam
1277 708 1413 741 autem
1457 702 1509 739 de

52 761 169 799 Lbini
201 762 406 798 sententia
443 767 538 798 ante
579 762 765 799 ciuium
813 764 972 799 restitui
1017 760 1234 798 uoluerunt
1277 758 1508 808 Maduigius

52 815 313 871 (Fimendatt.
354 830 394 868 p.
431 815 522 870 7-1.)
565 822 606 855 et
644 817 815 865 Baiias,
855 831 942 855 eam
986 831 1073 855 cum
1111 818 1212 855 Gzio
1255 820 1297 853 et
1340 816 1507 853 Mosero

51 874 212 912 restitui
252 877 344 924 post
386 875 602 924 ciuium,
652 875 742 924 quia
791 874 924 911 facilis
967 875 1020 911 ibi
1062 875 1148 911 eius
1199 873 1367 910 omissio
1415 870 1509 910 suit.

50 932 136 969 Nec
168 941 288 967 causa
321 926 472 979 defuit,
502 944 572 967 cur
602 932 801 967 ciuium
835 935 1173 982 praeponeretur.
1237 930 1510 980 Opponuntur

50 988 158 1025 enim
200 986 312 1023 ciues
352 985 498 1036 singuli
536 987 635 1023 totis
677 988 919 1024 ciuitatibus.
982 985 1114 1023 Simili
1164 986 1215 1023 de
1262 997 1382 1022 causa
1420 984 1508 1022 Cic.

50 1042 101 1080 de
133 1042 204 1079 Or.
240 1041 270 1091 l,
303 1041 370 1081 3-1.
409 1042 502 1081 157.
543 1040 789 1095 (medium
833 1045 878 1080 in
923 1046 1120 1092 agmen)
1161 1042 1400 1093 praeposuit
1436 1039 1510 1077 ad-

48 1099 241 1137 iectiuum
282 1102 324 1134 et
367 1097 470 1135 (lixit
510 1098 598 1136 loco
639 1097 773 1148 aliquo
813 1112 833 1135 a
873 1111 938 1135 me
969 1111 1108 1148 parum
1143 1101 1331 1135 accurate
1363 1100 1507 1133 notato

51 1155 258 1193 deorum
293 1155 343 1191 in
375 1158 563 1192 mente.
624 1153 806 1192 Orellius
847 1155 1024 1192 coniecit
1062 1154 1252 1192 ciuium
1296 1154 1507 1200 animis,

51 1209 158 1263 quod
189 1211 355 1248 Krausio
389 1212 525 1248 arrisit
554 1210 581 1249 l.
612 1209 637 1250 l.
670 1224 710 1261 p.
742 1209 838 1250 470.

163 1279 257 1318 quo
287 1266 492 1318 plures]
554 1267 621 1304 Sic
652 1267 773 1305 codd.
806 1265 1014 1305 meliores.
1075 1265 1193 1315 Quod
1235 1269 1447 1316 receptum
1482 1277 1504 1301 a

50 1325 259 1372 Manutio,
299 1322 487 1361 relictum
521 1337 541 1360 a
575 1325 892 1374 posterioribus,
936 1324 1070 1361 denuo
1109 1327 1206 1373 post
1236 1322 1434 1371 Maduigii
1467 1323 1509 1358 in

51 1380 285 1419 Emendatt.
320 1393 360 1430 p.
394 1379 463 1419 73.
493 1379 812 1430 disputationem
847 1379 1025 1417 Orellius
1068 1379 1296 1428 Bakiusque
1335 1390 1510 1428 recepe-

50 1440 157 1476 runt.
227 1436 387 1487 Quippe
437 1449 531 1485 quo
578 1441 641 1473 est
693 1435 892 1474 ablatiuus
941 1448 1158 1473 mensurae
1208 1435 1511 1484 uerborumque

53 1494 255 1530 structura
286 1492 388 1528 haec
417 1496 501 1529 est:
534 1505 610 1542 quo
641 1492 781 1543 plures
813 1505 962 1530 neruos
996 1505 1113 1541 quam
1138 1496 1297 1541 septem
1321 1490 1509 1539 haberet,

52 1549 95 1586 id
127 1550 165 1585 in
200 1548 411 1585 Timothei
443 1547 592 1584 fidibus
623 1547 747 1593 incidi
780 1549 909 1587 iussit.
973 1547 1132 1584 Similia
1165 1545 1350 1597 exempla
1372 1545 1510 1585 Madu.

52 1605 154 1642 haec
196 1604 357 1641 attulit:
402 1604 488 1642 Cic.
529 1603 578 1641 ad
619 1606 704 1642 Att.
745 1604 832 1653 ΧΗ,
881 1603 948 1644 35.
992 1604 1028 1643 2.
1070 1608 1346 1653 antequam
1395 1616 1415 1639 a
1461 1607 1513 1640 te

52 1661 290 1713 proxime
328 1660 582 1708 discessi,
624 1660 1044 1711 nunquam-mihi
1093 1660 1237 1697 uenit
1283 1660 1328 1696 in
1379 1671 1513 1696 men-

52 1723 177 1765 tem,
216 1729 309 1766 quo
351 1715 466 1767 plus
506 1718 788 1754 insumtum
832 1719 879 1754 in
922 1720 1304 1754 monumentum
1347 1719 1509 1763 esset,

51 1785 195 1824 quam
227 1774 411 1810 nescio
444 1771 578 1822 quid,
612 1773 746 1823 quod
778 1771 897 1823 lege
928 1772 1262 1820 conceditur,
1302 1776 1512 1809 tantun-

53 1831 161 1868 dem
207 1827 398 1880 populo
446 1828 665 1866 dandum
714 1842 842 1867 esse.
894 1829 941 1866 ad
985 1830 1068 1867 Att.
1110 1828 1215 1877 XVl,
1260 1828 1293 1866 1.
1334 1828 1371 1867 5.
1419 1840 1510 1878 quo

51 1884 165 1938 plus
200 1886 516 1936 permutasti
559 1898 699 1935 quam
736 1884 791 1922 ad
832 1886 1056 1923 fructum
1098 1882 1420 1932 insularum,
1462 1883 1512 1921 id

50 1941 150 1979 ille
182 1954 347 1978 annus
378 1941 586 1991 habeat,
620 1943 667 1978 in
704 1955 844 1992 quem
871 1942 1088 1979 itineris
1113 1945 1312 1978 sumtus
1338 1952 1511 1977 acces-

52 2000 135 2036 sit.
198 1997 257 2034 lta
287 2010 363 2034 nec
384 1996 465 2035 ulla
489 1999 723 2035 coniectura
744 2010 843 2049 opus
870 2002 935 2035 est
958 1996 1136 2050 (Dauisii
1169 2009 1295 2047 quos
1328 1995 1510 2047 plures

51 2058 119 2091 aut
149 2053 347 2091 Schefferi
379 2058 508 2103 quot
538 2051 748 2105 plures)
783 2058 824 2090 et
854 2055 994 2104 inepta
1017 2057 1081 2090 est
1103 2052 1314 2103 plerisque
1341 2053 1512 2103 probata

51 2110 250 2146 correctio
283 2107 403 2146 codd.
435 2108 540 2148 dett.
571 2108 703 2158 quod
734 2107 932 2160 plures,
964 2111 1054 2159 quia
1084 2121 1164 2146 non
1197 2121 1338 2146 omnes
1360 2121 1510 2145 neruos

45 2166 87 2202 in
122 2164 330 2202 Timothei
361 2164 510 2202 fidibus
541 2164 668 2202 incidi
702 2165 986 2202 Lacedaemon
1020 2166 1166 2213 iussit,
1207 2164 1282 2201 sed
1313 2177 1383 2201 eos
1417 2169 1509 2201 tan—

47 2225 155 2270 tum,
195 2221 259 2271 qui
303 2225 462 2271 septem
494 2234 712 2259 neruorum
748 2234 958 2259 numerum
993 2221 1263 2268 excederent3
1305 2222 1416 2257 cuius
1448 2222 1509 2258 rei

48 2281 188 2315 auctor
207 2281 272 2314 est
302 2276 409 2316 Plut.
439 2276 542 2316 Mor.
573 2276 691 2330 (Lac.
718 2275 840 2330 inst.)
872 2290 913 2328 p.
936 2276 1032 2317 238.
1068 2278 1140 2315 Dio
1161 2276 1306 2326 Chrys,
1325 2277 1510 2314 xxxin.

46 2345 86 2384 p.
104 2331 201 2372 411.
233 2334 265 2370 Α
285 2334 428 2383 quibus
448 2333 744 2383 quodammodo
764 2334 971 2384 discrepat
987 2335 1165 2371 narratio
1184 2334 1387 2370 Athenaei
1403 2333 1509 2373 XlV.

47 2402 83 2427 c.
101 2387 138 2428 9.
170 2402 207 2440 p.
227 2388 331 2436 6363
361 2391 445 2439 qui,
476 2402 564 2429 cum
589 2389 750 2440 quidam
783 2403 1107 2441 superuacaneas
1134 2391 1221 2427 eius
1243 2389 1417 2427 chordas
1438 2391 1509 2426 ab-

47 2445 237 2484 scindere
267 2451 457 2497 pararet,
491 2446 752 2483 Timotheum
784 2445 1089 2497 Apolloniscum
1122 2445 1323 2497 quendam
1366 2450 1510 2483 osten-

49 2500 159 2540 disse
176 2506 328 2551 narrat,
351 2504 416 2540 cui
438 2502 580 2540 eadem
603 2504 904 2540 constructione
920 2505 1088 2554 parique
1103 2514 1319 2540 neruorum
1337 2514 1508 2540 numero

51 2555 138 2607 lyra
175 2563 313 2608 esset,
359 2563 523 2608 tumqm¹
562 2571 652 2596 eum
699 2558 910 2596 dimissum
951 2571 1058 2597 esse.
1126 2559 1258 2611 Ipsum
1300 2558 1508 2596 Lacedae-

49 2616 278 2653 moniorum
333 2614 544 2653 decretum
597 2620 731 2653 exstat
782 2615 887 2666 apud
930 2616 1076 2654 Boeth.
1126 2615 1178 2653 de
1229 2616 1333 2653 Mus.
1381 2615 1425 2664 1,
1469 2617 1506 2654 1.

48 2669 209 2709 Deinde
238 2673 431 2722 imperite
463 2672 669 2721 Dauisius,
700 2671 742 2709 id
775 2670 881 2722 quod
906 2672 1102 2710 Ernestio
1130 2671 1336 2724 placuisse
1367 2673 1508 2719 miror,

50 2727 175 2764 uerba
207 2728 267 2765 sic
297 2728 571 2779 transposuit:
612 2728 835 2765 haberet
865 2728 1175 2767 Timotheus
1210 2729 1257 2765 in
1289 2728 1505 2765 fidibus.

50 2781 115 2820 cf.
147 2782 236 2822 Cic.
273 2783 322 2821 (le
344 2781 503 2835 Rep.l‚
538 2785 605 2823 27.
641 2783 705 2824 43,
740 2785 978 2834 quoniam
1012 2784 1305 2822 distinctos
1336 2783 1506 2834 digni-

1240 2857 1255 2888 ‘l
1270 2857 1290 2887 ,ἰ
