1743 3202
201 214 312 248 XLVI
788 214 853 248 PR
862 213 1084 249 AEFATIO.

203 339 292 365 eam
329 338 417 364 rem
458 327 533 365 sibi
575 325 823 365 fructuosam
864 332 1007 379 speret
1041 327 1131 366 fore
1174 339 1253 366 nec
1299 327 1498 367 iustitiam
1545 324 1669 366 ullam

203 406 320 443 esse3
354 395 549 445 itemque,
579 393 659 431 nisi
694 394 757 431 ius
792 395 1082 432 confirmatura
1116 391 1350 446 sit'natura,
1382 396 1558 433 uirtutes
1582 408 1671 434 om-

200 474 274 499 nes
305 461 395 500 tolli
435 464 544 510 (nam
586 473 664 499 nec
695 459 986 499 liberalitatem
1017 474 1092 499 nec
1121 463 1333 501 caritatem
1366 475 1444 501 nec
1474 463 1672 514 pietatem

200 543 278 567 nec
309 530 418 567 bene
449 526 636 566 merendi
668 526 720 565 de
753 525 884 564 altero
917 533 985 565 aut
1014 530 1171 578 gratiae
1202 529 1449 568 referendae
1481 528 1673 567 uolunta-

204 601 292 634 tem
323 608 449 647 posse
476 596 672 645 existere,
704 595 782 632 nisi
814 593 865 632 ad
896 594 1084 633 homines
1125 594 1358 647 diligendos
1389 598 1583 649 propensi
1616 598 1673 635 si-

200 676 318 713 mus,
373 663 481 714 quod
517 661 831 701 fundamentum
872 662 972 700 iuris
1005 664 1076 712 sit)
1121 668 1163 702 et
1200 663 1372 703 deorum
1405 664 1672 703 caerimonias

199 729 505 782 religionesque
545 729 657 779 tolli3
698 734 739 767 et
770 730 804 767 si
836 730 896 767 ius
930 741 978 767 ex
1007 731 1154 768 iniuria
1192 731 1331 770 facere
1369 732 1503 783 possit
1530 728 1672 768 multi-

199 796 315 847 tudo,
348 810 603 849 consequens
637 809 746 847 esse,
778 796 821 834 id
853 797 960 848 quod
993 797 1213 836 absurdum
1242 801 1312 848 sit,
1346 803 1390 836 ut
1418 789 1569 837 bonum
1594 810 1666 836 ea-

201 863 296 902 dem
342 864 482 903 facere
527 866 662 917 possit
702 877 751 902 ex
791 863 910 903 malo.
961 866 995 916 §-
1028 863 1211 905 42———14-
1271 867 1426 915 Quibus
1468 866 1669 916 expositis

203 933 338 969 omnia
368 932 544 970 honesta
576 945 620 970 ac
651 931 787 982 turpia
819 931 1010 970 similiter
1038 934 1181 969 natura
1211 931 1428 970 iudicanda
1461 944 1552 970 esse
1584 931 1670 969 dis*

200 1000 327 1049 serit,
374 1001 563 1054 quoniam
605 997 883 1049 intelligentia
924 1000 1149 1037 communis
1192 1011 1239 1036 eo
1271 1011 1346 1037 nos
1386 999 1586 1049 adducat,
1627 1001 1671 1036 ut

197 1065 372 1103 honesta
401 1067 442 1103 in
474 1068 643 1115 uirtute,
677 1066 812 1117 turpia
840 1068 881 1103 in
912 1067 1023 1104 uitiis
1052 1079 1263 1117 ponamus,
1310 1079 1356 1104 ea
1388 1070 1522 1103 autem
1555 1068 1669 1103 certe

196 1133 238 1170 in
269 1137 414 1171 natura
445 1135 528 1173 sint
558 1136 693 1186 posita
734 1132 909 1183 perinde
941 1137 986 1170 ut
1028 1138 1069 1170 et
1101 1135 1194 1184 equi
1233 1138 1351 1184 atque
1392 1133 1544 1171 arboris
1586 1132 1669 1168 uir-

197 1202 328 1238 tutem
361 1198 427 1253 (in
460 1216 536 1251 quo
569 1205 782 1240 abutamur
811 1196 1002 1252 nomine)
1035 1204 1075 1237 et
1098 1202 1358 1251 prudentiam
1384 1204 1425 1238 et
1448 1199 1536 1237 ueri
1557 1196 1668 1248 falsi,

200 1269 539 1317 consequentium
574 1269 870 1307 contrariorum
910 1265 1131 1315 iudicium,
1180 1271 1221 1304 et
1259 1268 1450 1304 iuuenum
1490 1265 1669 1317 ingenia,

197 1346 318 1372 omne
359 1333 535 1385 denique
576 1337 725 1373 bouum
765 1331 974 1370 laudabile
1017 1345 1088 1370 sua
1125 1337 1268 1371 natura
1310 1333 1554 1372 iudicemus.
1615 1332 1670 1370 Et

200 1402 309 1452 quod
350 1415 433 1440 non
473 1402 596 1455 plane
640 1401 718 1437 hoc
760 1400 807 1437 ab
840 1399 1026 1436 omnibus
1066 1400 1348 1453 intelligatur,
1382 1415 1542 1449 causam
1575 1412 1668 1439 esse

194 1471 368 1521 positam
399 1471 439 1507 in
474 1469 710 1521 opinionum
745 1467 958 1516 uarietate,
997 1480 1099 1517 quae
1123 1481 1171 1506 eo
1193 1470 1410 1519 efficiatur,
1449 1468 1556 1519 quod
1579 1469 1667 1506 ani-

197 1538 273 1574 mis
303 1537 477 1575 insidiae
510 1535 735 1573 tendantur
765 1532 833 1570 uel
865 1535 912 1571 ab
936 1534 1170 1573 hominibus
1196 1536 1263 1574 uel
1287 1550 1307 1574 a
1330 1538 1425 1574 boni
1447 1536 1668 1573 imitatrice

195 1602 420 1654 uoluptate.
466 1604 500 1653 ᾧ.
534 1600 718 1643 43-47.
780 1601 913 1651 Atque
952 1614 999 1639 ex
1040 1602 1104 1639 his
1139 1603 1245 1653 quod
1277 1603 1486 1643 concludit
1516 1604 1665 1641 esius

196 1677 238 1708 et
270 1683 389 1708 omne
421 1671 641 1708 honestum
674 1671 712 1707 in
747 1672 890 1706 natura
920 1670 1097 1719 positum
1132 1683 1224 1707 esse
1257 1675 1374 1721 atque
1407 1685 1478 1709 sua
1519 1675 1666 1722 sponte

196 1751 290 1776 esse
333 1737 634 1789 expetendum,
676 1735 719 1773 id
760 1747 880 1785 porro
922 1737 1135 1773 confirmat
1176 1750 1249 1787 eo,
1295 1737 1403 1788 quod
1442 1739 1503 1776 uir
1534 1740 1663 1777 bonus

197 1806 445 1856 aequitatem
494 1811 534 1841 et
576 1805 635 1841 ius
679 1803 811 1853 ipsum
853 1801 998 1853 diligat
1038 1804 1218 1854 itemque
1260 1804 1437 1856 reliquas
1488 1807 1663 1843 uirtutes

194 1879 364 1926 propter
395 1876 521 1926 ipsas,
552 1883 631 1908 non
665 1871 713 1908 ob
746 1870 919 1906 fructum
953 1875 1169 1920 sequatur-3
1202 1871 1243 1908 id
1274 1871 1378 1921 quod
1408 1873 1584 1923 primum
1607 1871 1662 1909 li-

193 1940 409 1990 beralium,
443 1940 592 1977 deinde
624 1938 920 1986 beneficorum,
953 1942 1183 1988 gratorum,
1221 1940 1439 1976 amicorum
1466 1937 1662 1991 exemplis

192 2008 470 2061 proferendis,
504 2009 681 2058 denique
705 2005 925 2055 modestia,
956 2007 1245 2057 temperantia,
1278 2007 1549 2056 continentia,
1583 2019 1658 2044 ue-

193 2077 389 2115 recundia
420 2076 699 2127 pudicitiaque
730 2073 1017 2124 persequenda
1049 2071 1256 2121 declarat3
1298 2072 1348 2110 ad
1392 2086 1489 2123 quas
1521 2072 1663 2112 colen-

197 2143 270 2180 das
303 2144 479 2180 uirtutes
513 2149 626 2179 certe
658 2154 735 2178 nec
767 2145 901 2177 metus
932 2135 1121 2191 impellat
1162 2153 1238 2178 uec
1281 2139 1456 2177 utilitas:
1495 2153 1588 2178 nam
1629 2141 1663 2178 si

195 2213 365 2261 propter
395 2207 493 2246 alias
523 2221 591 2246 res
623 2209 1014 2257 uirtusexpetatur,
1046 2205 1191 2243 melius
1226 2206 1378 2257 aliquid
1402 2220 1512 2258 esse,
1542 2222 1661 2258 quam

198 2279 389 2316 uirtutem
424 2288 598 2314 necesse
631 2287 748 2322 esse3
780 2274 930 2311 uirtute
963 2278 1097 2311 autem
1129 2273 1235 2324 quod
1275 2272 1421 2312 melius
1457 2276 1526 2324 sit,
1558 2275 1661 2313 nihil

197 2356 366 2397 usquam
394 2343 582 2396 reperiri.
618 2342 652 2392 ᾗ.
684 2339 870 2381 48-52.

309 2459 462 2508 Quibus
496 2455 709 2508 explicatis
741 2468 829 2492 cum
873 2460 1043 2506 propter
1083 2456 1376 2492 sententiarum
1419 2455 1569 2492 seriem
1609 2454 1661 2493 ad

198 2527 323 2564 finem
348 2527 562 2574 bonorum,
590 2524 668 2561 nisi
686 2537 727 2561 se
745 2523 1001 2574 retinuisset,
1032 2535 1075 2561 se
1097 2523 1333 2574 prolapsum
1356 2533 1449 2560 esse
1472 2521 1658 2573 dixisset,

194 2606 281 2631 rem
320 2597 653 2641 controuersam,
700 2589 774 2628 sed
819 2589 1034 2641 aliquando
1083 2597 1219 2630 tamen
1266 2588 1544 2628 iudicandam:
1592 2588 1658 2640 qui

194 2660 304 2700 istud
345 2662 434 2699 fieri
475 2661 629 2712 possit,
677 2653 846 2696 Atticus
891 2659 1066 2709 quaerit,
1111 2661 1158 2698 L.
1201 2657 1338 2696 Gellio
1370 2661 1556 2705 mortuo,
1589 2657 1657 2707 qui

197 2742 338 2768 omnes
379 2728 646 2780 philosophos
687 2721 869 2764 Athenis
912 2728 1148 2766 conuocarit
1186 2727 1367 2778 ipsisque
1407 2736 1657 2775 magnopere
