1781 3192
441 226 598 266 Limen
630 223 853 263 PRlMUS.
907 221 1007 261 CM».
1041 221 1126 259 XV.
1463 211 1518 249 77

57 346 272 392 dicer03
304 342 488 393 ignoro
517 350 740 387 causam,
772 336 1023 373 detestor
1052 333 1265 372 exitum.
1318 328 1378 366 Dc
1399 324 1522 364 simili

59 403 273 442 uerborum
307 409 529 436 noscere
564 400 606 432 et
636 395 856 431 nouisse
891 405 965 429 usu
988 391 1082 429 uide
1112 402 1214 439 quae
1238 387 1318 425 dixi
1339 384 1372 435 Ι,
1396 382 1522 423 411.

173 460 224 494 ut
255 454 413 492 iidem
448 453 627 490 dicunt
657 464 713 488 sc.
746 449 954 500 Epicurei.
1008 447 1069 485 Cs.
1117 447 1198 484 cic.
1232 444 1312 483 Off.
1347 442 1377 491 Ι,
1410 439 1451 479 2·
1483 438 1522 479 5.

173 523 341 561 eaque
374 508 526 560 quae]
597 507 639 545 ln
681 506 773 543 cod.
816 505 926 542 arch.
972 503 1049 541 fuit
1091 514 1253 551 eaque
1290 500 1523 551 propter·

62 569 146 610 Sed
174 572 242 606 aut
273 565 511 618 particulam
546 568 626 614 et,
660 567 703 600 ut
733 563 994 612 superiores,
1029 558 1123 597 addi
1154 568 1326 595 necesse
1358 556 1423 591 est
1455 555 1527 599 (et

62 641 118 665 ea
149 626 295 676 quae)
334 628 405 659 aut
443 626 606 659 retenta
643 617 842 670 particula
881 630 972 667 que
1015 628 1103 654 cum
1146 615 1248 652 Gzio
1289 616 1330 648 ct
1358 609 1524 658 reliquis

61 679 322 721 scribendum
370 683 434 715 cst
484 689 644 728 eaque
695 687 842 726 quae.
916 674 1032 710 lianc
1080 684 1155 721 ego
1204 674 1248 708 ut
1298 665 1526 704 faciliorem

63 738 201 777 mendi
234 736 531 774 correctionem
561 733 689 781 magis
723 732 877 783 probo,
917 743 1006 767 cum
1043 729 1089 765 ab
1124 728 1200 765 hac
1231 723 1527 763 sententiarum

64 792 360 833 nectendas-um
414 792 571 827 ratione
613 790 757 826 Cicero
810 799 888 824 non
949 785 1182 823 abhorreat.
1245 780 1306 819 Cf.
1347 778 1397 816 dc
1436 779 1530 816 Fin.

64 852 95 900 l,
134 848 194 890 14.
226 847 292 888 48.
327 847 394 897 lll,
435 848 465 885 1.
498 846 538 885 3.
573 845 684 883 Lael.
717 844 786 893 27,
826 840 916 882 104'.
951 843 1061 879 Brut.
1088 840 1158 890 88,
1189 838 1288 879 303.
1320 837 1444 874 Gocr.
1479 832 1526 870 ad

66 906 186 946 Acad.
222 905 251 954 Ι,
296 904 362 943 12.
403 902 467 943 43.
508 903 647 941 Beier.
690 901 739 939 ad
781 900 861 938 Off.
896 899 925 949 Ι,
958 897 1026 939 21.
1064 898 1129 938 72.
1171 895 1307 935 Mada.
1346 892 1395 930 ad
1438 891 1530 928 Fin.

69 964 116 1013 V,
149 964 215 1003 22.
251 958 320 1001 (54¹.

182 1017 429 1056 utilitate
462 1014 575 1065 illa]
639 1016 754 1053 lianc
788 1013 941 1053 codicis
974 1013 1085 1050 arch.
1115 1011 1355 1061 scripturam
1381 1006 1534 1043 frustra

70 1080 282 1114 tentarunt
322 1075 572 1123 interpretes
616 1086 687 1122 pro
745 1072 835 1108 illa
886 1070 952 1108 uel
1008 1069 1109 1107 alia
1158 1063 1450 1111 coniectando,
1495 1063 1537 1096 ut

71 1132 220 1183 steph.
252 1131 353 1167 Ern.
389 1130 532 1177 llagn.
567 1130 635 1166 Or.
669 1127 810 1166 Mmlu.
846 1126 1100 1171 (Enu-ndatt.
1127 1139 1163 1176 p.
1193 1121 1296 1171 lxi),
1331 1120 1395 1157 uel
1428 1116 1538 1155 ulla

71 1194 140 1226 aut
172 1190 313 1238 ipsa,
359 1189 401 1222 ut
430 1185 644 1233 Dauisius,
686 1183 750 1221 uel
789 1184 998 1221 sublata
1040 1180 1229 1219 addendo
1269 1176 1537 1224 (utilitate

72 1243 171 1283 illa
213 1241 464 1290 sublata),
507 1245 549 1278 ut
586 1241 754 1278 Lbiuus.
828 1241 968 1278 Possis
1020 1240 1142 1276 etiarn
1191 1237 1350 1273 ratione
1400 1232 1537 1269 habita

73 1314 231 1350 eorum,
264 1310 364 1349 quae
398 1298 483 1335 Cic.
516 1298 556 1334 in
591 1296 706 1336 Lael.
739 1295 779 1347 9,
813 1296 881 1337 32.
925 1297 1025 1333 dixit
1066 1293 1202 1348 (nam
1237 1293 1279 1329 si
1312 1288 1536 1329 utilitas

75 1358 336 1396 amicitias
378 1351 815 1403 conglutinaret,
860 1353 1035 1391 eadem
1083 1351 1406 1389 commutata
1437 1344 1538 1381 dis-

75 1410 340 1464 solueret)
380 1412 584 1448 coniicere
624 1403 870 1448 utilitate
911 1413 1121 1447 mutata.
1191 1405 1273 1443 Sed
1314 1416 1396 1443 non
1436 1413 1538 1452 opus

77 1475 142 1507 est
184 1469 436 1507 coniectura.
506 1467 637 1503 Remo
687 1479 785 1504 sane
835 1468 874 1504 in
928 1467 992 1503 his
1046 1463 1304 1503 offenderet:
1352 1469 1540 1509 eaque,

78 1539 209 1576 quae
241 1530 465 1575 propter
497 1521 792 1562 utilitatem
828 1523 1196 1569 constituitur,
1231 1518 1406 1557 eadem
1442 1514 1542 1552 uti-

78 1582 237 1620 litate
282 1581 353 1627 (de
383 1581 477 1618 Fin.
511 1579 558 1628 ΙΙ,
592 1578 659 1618 24.
694 1580 782 1625 78.)
829 1579 897 1617 uel
937 1578 1119 1616 eadem
1157 1574 1249 1614 illa
1289 1572 1544 1613 utilitate

78 1636 437 1684 conuellitur3
483 1648 585 1685 quae
628 1638 674 1673 ab
714 1636 795 1674 illis
834 1637 889 1674 ita
930 1640 1087 1673 tantum
1132 1624 1350 1681 differunt,
1396 1633 1441 1667 ut
1474 1639 1545 1666 ex-

79 1707 224 1746 presso
269 1695 394 1730 uerbo
437 1691 698 1742 declaretur,
740 1691 957 1736 utilitatem
1000 1691 1140 1740 illam,
1183 1703 1259 1739 qua
1291 1684 1546 1726 conuellatur

79 1752 252 1799 iustitia,
292 1761 384 1787 esse
430 1748 626 1797 eandem,
668 1755 838 1800 propter
883 1761 998 1799 quam
1033 1749 1331 1793 constituatur,
1362 1743 1406 1782 id
1438 1739 1545 1793 quod

80 1806 145 1845 uel
177 1808 329 1845 omisso
361 1806 603 1856 pronomine
635 1804 762 1843 facile
793 1807 1052 1856 perspicitur.
1116 1804 1217 1842 Nam
1251 1800 1409 1840 utilitas
1433 1799 1545 1850 pari-

81 1869 144 1901 ter
176 1864 253 1900 hoc
287 1862 378 1899 loco
418 1867 540 1912 atque
578 1860 650 1898 illo
684 1862 735 1899 de
765 1862 859 1899 Fin.
893 1862 1112 1899 utilitatem
1146 1862 1380 1897 uniuersam
1416 1856 1546 1905 signi-

82 1921 191 1968 licat,
222 1931 302 1955 non
335 1922 488 1955 certam
521 1918 718 1967 quandam
753 1917 942 1956 utilitatis
974 1919 1172 1968 speciem,
1201 1921 1245 1953 ut
1272 1915 1324 1953 de
1348 1916 1438 1952 Fin.
1463 1907 1547 1960 111,

84 1976 153 2016 21.
187 1974 251 2014 70.
315 1975 594 2023 Similiterque
627 1974 678 2011 de
712 1976 790 2013 Off.
824 1971 882 2024 ΙΙ,
920 1975 984 2013 15.
1014 1974 1082 2013 52.
1116 1974 1267 2011 dicitur
1307 1969 1547 2020 benigni-

86 2037 164 2069 tas
197 2032 525 2081 benignitate
566 2029 802 2080 tollitur3
846 2045 865 2068 a
903 2045 980 2081 quo
1021 2031 1099 2068 hoc
1142 2030 1281 2067 differt
1323 2041 1396 2078 eo,
1441 2024 1548 2076 quod

86 2086 238 2126 utilitas
287 2093 333 2126 ut
383 2086 521 2138 paullo
572 2093 667 2124 ante
721 2092 1040 2126 commemorata
1090 2091 1355 2124 monstratur.
1435 2080 1547 2120 Nihil

82 2146 208 2194 igitur
249 2149 352 2193 erat,
393 2157 468 2181 cur
512 2144 656 2181 Bakius
697 2144 791 2182 illa
828 2145 964 2182 omitti
1006 2142 1148 2181 uellet.
1220 2141 1381 2180 insulse
1420 2140 1547 2177 Goer.

84 2206 126 2238 et
164 2201 278 2242 Mos.
333 2200 631 2240 utilitatem
681 2200 825 2240 illam
883 2200 1075 2239 dixerunt
1124 2213 1211 2238 eam
1264 2211 1387 2248 esse,
1446 2207 1549 2246 quae

83 2262 227 2296 natura
260 2263 387 2298 esset.

195 2315 231 2364 ξ.
262 2314 332 2355 43.
393 2314 775 2352 confirmatura
805 2328 905 2352 non
941 2313 1063 2365 erit]
1125 2314 1321 2363 Atque,
1363 2322 1437 2362 pro
1470 2321 1549 2358 quo

86 2372 192 2410 Uict.
227 2371 368 2422 steph.
399 2372 540 2409 Lamb.
575 2372 674 2410 Dau.
708 2372 806 2410 Ern.
840 2371 984 2421 Wagn.
1009 2384 1057 2408 ex
1080 2369 1354 2407 deterioribus
1382 2367 1550 2417 quibus-

87 2429 178 2466 dam
212 2428 418 2467 codicibus
452 2429 599 2477 atqui
635 2432 894 2479 receperunt,
937 2433 979 2465 et
1011 2425 1203 2465 meliores
1232 2425 1399 2463 codices
1429 2428 1550 2460 tuen-

87 2492 152 2524 tur
182 2498 272 2523 cum
301 2484 510 2536 plerisque
543 2484 793 2523 deteriorum
830 2490 871 2522 ct
911 2486 1121 2522 sententia
1161 2483 1375 2532 efflagitat.
1446 2479 1551 2516 Pro-

86 2542 274 2594 greditur
312 2543 422 2579 enim
462 2542 592 2579 oratio
633 2541 683 2578 ad
724 2541 841 2579 aliam
885 2554 969 2578 rem
1011 2553 1181 2591 eamque
1213 2540 1441 2589 grauiorem
1475 2547 1551 2572 nec

89 2597 218 2637 solum
261 2600 488 2647 iustitiam,
537 2597 611 2635 sed
650 2599 826 2635 uirtutes
866 2611 1007 2635 omnes
1045 2597 1135 2636 tolli
1175 2596 1466 2641 contenditur,
1517 2592 1551 2628 si

90 2660 233 2694 natura
263 2656 548 2694 confirmatura
590 2655 651 2692 ius
694 2667 774 2691 non
813 2655 877 2692 sit.
950 2653 1148 2705 Exempla
1188 2658 1284 2690 sunt
1322 2654 1363 2690 in
1402 2647 1552 2688 Handii

95 2711 214 2750 Tum.
255 2712 284 2750 1.
324 2726 367 2764 p.
413 2710 511 2751 476.
583 2711 998 2760 Confirmatura,
1049 2710 1156 2761 quod
1199 2709 1316 2748 codd.
1361 2706 1554 2746 meliores

96 2772 240 2805 tenent
270 2782 358 2806 cum
390 2767 628 2819 quibusdam
660 2767 935 2805 deterioribus
970 2780 1113 2819 parum
1141 2771 1255 2805 recte
1290 2765 1453 2811 Bakius,
1486 2760 1554 2811 qui

94 2837 182 2863 cum
215 2824 324 2863 Uict.
356 2825 495 2864 Lamb.
529 2826 630 2863 Dau.
660 2824 760 2863 Ern.
793 2823 936 2875 W'agn,
967 2825 1161 2877 Zumptio
1195 2836 1243 2861 ex
1278 2820 1554 2860 deterioribus
