1781 3192
214 173 304 212 276
787 174 857 211 DE
889 173 1121 213 LEGIBUS

327 287 376 323 in
422 286 540 323 iure
591 285 820 336 positum
871 290 955 324 est
1003 299 1058 326 sc.
1118 291 1162 325 ut
1209 288 1293 325 sint
1342 290 1455 340 regio
1491 292 1680 341 imperio.

328 409 388 434 ne
421 394 497 445 id,
537 395 671 446 quod
710 395 920 448 fuerat,
961 404 1108 437 esset
1147 401 1172 440 i.
1205 412 1240 440 e.
1281 412 1333 438 ne
1371 400 1684 440 immoderatam

217 453 327 493 illam
359 457 608 503 potestatem
643 453 860 505 haberent,
893 469 994 506 quae
1021 457 1186 507 regibus
1211 458 1363 494 exactis
1386 458 1444 495 eis
1469 458 1685 508 obtigerat.

216 511 367 548 Ueram
409 509 513 546 hanc
555 509 745 560 Wagneri
786 513 1174 564 interpretationem
1216 514 1421 552 immerito
1463 524 1485 551 a
1518 514 1686 552 Mosero

217 579 311 605 esse
346 564 618 616 uituperatam
653 567 876 606 ostendunt
907 582 970 618 ea,
1005 581 1106 619 quae
1139 574 1387 620 sequuntur:
1427 570 1522 608 hoc
1555 571 1685 608 enim

215 623 434 675 primum
467 624 666 660 minuit
696 629 776 665 cet.
837 621 933 676 Ipse
957 626 1149 664 Moserus
1170 628 1228 664 sic
1251 627 1568 678 interpretatur:
1600 638 1688 677 „ne

216 692 358 718 rursus
400 679 457 716 ita
497 681 803 730 opprimeretur
854 681 1028 734 populus
1080 684 1153 721 sub
1203 683 1464 733 consulibus,
1520 689 1564 721 ut
1611 684 1686 721 sub

218 737 387 786 regibus
436 735 573 773 suerat
620 739 890 788 oppressus“.
962 740 1059 777 Mox
1097 740 1271 789 Bakius,
1319 741 1412 790 quia
1461 753 1686 791 pronomen

219 794 366 831 abesse
405 804 486 829 non
525 798 691 844 posset,
731 796 910 833 coniecit
951 796 1154 834 deinde
1199 810 1220 846 q
1238 796 1333 835 uod
1364 797 1451 834 hic
1483 796 1687 836 attulit.

220 851 272 888 At
315 850 491 887 subiecti
538 851 649 887 notio
700 852 800 889 satis
840 851 1019 890 indicata
1059 859 1123 891 est
1163 855 1371 891 sententia
1411 852 1690 905 praecedente

218 908 339 958 ipse
369 906 459 957 qui
491 918 547 943 eo
578 919 678 944 non
712 912 1010 949 teneretur.

337 962 369 1013 ᾧ.
409 962 477 1016 17.
532 967 813 1014 potestate
844 965 985 1015 nata]
1048 964 1160 1004 Male
1197 971 1239 1003 et
1273 965 1368 1004 Dau.
1401 966 1577 1004 coniecit
1607 964 1690 1003 de-

221 1032 345 1059 mum
377 1024 494 1057 nata
527 1025 569 1057 et
597 1020 769 1059 Rathius
802 1026 1086 1074 potestate
1126 1019 1208 1075 (sc.
1250 1022 1490 1075 consulum)
1530 1022 1690 1060 demi-

220 1081 363 1116 nuta.
424 1076 476 1113 At
506 1077 587 1113 ista
617 1083 803 1128 potestas
837 1084 902 1116 est
932 1080 1176 1119 tribunatus,

338 1133 418 1170 uis
462 1131 856 1186 multitudinis]
930 1136 1198 1187 Optimatium
1241 1136 1420 1185 grauitas
1469 1140 1535 1173 est
1584 1134 1691 1185 quod

222 1202 298 1229 nos
327 1187 501 1226 dicimus
533 1188 778 1240 politischer
798 1192 976 1230 Einssuss
1008 1192 1084 1230 der
1107 1193 1370 1243 Optimaten3
1403 1204 1506 1242 quae
1534 1191 1694 1230 sublata

225 1253 268 1285 et
307 1247 348 1283 in
390 1243 696 1284 multitudinem
736 1247 935 1287 translata
972 1261 1052 1286 non
1095 1250 1209 1298 ius,
1249 1248 1323 1285 sed
1365 1250 1445 1286 uis
1478 1254 1555 1288 est.
1617 1244 1694 1285 Illa

226 1302 497 1350 auctoritate,
538 1302 638 1340 haec
680 1306 837 1356 impetu
877 1303 1000 1344 ualet.
1069 1305 1158 1343 Iloc
1202 1306 1329 1355 igitur
1379 1305 1538 1355 ipsum,
1585 1303 1692 1354 quod

224 1359 399 1411 primum
441 1358 772 1397 commendatum
815 1375 836 1398 a
877 1361 1083 1410 Wagnero
1125 1374 1205 1398 non
1255 1359 1467 1411 displicuit
1505 1361 1691 1409 Mosero,

225 1411 398 1463 Orellio,
430 1414 639 1465 Zumptio,
672 1428 763 1453 cum
796 1414 906 1455 nulla
935 1417 990 1454 sit
1020 1416 1098 1453 hoc
1131 1418 1171 1453 in
1203 1428 1357 1465 genere
1389 1415 1510 1452 codd.
1550 1422 1692 1454 aucto-

224 1473 349 1519 ritas,
394 1470 581 1520 recipere
622 1484 700 1509 non
745 1471 941 1513 dubitaui.
1014 1474 1099 1521 „At
1141 1474 1226 1521 uis,
1266 1472 1399 1521 inquit
1437 1470 1610 1519 Bakius,
1652 1472 1695 1508 in

227 1529 337 1566 facto
370 1527 562 1564 consistit
595 1526 779 1567 uiolento
812 1543 890 1568 nec
919 1529 1001 1568 dici
1026 1534 1165 1580 potest
1184 1527 1523 1567 conualescere“.
1571 1528 1696 1576 Quasi

232 1596 330 1623 uero
364 1583 423 1620 uis
456 1596 535 1621 non
571 1586 694 1622 etiam
728 1588 959 1637 proprietas
993 1599 1085 1623 esse
1115 1586 1273 1637 possit,
1314 1588 1360 1629 rut
1404 1585 1482 1622 uis
1512 1583 1696 1622 leonis

229 1639 336 1693 apud
376 1640 462 1680 cic.
504 1640 556 1679 de
588 1642 679 1682 Diu.
712 1639 755 1692 l,
796 1643 862 1683 70.
911 1641 1002 1683 144.
1045 1643 1123 1680 uis
1159 1643 1395 1680 oratoris
1433 1639 1486 1678 de
1525 1640 1594 1680 Or.
1636 1636 1697 1690 Il,

228 1698 297 1739 27.
344 1695 435 1736 120.
473 1697 525 1738 cf.
564 1700 689 1736 etiam
728 1699 781 1738 dc
819 1700 926 1751 Rep.
969 1695 1035 1750 II,
1078 1699 1146 1740 22.
1194 1697 1444 1736 confecta
1490 1703 1572 1735 est
1618 1698 1697 1734 uis

229 1752 418 1807 populi
450 1755 731 1805 uniuersa3
774 1756 1050 1808 similiterque
1089 1757 1130 1793 in
1166 1756 1326 1805 Fragm.
1359 1752 1428 1795 24.
1467 1766 1540 1805 pro
1573 1754 1696 1794 Corn.

231 1810 341 1863 apud
391 1809 519 1850 Orell.
563 1811 628 1851 lV.
672 1812 710 1852 2.
759 1827 799 1865 p.
841 1808 939 1854 451.
989 1814 1049 1852 uis
1095 1816 1362 1865 potestasque
1413 1811 1698 1862 suffragiorum

231 1866 524 1907 conualescere
556 1867 716 1910 dicitur.

347 1936 441 1962 non
473 1931 583 1973 est,
617 1927 833 1976 Quinte,
864 1926 962 1977 ita]
1019 1925 1086 1964 Sic
1109 1923 1336 1963 secundum
1364 1921 1558 1962 meliores
1579 1922 1699 1962 codd.

234 1981 382 2032 scripsi
416 1994 504 2019 cum
539 1981 645 2022 Uict.
680 1987 723 2021 et
753 1983 901 2031 Baki03
946 1981 1097 2034 reliqui
1128 1994 1219 2020 cum
1263 1980 1562 2019 deterioribus:
1601 1993 1699 2018 non

233 2041 319 2075 est
349 2039 448 2087 ita,
482 2039 710 2087 Quinte..
746 2040 844 2078 Mox
878 2052 967 2078 cum
1001 2038 1210 2091 plerisque
1242 2036 1469 2076 editoribus
1502 2050 1549 2074 ex
1581 2035 1703 2076 codd.

236 2093 342 2134 dett.
375 2096 514 2145 recepi
543 2109 643 2133 non
673 2097 802 2133 enim
834 2098 940 2145 ius,
974 2098 1066 2146 quia
1098 2097 1136 2133 in
1172 2095 1308 2132 uerbis
1342 2094 1628 2144 superbius
1659 2098 1702 2131 et

234 2150 566 2200 uiolentius,
606 2164 685 2189 non
728 2153 769 2189 in
810 2153 944 2189 iuris
988 2150 1183 2189 uocabulo
1222 2149 1386 2187 dicendi
1427 2149 1586 2200 pondus
1621 2153 1698 2188 est.

236 2202 284 2244 In
328 2220 406 2257 quo
438 2208 572 2258 posita
604 2212 742 2257 esset,
783 2208 817 2245 si
856 2220 945 2246 cum
981 2208 1088 2247 Uict.
1130 2211 1172 2245 et
1207 2205 1333 2244 Bakio
1375 2219 1423 2243 ex
1462 2204 1701 2243 melioribus

237 2262 355 2303 codd.
387 2265 630 2301 restitueres
662 2276 757 2301 non
789 2265 867 2303 ius
899 2266 1048 2304 enim.
1112 2263 1305 2301 Ceterum
1347 2263 1425 2299 ius
1466 2261 1604 2300 illud
1636 2267 1703 2300 est

236 2321 300 2358 ius
343 2319 560 2358 consulare
596 2318 705 2358 nulla
756 2333 802 2358 re
851 2326 1144 2372 temperatum,
1195 2324 1238 2356 ut
1286 2324 1402 2355 recte
1448 2319 1527 2355 iam
1572 2318 1701 2359 Turn.

235 2379 551 2428 interpretatur,
584 2390 662 2415 nou
694 2378 755 2415 ius
788 2378 1071 2430 optimatium,
1106 2374 1446 2428 quemadmodum
1475 2376 1703 2427 Wagnerus

235 2433 423 2484 explicat.

355 2502 614 2529 conuersa
646 2488 809 2528 lexin
844 2503 1015 2529 omnes
1045 2489 1148 2540 est]
1213 2485 1354 2528 Multis
1383 2488 1484 2526 haec
1506 2488 1705 2528 mendosa

240 2547 328 2586 uisa
360 2552 467 2587 sunt.
530 2547 718 2585 Dauisius
749 2548 1200 2586 coniecitconsecta
1230 2558 1322 2598 pax
1355 2545 1496 2583 inter
1526 2558 1704 2584 omnes

243 2610 350 2652 est3
381 2604 484 2641 Gzio
517 2605 751 2642 sententiae
783 2618 876 2655 pars
908 2606 948 2641 in
980 2603 1121 2642 lacuna
1155 2603 1287 2640 latere
1318 2602 1404 2639 uisa
1427 2606 1492 2639 est
1512 2602 1705 2640 uerbum-

242 2673 321 2712 que
352 2673 617 2700 conuersa
650 2666 732 2698 est
765 2661 946 2699 additum
982 2661 1031 2699 ad
1063 2659 1142 2699 loci
1169 2659 1412 2697 sententiam
1436 2656 1704 2709 explendam3

242 2718 394 2756 Bakius
435 2730 482 2755 ex
532 2717 686 2767 syllaba
727 2731 821 2755 con
862 2717 1126 2756 efficiendum
1165 2729 1259 2754 esse
1299 2714 1402 2752 dixit
1438 2719 1538 2752 tum
1581 2721 1624 2754 et
1661 2716 1704 2753 in

246 2777 330 2813 tine
373 2775 605 2813 sententiae
637 2774 714 2812 hoc
753 2774 905 2814 latere:
948 2774 1239 2813 seditionis
1280 2776 1387 2820 est;
1428 2770 1585 2823 reliqua
1623 2784 1706 2810 non
