1781 3192
276 217 362 256 184
841 215 910 253 DE
946 214 1176 254 LEGIBUS

276 335 341 369 est
381 330 419 367 in
461 327 579 366 codd.
625 325 888 376 melioribus,
939 328 1048 366 unde
1099 341 1173 377 ego
1214 329 1253 365 in
1291 328 1428 365 Jahnii
1470 330 1574 368 Ann.
1613 330 1735 370 1847.

275 401 317 439 p.
357 383 451 425 314.
495 382 755 420 efficiendum
801 396 892 420 esse
934 383 1209 421 demonstraui
1255 390 1306 421 et
1343 384 1392 421 id
1431 386 1499 433 si,
1550 385 1590 422 id
1630 387 1737 436 quod

277 447 373 480 ante
405 442 482 477 iam
515 440 750 476 coniecerat
781 438 1027 478 Gulielmus.
1080 440 1143 477 cf.
1178 441 1262 479 Cic.
1288 442 1358 478 Or.
1393 441 1423 489 l,
1455 440 1495 480 3.
1527 456 1549 490 q
1563 444 1736 480 uaeris

276 494 734 548 igituridqueiam
759 497 983 546 saepius.
1005 496 1738 547 Phil.xl‚2.5.adFam.X111,16.4.

392 567 446 600 ιιι
486 561 552 614 pl.
594 560 822 611 ualeret]
890 565 976 601 Nec
1023 573 1137 602 recte
1185 575 1232 599 ex
1270 562 1373 600 dett.
1415 562 1535 600 codd.
1578 563 1739 614 uulgata

275 622 377 658 haec
409 624 530 656 sunt:
560 619 639 654 ius
674 623 726 654 ιιι
758 617 1035 668 plurimum
1071 620 1236 668 ualet,
1280 632 1356 656 nec
1388 619 1617 669 prudenter
1647 633 1739 658 cum

276 678 387 715 Man.
422 680 464 712 et
496 675 623 711 Lbino
656 673 888 725 Ernestius,
918 676 1060 726 Wagn.
1095 678 1188 716 Seli.
1224 674 1463 725 particulam
1506 681 1558 712 ιιι
1597 681 1739 713 contra

276 731 394 772 codd,
436 731 686 779 omiserunt,
734 743 809 767 nec
851 732 1026 782 denique
1068 746 1164 770 uere
1206 732 1396 770 Mose-rus
1439 733 1614 769 coniecit
1652 732 1738 769 uel

274 789 545 841 plurimum
579 784 738 823 ualet.
788 788 899 825 Nihil
925 795 1029 839 part.
1055 793 1120 837 ut,
1146 791 1259 826 cuius
1286 788 1549 837 patrocinium
1575 793 1740 839 praeter

279 845 380 883 alios
428 845 548 880 etiam
589 844 808 880 Stuerenb.
856 847 1040 895 suscepit
1078 858 1151 895 pro
1191 844 1312 883 Arch.
1354 857 1394 894 p.
1428 842 1497 892 26,
1539 844 1649 881 ualet
1688 843 1740 881 ad

277 900 541 951 compar-atini
584 899 663 935 uim
706 899 929 948 augendam
970 907 1011 938 et
1048 903 1185 952 potius
1239 900 1502 950 comparandi
1543 901 1623 936 uim
1664 901 1738 937 ob-

275 959 395 1004 tinet,
434 962 477 993 ut
518 953 612 992 addi
652 967 824 992 necesse
866 959 919 994 sit
960 962 1029 994 aut
1067 961 1347 1007 potestant
1386 969 1502 993 cum.
1568 956 1651 994 Cic.
1685 956 1738 993 de

278 1015 345 1052 Or.
379 1009 436 1061 ll,
470 1009 661 1051 41.174.
694 1011 820 1048 haec
853 1018 904 1050 ut
936 1013 1261 1050 breuissime
1295 1012 1398 1049 dici
1429 1015 1736 1063 potuerunt,

275 1072 350 1107 ita
390 1082 410 1106 a
443 1081 514 1105 me
548 1066 690 1104 dicta
722 1072 837 1105 sunt
896 1068 947 1105 de
980 1068 1073 1106 Fin.
1115 1069 1167 1118 V,
1199 1067 1234 1108 4.
1270 1066 1307 1107 9.
1349 1080 1423 1118 pro
1467 1068 1632 1105 Cluent.
1664 1067 1735 1118 26,

278 1126 345 1165 72,
407 1125 490 1163 Cic.
525 1123 576 1160 ad
609 1124 746 1170 Quint.
770 1124 838 1162 Fr.
875 1120 931 1173 ΙΙ,
962 1124 997 1164 6.
1022 1124 1061 1164 6.
1096 1125 1276 1162 domus
1309 1122 1618 1161 celebratur
1646 1125 1737 1173 ita,

277 1187 331 1220 ut
363 1195 416 1218 cu
432 1194 466 1216 m
502 1180 716 1216 maxime
748 1180 773 1216 i.
807 1193 844 1218 e.
878 1186 922 1218 ut
950 1180 1197 1229 celebratur,
1231 1191 1318 1217 cum
1353 1181 1526 1217 maxime
1551 1179 1736 1217 celebra-

276 1245 354 1277 tur.
413 1238 558 1274 Ueram
585 1237 825 1285 scripturam
862 1234 1071 1274 ualeret
1103 1250 1124 1274 a
1145 1236 1354 1286 Maduigio
1378 1237 1508 1285 primo
1529 1236 1570 1273 in
1596 1248 1734 1286 progr.

275 1308 317 1346 p.
351 1294 417 1332 17.
451 1291 773 1330 commendatam
807 1297 848 1329 et
880 1306 899 1329 a
923 1293 1116 1342 Zumptio
1146 1292 1349 1342 Bakioque
1373 1293 1581 1342 probatam
1612 1293 1733 1329 etiam

276 1353 320 1389 h.
351 1349 380 1387 l.
413 1347 528 1386 codd.
570 1346 760 1384 meliores
803 1353 948 1385 tenent
1019 1350 1216 1385 Nimirum
1264 1349 1366 1385 haec
1408 1349 1563 1399 pariter
1613 1353 1734 1398 atque

276 1405 487 1456 sequentia
527 1415 808 1452 eorumque
851 1409 904 1441 ut
944 1403 1082 1454 publ.
1124 1406 1217 1442 int.
1268 1410 1450 1442 essent
1497 1407 1635 1442 iuncta
1687 1417 1735 1441 ex

275 1460 357 1500 illis
399 1463 516 1508 sunt,
556 1457 675 1508 lege
717 1460 995 1496 sanximus.
1069 1459 1227 1497 Deinde
1281 1464 1330 1497 et
1370 1459 1510 1497 fides
1557 1473 1630 1510 pro
1683 1465 1736 1498 ut

273 1517 417 1557 fides
449 1520 490 1553 et
520 1520 638 1552 uetus
673 1519 714 1551 et
744 1516 974 1552 necessaria
1004 1517 1203 1553 correctio
1237 1521 1316 1554 est.
1378 1515 1484 1553 'rum
1511 1515 1599 1553 cod.
1622 1517 1733 1555 arch.

274 1572 466 1612 mendum
507 1572 705 1609 FORUM
747 1572 874 1608 satius
920 1573 1047 1609 uisum
1099 1576 1163 1609 est
1210 1584 1298 1609 cum
1340 1572 1485 1609 eodem
1525 1571 1734 1623 Maduigio

274 1635 434 1669 mutare
464 1629 506 1665 in
540 1627 736 1665 EORUM
760 1624 829 1679 ff),
864 1641 978 1677 quam
1011 1628 1194 1665 retinere
1225 1627 1333 1678 quod
1364 1627 1494 1666 adhuc
1526 1627 1732 1678 uulgatum

276 1691 364 1735 est,
398 1686 459 1722 ho
477 1697 596 1722 rum.
658 1682 812 1731 Quodsi
836 1683 1000 1733 Bakius,
1033 1685 1096 1734 qui
1122 1686 1211 1735 ipse
1237 1685 1412 1721 coniecit
1435 1683 1731 1733 foederum,

273 1754 413 1795 parum
446 1747 561 1778 recte
592 1751 818 1790 pronomen
851 1739 901 1776 ad
931 1741 1007 1776 uis
1041 1744 1083 1776 et
1112 1738 1275 1779 fidem
1311 1740 1456 1776 referri
1491 1739 1609 1788 dixit,
1651 1753 1730 1777 non

275 1798 505 1837 attendisse
540 1795 608 1834 ille
642 1795 819 1844 uidetur,
852 1794 1022 1832 feciales
1057 1794 1108 1833 de
1138 1798 1227 1833 iure
1262 1800 1303 1833 et
1335 1795 1416 1832 lide
1446 1797 1488 1832 in
1529 1795 1649 1832 bellis
1691 1800 1733 1833 et

274 1852 548 1905 suscipiendis
592 1857 633 1888 et
674 1850 932 1901 deponendis
976 1851 1081 1901 apud
1123 1852 1331 1889 Romanos
1374 1850 1557 1888 iudicare
1587 1851 1732 1889 solitos

275 1924 378 1950 esse.
442 1910 501 1946 De.
540 1921 683 1958 magna
715 1908 988 1945 Romanorum
1029 1908 1108 1944 hoc
1148 1909 1187 1944 in
1221 1920 1375 1958 genere
1407 1906 1606 1959 religione
1637 1907 1732 1945 uide

274 1969 357 2007 Cic.
409 1965 459 2003 de
502 1965 602 2016 Rep.
644 1964 703 2014 11,
751 1964 812 2003 17.
855 1964 931 2014 ΙΙΙ,
971 1963 1040 2003 23.
1088 1963 1169 2002 Off.
1207 1964 1249 2014 Ι,
1291 1963 1356 2003 li.
1402 1961 1466 2004 36.
1511 1970 1552 2002 et
1601 1964 1732 2001 inter-

272 2028 413 2077 pretes
444 2021 493 2058 ad
525 2021 564 2059 h.
596 2019 624 2058 l.

388 2079 525 2117 satis
560 2076 696 2127 esse]
757 2077 870 2125 Quae
903 2075 1034 2113 adhuc
1065 2074 1228 2125 uulgata
1266 2081 1332 2113 est
1367 2078 1567 2114 correctio
1599 2078 1731 2114 satis

275 2146 546 2187 superque
576 2134 626 2170 in
664 2134 779 2183 ipsa
817 2131 966 2182 lege,
1004 2144 1052 2169 ea
1091 2145 1166 2169 nec
1205 2145 1278 2183 per
1318 2145 1362 2169 se
1401 2133 1626 2183 probabilis
1668 2138 1732 2171 est

275 2198 385 2237 (nam
428 2191 569 2240 inepte
612 2200 710 2225 sane
752 2187 943 2225 dicuntur
986 2189 1025 2224 in
1065 2186 1162 2237 lege
1199 2191 1307 2225 iusto
1335 2188 1451 2237 plura
1483 2188 1590 2226 dicta
1622 2200 1728 2227 esse.

274 2245 386 2286 Lael.
424 2243 487 2294 1⁴4,
521 2242 612 2290 43.)
642 2256 717 2280 nec
748 2243 912 2292 mendo,
951 2248 993 2280 ut
1023 2257 1097 2294 par
1125 2249 1202 2293 est,
1246 2244 1390 2281 nititur
1422 2244 1539 2283 codd.
1581 2243 1729 2282 melio-

273 2316 360 2341 rum
397 2302 531 2338 satis
564 2313 618 2337 se
660 2298 823 2336 illane
863 2297 1002 2351 inffl)
1046 2301 1177 2351 ipsa,
1218 2301 1330 2337 cuius
1372 2301 1473 2338 haec
1508 2314 1630 2351 praua
1666 2306 1730 2338 est

275 2359 477 2398 correctio
508 2358 548 2393 in
582 2355 855 2393 deterioribus
887 2357 1019 2393 satis
1054 2368 1322 2406 supraque.
1385 2355 1444 2393 Ex
1483 2355 1553 2394 illo
1593 2361 1727 2394 autem

273 2414 485 2452 meliorum
521 2411 637 2449 codd.
673 2411 820 2448 mendo
853 2414 1026 2462 primum
1068 2425 1187 2449 esse
1229 2414 1377 2449 merito
1414 2412 1562 2450 Bakius
1601 2413 1728 2450 extri-

272 2472 388 2508 eauit.
449 2468 533 2506 Sed
572 2467 677 2518 quod
717 2466 886 2505 illane
926 2469 1225 2506 aberrationem
1269 2481 1361 2504 esse
1410 2467 1510 2506 dixit
1558 2481 1631 2519 pro
1678 2470 1725 2505 in

270 2528 402 2578 ipsa,
434 2525 477 2563 id
500 2524 671 2572 nemini,
697 2525 854 2574 opinor,
881 2524 1161 2575 persuadebit.
1215 2524 1318 2562 Mihi
1343 2524 1506 2563 uidetur
1532 2523 1724 2562 mendum

365 2672 391 2712 ⁸)
418 2670 494 2703 cod.
521 2670 617 2703 enim
646 2671 744 2703 arch.
775 2671 904 2705 litteris
929 2671 1138 2705 maiusculis
1163 2672 1338 2714 scriptum
1363 2671 1478 2704 fuisse
1513 2671 1727 2703 documento

215 2713 219 2722 ⁴
265 2716 369 2759 plura
395 2719 489 2748 sunt.

341 2762 384 2802 ⁸⁸)
409 2761 443 2793 in
478 2764 598 2793 annot.
632 2762 709 2796 crit.
745 2766 826 2794 autc
862 2762 966 2805 ipsa
1004 2762 1221 2806 praepositio
1263 2761 1306 2793 in
1344 2772 1465 2793 errore
1492 2761 1624 2794 omissa
1649 2766 1724 2800 (⁸8¹3

268 2817 358 2849 quae
384 2807 484 2839 deest
511 2811 647 2840 tantum
678 2808 713 2839 in
740 2809 816 2841 cod.
849 2808 901 2840 10.
1347 2814 1350 2818 '

1773 2033 1781 2246 Ξ

1776 2370 1781 2398 l

1774 2431 1781 2456 5

1763 2542 1779 2567 l‘v'

1763 2574 1779 2892 l

1756 2765 1762 2817 l

1757 2827 1759 2842 ι

1753 2894 1767 2931 ἰ

1754 2877 1757 2897 l

1748 3049 1763 3096 *ji

1745 3097 1766 3192 l
