1781 3192
423 229 581 268 LmEn
616 227 836 266 PIUMUS.
890 227 989 266 cm.
1026 225 1148 265 xxii.
1438 225 1518 262 115

170 342 470 380 dedicatum
514 340 744 392 putabit]
815 339 1056 388 Goerenzii,
1094 336 1318 385 Schuetzii‚
1360 335 1516 374 Mosei-i

57 412 255 450 errorem,
288 401 352 450 qui
387 397 682 436 dedicatum
716 409 795 433 non
829 396 878 433 ad
924 396 1114 444 uerbum,
1159 393 1231 431 sed
1274 392 1325 431 ad
1367 394 1457 430 sim
1475 406 1520 429 u-

56 456 252 495 lacrum
283 453 548 493 rel'erendum
583 465 678 491 esse
716 453 929 501 dixerant,
973 450 1156 503 pluribus
1188 449 1336 488 Bakius
1375 448 1521 487 redar-

57 515 166 565 guit3
199 513 323 550 tacite
357 514 591 549 correxerat
622 509 774 546 rectius
807 507 1139 560 interpungendo
1172 505 1366 544 oremus,

171 590 228 629 ad
266 588 595 627 obtinendam
635 584 1158 639 adipiscendamque]
1229 581 1522 634 Ilysterologia

57 649 98 685 h.
131 645 159 684 l.
194 659 288 683 usus
321 651 384 682 est
418 645 652 695 audaciore,
685 646 776 694 quia
809 642 1087 681 obtinendi
1119 642 1231 679 notio
1268 641 1402 677 animo
1434 641 1523 676 eius

58 703 299 740 occurrebat
332 706 535 751 tamquam
564 702 728 751 grauior
750 707 870 750 atque
894 701 1043 751 potior.
1104 699 1205 736 Nam
1233 709 1369 734 rerum
1395 696 1524 746 magis

57 760 261 809 grauitate
295 765 415 807 atque
448 757 649 808 dignitate
691 757 791 794 ordo
826 758 1040 794 uerborum
1074 755 1235 803 nititur,
1278 764 1396 803 quam
1430 763 1526 788 suc-

59 816 251 853 cessione
294 815 504 864 temporis.
576 813 719 852 Mendi
762 826 810 850 eo
854 814 989 850 minus
1042 811 1320 862 suspicionem
1370 807 1526 845 moueri

59 875 239 921 oportet,
281 869 388 921 quod
427 868 563 921 paullo
606 875 700 907 ante
748 871 869 907 etiam
913 865 1284 920 perspiciendi
1316 865 1527 902 notionem

59 939 107 965 ex
138 925 396 964 tentando
439 925 737 964 redundantem
781 926 1034 977 praeposuit.
1102 923 1163 960 Ex
1203 935 1281 973 quo
1325 932 1528 959 summum

60 984 175 1034 quasi
208 981 499 1034 philosophiae
533 983 674 1020 ssorem
702 981 913 1019 Ciceronis
946 981 1079 1018 animo
1111 980 1372 1017 obuersatum
1396 977 1529 1014 fuisse

61 1045 243 1090 apparet.
305 1039 420 1075 Uana
452 1043 517 1092 est
550 1038 731 1076 Ernestii
765 1040 997 1075 coniectura
1040 1049 1149 1074 011111
1184 1047 1240 1072 se
1273 1035 1389 1085 ipse
1421 1039 1529 1070 ten·

58 1096 191 1132 tarit
222 1098 497 1143 totumque
527 1095 887 1144 perspexerit.
929 1091 992 1133 Cf.
1026 1092 1116 1129 Liu.
1152 1091 1237 1140 XL,
1270 1090 1339 1129 21.
1371 1101 1530 1126 arma-

58 1154 213 1189 uerat
244 1154 682 1200 contraxeratque
715 1149 883 1187 Didas
937 1149 1022 1187 Cic.
1064 1148 1153 1186 Diu.
1183 1148 1225 1184 in
1259 1146 1382 1184 Caec.
1415 1144 1456 1194 2,
1489 1143 1529 1185 6.

59 1207 175 1257 quis
209 1205 419 1244 tandem
450 1213 618 1254 esset,
667 1206 753 1256 qui
795 1216 955 1242 meum
997 1203 1194 1241 factum
1239 1206 1325 1240 aut
1356 1201 1530 1239 consi-

59 1261 182 1301 lium
214 1265 398 1315 posset
426 1260 847 1313 reprehendere.

175 1341 463 1394 principio]
531 1340 622 1380 Non
671 1354 771 1393 opus
821 1354 912 1380 esse
959 1340 1195 1380 coniectura
1239 1336 1533 1390 principia,

65 1412 183 1450 quam
227 1402 425 1436 tentatam
469 1398 508 1434 in
549 1398 823 1436 deterioribus
875 1397 1116 1448 quibusdam
1167 1395 1290 1434 001111.
1332 1397 1375 1432 et
1412 1392 1534 1431 editt.

65 1459 171 1493 uett.
218 1452 389 1506 (Venet.
432 1451 554 1493 1494.
595 1453 768 1493 Mediol.
816 1450 936 1507 Asc.)
990 1458 1032 1491 et
1077 1453 1274 1490 Ernestio
1321 1450 1535 1502 probatam

66 1516 314 1561 receperunt
348 1510 473 1547 Goer.
507 1509 603 1549 sch.
635 1511 742 1549 Mos.
782 1510 854 1549 Or.
883 1510 1048 1559 Bakius,
1085 1509 1234 1547 merito
1272 1519 1404 1558 nuper
1444 1507 1534 1543 ani-

65 1566 292 1605 maduertit
323 1565 463 1604 Madu.
508 1567 548 1603 in
590 1580 728 1618 progr.
772 1580 813 1617 p.
858 1566 936 1616 15„
975 1567 1041 1616 qui
1081 1564 1351 1616 principio
1400 1559 1535 1616 (quod

65 1629 129 1661 est
163 1621 451 1673 urspriinglich
485 1622 573 1661 Cic.
607 1624 682 1661 0fl'.
714 1620 750 1673 l,
783 1622 821 1663 4,
858 1621 950 1675 11.)
989 1622 1038 1660 ad
1081 1622 1204 1659 uerba
1245 1620 1430 1670 quibus
1470 1617 1535 1656 il-

63 1678 319 1716 lustratis
360 1679 577 1729 pertinere
619 1678 735 1718 dixit.
786 1679 852 1717 Cf.
895 1678 946 1717 de
989 1679 1087 1728 Leg.
1129 1673 1210 1727 Ill,
1252 1675 1295 1716 9.
1339 1673 1404 1716 19.
1448 1675 1534 1725 qui

62 1737 277 1787 primum
310 1755 362 1761 —
395 1735 599 1785 eripuit
629 1749 707 1784 —3
742 1749 848 1773 cum
892 1735 1199 1773 afflixisset
1234 1732 1535 1784 principum

63 1792 383 1842 grauitatem
416 1794 497 1828 cet.
531 1795 573 1828 et
602 1804 704 1840 quae
737 1792 791 1829 ibi
837 1790 933 1830 dixi.
995 1791 1243 1841 Quamquam
1287 1788 1422 1826 eidem
1455 1801 1536 1825 non

64 1848 344 1886 concesserim
378 1868 434 1873 —-
464 1846 575 1883 idem
599 1847 746 1885 Bakius
771 1848 904 1884 sensit
926 1868 981 1876 —-
1005 1848 1220 1898 princip
1237 1847 1283 1883 ia
1314 1846 1534 1883 omnium

64 1915 236 1941 rerum
278 1915 351 1952 per
393 1914 437 1939 se
479 1914 560 1939 non
603 1908 717 1941 recte
762 1903 841 1940 diei
874 1902 1219 1941 fundamenta
1251 1902 1536 1940 scientiae.

66 1959 171 1997 Sunt
211 1970 310 1995 sane
350 1959 621 2009 principia
661 1961 882 1998 omnium
926 1972 1088 1997 rerum
1130 1960 1171 1996 in
1211 1958 1394 2009 physicis
1428 1956 1535 1995 ele-

66 2021 272 2063 menta,
313 2015 353 2050 in
399 2014 547 2051 ethicis
585 2017 747 2066 prima
790 2028 810 2052 a
841 2020 1023 2052 natura
1052 2015 1172 2052 data
1205 2014 1279 2062 (cf.
1312 2013 1451 2052 Madu.
1485 2013 1538 2050 de

67 2072 160 2109 Fin.
193 2085 234 2122 p,
267 2069 406 2117 828ss
441 2075 564 2120 atque
596 2073 821 2109 accuratius
854 2074 887 2108 si
920 2070 1028 2121 loqui
1062 2070 1204 2121 uellet,
1237 2070 1377 2108 dicere
1410 2069 1538 2107 debe-

67 2129 136 2165 bat
165 2126 446 2177 principia
487 2127 783 2177 scientiae,
822 2127 1164 2176 quemadmodum
1195 2123 1230 2176 I,
1265 2125 1305 2165 9.
1337 2124 1406 2165 26.
1439 2125 1541 2163 dixit

65 2181 415 2220 fundamenta
447 2184 729 2231 scientiae3
763 2182 837 2220 sed
865 2183 1100 2233 generalius
1126 2182 1237 2233 loqui
1256 2183 1392 2234 potuit
1411 2195 1539 2234 prop-

66 2244 201 2288 terea,
242 2238 334 2288 quia
378 2250 427 2276 ex
459 2240 611 2289 uerbis,
655 2252 758 2290 quae
798 2245 1038 2290 sequuntur,
1082 2240 1249 2277 animo
1281 2251 1334 2276 ac
1364 2244 1539 2276 mente

67 2296 420 2345 conceperit,
485 2296 684 2333 scientiae
731 2297 932 2347 principia
992 2295 1073 2333 dici
1127 2297 1225 2334 satis
1278 2294 1540 2345 intelligitur.

72 2352 208 2400 Atque
250 2349 304 2387 de
346 2351 438 2390 Fin.
470 2350 521 2399 V,
556 2352 625 2391 21.
669 2351 738 2392 58.
779 2350 923 2405 (quem
964 2351 1100 2390 locum
1140 2352 1291 2390 Bakins
1330 2350 1539 2403 laudauit)

71 2406 343 2458 principia
387 2408 606 2446 omnium
648 2420 813 2446 rerum
857 2407 1109 2459 generaliter
1147 2407 1321 2460 loquens
1361 2409 1541 2446 uirtutes

71 2463 247 2501 maxime
278 2460 488 2513 intelligit.

183 2530 373 2580 quibus
406 2529 725 2583 illustratis]
781 2532 860 2570 Pro
881 2532 1030 2571 mendo
1057 2531 1147 2572 cod.
1171 2531 1279 2571 arch.
1300 2529 1542 2570 illustra-

70 2589 183 2636 tus,
216 2583 327 2636 quod
359 2586 466 2625 Uict.
500 2587 642 2626 Lamb.
664 2588 763 2626 Dau.
786 2589 884 2628 Ern.
914 2589 1059 2641 Wagn.
1087 2590 1361 2638 retinuerunt,
1393 2589 1541 2626 merito

73 2641 187 2681 Man.
224 2642 349 2681 Goer.
385 2642 480 2681 sch.
512 2643 618 2682 Mos.
644 2645 717 2683 Or.
740 2644 889 2683 Bakius
912 2648 1187 2684 restituerunt
1212 2644 1540 2684 illustratis.

73 2696 163 2736 Non
200 2700 312 2736 enim
345 2704 460 2737 recte
493 2701 703 2750 quisquam
736 2700 988 2740 adumbratis
1018 2701 1308 2753 intelligentiis
1341 2699 1541 2739 illustrari

71 2751 245 2804 dicitur,
269 2767 313 2792 ac
338 2757 474 2807 potius
499 2754 800 2807 intelligentiae
823 2759 953 2810 ipsae,
979 2759 1127 2810 quippe
1148 2760 1346 2797 obscurae
1368 2757 1421 2807 (ξ.
1437 2756 1540 2805 26.),

81 2814 122 2847 ut
156 2822 302 2849 earum
333 2825 410 2864 ope
442 2811 492 2849 ad
514 2814 707 2852 uirtutem
737 2816 870 2866 possit
892 2816 1114 2867 perueniri,
1145 2814 1345 2854 illustrari
1371 2814 1540 2854 debent.

1293 2887 1315 2920 S
