1781 3192
463 172 622 210 mmm
653 170 909 209 'rhaerius
962 168 1064 207 (Ἂν.
1098 167 1148 206 Χ.
1453 164 1537 203 291

79 287 146 328 33.
177 288 244 327 82.
278 290 330 324 at
360 284 632 333 Phalaris,
665 285 716 320 at
743 279 1092 333 Apollodorus
1133 289 1324 331 poenas
1366 281 1535 314 sustu-

78 343 159 382 lit.
220 342 410 381 Multis
442 340 650 392 quidem
685 346 805 377 ante
838 338 1089 376 cruciatis
1122 341 1176 374 et
1211 334 1428 372 necatis.
1462 345 1534 383 pro

30 402 32 405 '
79 401 200 438 Caec.
233 399 274 449 3,
307 398 345 439 8.
381 404 462 437 est
493 398 625 435 enim
660 400 811 446 turpe
843 394 1102 432 iudicium.
1164 392 1232 429 Ex
1262 390 1401 427 facto
1426 389 1534 439 qui-

80 456 192 495 dem
233 461 399 505 turpe.
440 456 479 491 in
514 454 628 493 Verr.
663 453 693 502 Ι,
726 450 767 490 9.
798 451 866 490 22.
908 463 1112 489 causam
1152 450 1305 495 enim,
1348 446 1534 495 inquit,

78 513 326 562 cognosci
368 514 609 562 oportet.
681 508 745 545 Ea
794 506 999 557 quidem
1051 519 1136 555 re,
1188 503 1317 554 quod
1374 501 1537 539 aliter

79 566 420 607 condemnari
453 579 574 604 reus
606 577 707 603 non
741 568 940 614 potest3
975 565 1038 601 ubi
1072 561 1178 600 male
1210 560 1355 597 Bakius
1389 564 1436 594 ct
1467 570 1536 594 re-

79 624 193 663 stitui
227 621 354 660 uoluit
386 628 479 660 ante
512 635 584 660 ea.
644 621 760 670 Quod
791 633 868 657 non
903 620 1022 657 modo
1054 631 1171 670 opuS,
1203 616 1275 654 sed
1309 628 1360 652 ne
1395 627 1536 651 uerum

79 678 243 729 quidem
284 684 370 727 est3
404 685 515 716 certe
549 676 711 715 Tullius
755 678 992 727 scripsisset
1034 682 1082 712 et
1122 688 1172 711 ea
1215 671 1422 723 quidem
1466 682 1534 706 re.

77 735 160 773 Sed
196 737 372 772 interest
404 740 536 772 tamen
573 732 784 782 nonnihil,
827 739 958 770 utrum
1000 738 1051 769 et
1088 731 1335 782 praefigatur
1365 740 1441 764 nec
1472 738 1535 764 ne.

79 792 334 841 l'raeligitur,
369 793 400 828 si
434 791 538 841 quod
575 790 676 828 alius
707 791 942 838 affirmauit,
984 788 1059 825 alia
1092 786 1364 824 affirmatione
1397 781 1536 820 eleua-

79 849 158 885 turi
191 861 357 895 sumus3
393 850 611 896 omittitur,
646 849 677 884 si
713 847 751 884 id
787 846 891 896 quod
926 848 972 882 ab
996 845 1229 882 aduersario
1255 841 1429 892 positum
1456 843 1535 887 est,

78 905 275 954 restringi
309 904 512 954 uolumus,
547 917 625 941 non
660 905 734 955 ipsi
768 904 1081 940 affirmationem
1115 900 1353 949 adiungere.

188 983 317 1031 Quin
350 983 513 1034 ipsum
549 983 623 1019 Ti.
657 981 974 1031 Gracchum]
1037 980 1077 1017 ln
1114 978 1205 1016 cod.
1243 976 1352 1013 arch.
1394 970 1535 1026 procul

76 1038 201 1076 (lubio
233 1039 334 1076 haec
366 1046 507 1077 erant:
541 1040 661 1088 quin
695 1040 859 1089 ipsum
895 1038 966 1076 Ti.
1000 1035 1280 1073 Gracchum
1323 1044 1421 1069 non
1459 1042 1538 1067 so-

73 1094 174 1133 lum
199 1100 404 1145 nectus,
429 1095 518 1132 scd
544 1096 699 1131 etiam
726 1093 970 1131 sublatus
994 1094 1331 1129 intercessor
1355 1087 1537 1124 suerat.

76 1152 333 1202 Praepositio
373 1165 466 1203 per
505 1155 598 1202 post
630 1150 738 1187 Uict.
770 1150 912 1200 Steph.
947 1149 1172 1186 Manutium
1218 1159 1238 1182 a
1270 1144 1394 1193 wytt.
1428 1142 1538 1179 Mos.

73 1209 265 1258 Zumptio
300 1210 486 1258 probata,
516 1211 558 1243 ut
590 1207 629 1242 in
664 1205 768 1244 dett.
801 1204 1041 1256 quibusdam
1075 1202 1197 1242 codd.
1232 1204 1325 1237 ante
1368 1200 1537 1249 ipsum

73 1265 249 1302 orationi
280 1264 554 1312 insereretur,
587 1262 779 1299 mendum
814 1262 993 1299 suerat
1023 1260 1175 1298 effecit.
1238 1258 1327 1305 Quo
1371 1255 1538 1292 uerbum

74 1320 277 1358 contineri
311 1319 496 1357 eiusdem
531 1320 620 1355 sere
650 1319 894 1370 potcstatis,
927 1330 1042 1368 quam
1076 1311 1411 1367 percellendi
1447 1323 1542 1347 uer-

76 1378 168 1413 bum
204 1377 353 1425 habet,
386 1377 485 1422 saJis
519 1380 693 1425 arguunt
725 1387 796 1423 ea,
838 1387 940 1424 quae
979 1379 1218 1423 sequuntur.
1282 1370 1541 1419 Quapropter

75 1431 236 1482 probari
291 1444 370 1468 non
422 1436 561 1482 potest
606 1429 751 1467 Orellii
813 1431 1051 1468 coniectura
1103 1428 1420 1465 seruauerat
1474 1427 1542 1460 aut

76 1487 277 1525 Schess'eri
304 1486 430 1524 sude
448 1492 539 1526 rat.
593 1486 634 1523 ln
659 1485 905 1536 reliquorum
932 1491 1065 1522 autem
1100 1481 1365 1530 coniecturis,
1391 1479 1541 1516 Dauisii

75 1541 408 1593 perculerat,
442 1541 620 1580 Bentleii
667 1543 932 1592 fregerat,
972 1541 1063 1580 Gzii
1105 1543 1375 1578 strauerat
1415 1548 1540 1587 praua

75 1600 274 1650 temporis
307 1598 534 1650 descriptio
567 1600 714 1636 merito
748 1597 951 1650 displicet.
1012 1597 1073 1636 Ad
1106 1597 1212 1634 hanc
1243 1592 1350 1645 quod
1374 1593 1538 1641 attinet,

74 1656 277 1692 ueriorem
311 1656 511 1693 rationem
547 1657 726 1694 inierunt
757 1655 967 1693 Puteanus
1010 1660 1052 1691 et
1087 1654 1327 1702 Wagnerus,
1370 1661 1537 1700 quorum

71 1709 144 1749 ille
187 1712 394 1749 coniecit:
446 1712 566 1762 quin
619 1710 863 1763 perdidit
910 1712 1075 1762 ipsum
1125 1710 1198 1748 Τί.
1247 1706 1538 1744 Gracchum

71 1780 171 1805 non
207 1766 370 1806 solum
407 1769 641 1818 uetitus,
674 1767 763 1805 sed
797 1769 951 1806 etiam
986 1765 1232 1806 sublatus
1274 1764 1540 1800 interces-

73 1836 185 1874 sor,
227 1824 292 1861 hic
332 1825 452 1874 quin
503 1824 747 1876 perdidit
788 1825 882 1862 hoc
923 1824 997 1863 Ti.
1043 1820 1363 1869 Gracchum,
1403 1816 1542 1869 quod

72 1893 169 1932 per
199 1880 371 1931 ipsum
404 1893 500 1917 non
535 1879 699 1920 solum
734 1883 951 1931 uetitus,
984 1879 1072 1918 sed
1104 1880 1257 1917 etiam
1299 1875 1541 1913 sublatus

71 1938 413 1974 intercessor
444 1937 639 1977 fuerat.
701 1937 784 1975 Sed
825 1950 902 1975 nec
932 1936 1089 1988 reliqua
1121 1939 1215 1973 sunt
1246 1930 1472 1985 probabilia
1500 1934 1543 1967 et

73 1993 242 2031 uerbum
271 2005 350 2030 non
377 1991 448 2031 illo
473 1993 562 2032 loco
587 1999 652 2033 est
677 1993 995 2043 restituendum,
1021 1992 1094 2032 sed
1118 2004 1165 2029 ex
1189 1988 1338 2027 mendo
1359 1988 1408 2026 su
1425 1990 1542 2024 erat

74 2047 353 2098 eliciendum;
406 2051 471 2088 cui
522 2049 572 2087 ad
612 2051 843 2089 litterarum
888 2050 1201 2088 similitudinem
1244 2044 1348 2084 nihil
1386 2056 1542 2081 conue-

70 2106 251 2143 nientius
285 2110 365 2154 est,
399 2118 514 2156 quam
550 2108 750 2144 strauit
774 2104 847 2159 ὦ”ῑ);
881 2119 957 2156 quo
990 2120 1041 2143 ne
1075 2104 1124 2144 ad
1158 2102 1409 2140 sententiam
1451 2100 1541 2150 qui-

72 2161 165 2200 dem
198 2161 412 2212 quicquam
442 2161 588 2200 melius
629 2167 770 2214 potest
810 2163 1045 2213 excogitari.
1116 2160 1358 2211 Opportune
1398 2156 1541 2204 Gzius,

72 2223 117 2255 ut
147 2221 397 2255 sternere
427 2232 501 2269 pro
535 2218 922 2270 prosternendi
956 2219 1080 2257 uerbo
1104 2216 1185 2254 dici
1219 2215 1541 2261 demonstraret,

71 2272 255 2309 laudauit
286 2273 372 2312 Cic.
401 2274 526 2314 Tusc.
554 2275 621 2324 ΙΙΙ,
647 2273 714 2315 29.
741 2275 808 2316 72.
840 2277 881 2313 si
915 2287 1092 2312 eorum
1126 2272 1277 2325 plaga
1307 2267 1541 2321 perculsi

73 2326 325 2366 afflictos
357 2340 413 2365 se
445 2334 497 2367 et
527 2336 728 2368 stratos
762 2344 881 2369 esse
910 2331 1194 2369 fateantur.
1239 2329 1371 2366 Praua
1392 2323 1543 2363 deinde

24 2420 26 2422 ,
72 2387 138 2422 est
169 2384 372 2421 correctio
406 2387 632 2436 uetitus,
665 2399 782 2436 quam
816 2392 1015 2425 tentatam
1055 2389 1096 2425 in
1132 2384 1253 2424 codd.
1285 2383 1388 2422 dett.
1425 2379 1541 2420 multi

72 2441 299 2492 probarunt
337 2437 472 2492 (Uict.
508 2442 609 2480 Dau.
642 2442 743 2480 Ern.
774 2443 919 2493 W'agn.
951 2444 1075 2483 Goer.
1109 2443 1303 2481 Schuetz.
1335 2436 1540 2490 Zumpt).

73 2499 175 2535 Cum
204 2495 457 2534 sublatus
485 2497 535 2534 ad
558 2499 812 2536 tribuniciam
830 2504 1080 2552 potestatem
1108 2498 1281 2537 Octauio
1308 2498 1542 2546 abrogatam

72 2554 298 2605 pertineat,
334 2553 439 2603 quod
471 2555 682 2592 antecedit
710 2557 971 2608 participium
1006 2557 1057 2596 ad
1090 2554 1433 2595 intercessionem
1460 2553 1542 2590 oc-

73 2612 170 2648 tauii
213 2608 443 2661 neglectam
495 2610 643 2649 referri
692 2624 867 2651 necesse
908 2618 1004 2665 est,
1044 2616 1139 2666 quia
1178 2610 1403 2665 particulae
1445 2620 1542 2646 non

78 2708 145 2715 ———

167 2759 199 2801 ’)
224 2760 403 2794 strauit
430 2761 525 2795 enim
551 2761 601 2794 si·—
627 2761 818 2795 notabatur
844 2749 942 2797 strat.
