1781 3192
219 181 281 220 46
789 185 861 224 DE
891 185 1124 226 LEGIBUS

220 306 372 333 scere
424 296 568 334 deum
623 299 689 333 est
739 294 860 335 deum
908 310 1158 349 cognoscere
1203 297 1328 337 talem
1349 326 1361 350 ,
1419 299 1548 351 qualis
1599 307 1680 342 est.

219 351 285 388 (tf.
317 352 402 390 Cic.
433 353 559 390 Tusc-
594 351 642 401 V,
677 351 747 392 25.
781 352 850 393 70.
891 360 945 392 ut
980 368 1036 393 se
1075 357 1186 406 ipsa
1225 368 1370 393 mens
1409 365 1680 407 agnoscat.

219 406 345 446 Tusc.
378 408 407 457 Ι,
439 406 504 447 24.
539 406 606 446 58.
665 407 761 447 Mox
791 421 841 447 ex
870 409 1084 449 meliorum
1107 410 1291 449 codicum
1324 412 1472 451 mendo
1502 426 1677 452 recor-

218 461 371 501 detur
400 468 685 513 cognoscat
715 465 926 510 (A11.65.
957 472 1002 505 ut
1033 467 1170 506 multis
1201 466 1303 506 locis
1336 467 1450 519 aliis,
1486 470 1545 506 ita
1575 469 1617 508 h.
1648 469 1677 510 l.

217 556 387 594 correcti
427 559 522 594 sunt
560 567 610 593 ex
651 555 968 609 deterioribus),
1011 560 1102 609 quia
1140 563 1235 610 post
1274 530 1518 598 recorde²t
1555 559 1681 600 facile

217 615 269 648 et
300 613 435 650 omitti
465 612 623 664 potuit,
658 613 775 651 effeci
807 615 1127 654 recordetur
1159 620 1207 653 et
1238 620 1548 666 cognoscat,
1580 617 1609 656 i.
1642 629 1678 657 e.

215 668 471 706 recordando
496 674 732 718 cognoscat,
765 671 1109 719 quemadmodum
1152 672 1280 710 Taso.
1312 672 1342 721 Ι,
1375 671 1443 722 24,
1476 670 1546 712 59.
1580 672 1680 712 dixit

216 727 403 773 agnoscit
432 724 748 763 reminiscendo.
799 725 862 764 Cf.
898 741 999 778 quae
1024 727 1105 765 dixi
1131 727 1180 766 ad
1202 723 1237 777 Ι,
1271 728 1301 778 ξ.
1324 728 1367 768 8.
1429 729 1679 780 Stephanus,

214 779 440 832 Manutius,
472 782 691 820 Lambinus
713 782 979 833 „scripserunt
1010 788 1060 822 et
1091 789 1364 834 agnoscat,
1397 785 1435 821 in
1461 797 1538 834 quo
1561 797 1680 836 prae-

215 839 400 888 terquam
431 837 538 888 quod
569 843 824 888 agnoscat
855 838 1107 878 deteriorum
1133 846 1197 878 est
1220 839 1421 890 codicum,
1453 842 1677 892 repetitum

216 894 538 944 agnoscendi
572 895 737 943 uerbum
772 894 988 947 displicet3
1028 896 1175 948 reliqui
1217 897 1331 947 fere,
1374 897 1495 934 etiam
1528 896 1680 934 Bakius

215 962 271 988 ac
323 955 539 1000 noscat3
594 951 774 990 Schuetz
825 951 1150 990 recordetur
1202 966 1262 991 ac
1313 957 1680 1003 recognoscat.

214 1005 404 1046 Dauisius
450 1009 573 1046 uerba
613 1022 667 1046 ac
707 1014 915 1059 noscat,
956 1011 1048 1060 quia
1087 1009 1193 1063 apud
1235 1010 1351 1050 Lact.
1390 1008 1458 1060 ΙΙΙ,
1495 1008 1560 1049 10.
1599 1021 1679 1047 non

214 1067 447 1116 exstarent,
481 1065 593 1103 uncis
625 1063 806 1103 inclusit.

327 1157 498 1194 neque
538 1142 641 1183 alio
681 1143 805 1195 ullo]
879 1144 1123 1195 Lambinus,
1177 1145 1390 1194 Dauisius,
1438 1145 1678 1195 Ernestius,

214 1199 457 1239 Schuctzius
489 1201 646 1239 leuiore
684 1201 870 1240 codicum
914 1203 1159 1251 auctoritate
1198 1206 1242 1238 et
1282 1206 1423 1239 contra
1465 1202 1678 1240 Ciceronis

215 1258 550 1297 consuetudinem
586 1256 696 1297 ullo
728 1257 850 1295 alio.
903 1257 968 1298 cf.
992 1258 1040 1296 ad
1067 1253 1155 1296 Atti
1181 1258 1231 1306 V,
1267 1258 1332 1297 ΙΙ).
1372 1257 1404 1297 Ι.
1460 1258 1582 1296 verr.
1607 1258 1678 1308 lv,

212 1311 253 1353 3.
287 1314 327 1354 7.
389 1316 439 1353 At
471 1319 670 1363 sequente
709 1315 1013 1364 comparatione
1053 1321 1122 1352 aut
1161 1315 1401 1364 exceptione
1441 1314 1548 1352 alter
1586 1327 1679 1353 uer-

213 1370 356 1409 borum
401 1371 502 1409 ordo
543 1369 751 1420 legitimus
795 1375 880 1419 est,
923 1368 1050 1407 ueluti
1100 1382 1267 1420 neque
1317 1368 1469 1408 ullam
1521 1370 1678 1409 aliam

210 1439 320 1466 rem
352 1429 512 1477 magis
544 1429 732 1475 timeo,
764 1438 906 1476 quam
938 1424 1098 1464 illam.
1159 1427 1232 1464 Ac.
1267 1422 1302 1475 l,
1335 1427 1372 1466 5.
1414 1425 1477 1466 19.
1511 1438 1680 1478 neque

212 1483 321 1522 nlla
361 1485 466 1524 alia
502 1484 551 1521 in
592 1496 645 1520 re
686 1483 790 1520 nisi
832 1483 876 1519 in
919 1486 1104 1519 natura
1145 1482 1505 1532 quaerendum
1541 1496 1677 1523 esse.

212 1540 417 1593 Deinceps
460 1553 539 1578 non
582 1540 710 1591 probo
752 1539 1025 1576 coniecturam
1065 1537 1167 1576 ullo
1208 1540 1257 1576 in
1299 1551 1519 1589 genere,
1560 1552 1677 1590 quam

212 1598 387 1647 primum
427 1611 448 1635 a
482 1597 646 1635 Dauisio
685 1594 1009 1633 commendatam
1053 1595 1300 1646 Creuzerns,
1343 1595 1508 1644 Bakius,
1551 1597 1678 1634 Zum-

211 1655 348 1705 ptius‚
391 1654 584 1692 Krausius
627 1653 916 1703 probauerunt,
990 1652 1089 1690 Nam
1142 1654 1272 1703 ipsum
1314 1653 1546 1702 ingenium,
1588 1665 1676 1690 cum

213 1722 378 1762 semper
408 1712 449 1749 in
483 1723 531 1748 eo
565 1711 692 1748 uirtus
725 1707 886 1746 eluceat
914 1706 1009 1759 (Ac.
1039 1704 1070 1757 l,
1104 1708 1144 1748 5.
1176 1705 1270 1760 20.)
1294 1710 1428 1757 sitque
1451 1721 1498 1745 ea
1521 1721 1678 1758 eorum,

211 1781 314 1817 quae
347 1769 529 1817 ingenita
561 1770 670 1815 suut,
701 1778 857 1803 summa
888 1765 1105 1815 perfectio,
1150 1764 1250 1802 nihil
1292 1764 1508 1801 molestiae
1540 1765 1677 1802 habet.

209 1823 371 1862 Deinde
398 1817 496 1861 uero
529 1823 635 1874 quod
669 1822 923 1873 praepositio
956 1825 1105 1859 omissa
1137 1826 1216 1869 est,
1256 1834 1309 1858 ne
1351 1820 1429 1858 hoc
1461 1820 1622 1870 quidem
1657 1834 1678 1857 a

210 1878 325 1919 latini
360 1881 562 1919 sermonis
592 1884 736 1917 natura
768 1876 931 1915 uidetur
961 1878 1180 1915 abhorrere
1257 1878 1385 1926 Quam
1427 1877 1467 1914 in
1500 1875 1676 1926 plurium

211 1939 418 1976 nominum
454 1937 741 1975 coniunctione
772 1934 944 1972 Romani
980 1936 1190 1982 omittunt,
1223 1935 1256 1971 si
1290 1938 1357 1971 aut
1388 1931 1546 1981 singula
1574 1933 1677 1983 ipsis

210 1996 372 2032 nomina
412 1995 450 2031 in
499 2007 616 2031 unam
666 1990 864 2042 quandam
909 1991 1145 2029 coalescunt
1184 1991 1394 2028 notionem
1444 1988 1677 2038 generalem

211 2048 292 2102 (cs.
326 2050 374 2088 ad
410 2046 489 2099 ΙΙΙ,
522 2050 562 2089 6.
600 2046 703 2101 14),
736 2052 805 2084 aut
836 2048 868 2084 si
901 2049 1028 2096 magis
1063 2047 1245 2086 diuersas
1284 2047 1491 2083 nominum
1533 2043 1678 2083 uolunt

211 2106 375 2144 elucere
407 2108 615 2154 notione-s,
648 2116 763 2155 quam
797 2103 876 2141 hoc
907 2104 1105 2151 indicare,
1139 2115 1216 2153 qua
1236 2115 1322 2139 cum
1348 2100 1517 2151 reliquis
1542 2102 1678 2140 uerbis

210 2164 369 2201 ratione
397 2163 692 2200 contineantur
759 2159 845 2196 Cic.
887 2161 966 2198 Off.
1004 2155 1058 2207 ΙΙ,
1098 2158 1161 2198 13.
1195 2155 1261 2197 46.
1304 2159 1467 2208 prima
1508 2159 1678 2206 igitur

210 2218 598 2257 commendatio
632 2217 1014 2268 proficiscitur
1044 2228 1062 2250 a
1097 2214 1380 2262 modestia3
1422 2218 1523 2251 tum
1564 2215 1677 2265 pie-

211 2281 323 2313 tate
356 2276 403 2312 in
429 2278 707 2325 parentes,
740 2275 787 2310 in
822 2286 944 2310 suos
977 2269 1378 2309 beneuolentia.
1436 2270 1557 2308 Unde
1596 2283 1676 2308 non

212 2331 392 2372 insoleus
416 2337 476 2368 cst
495 2330 811 2380 praepositionis
832 2330 998 2366 omissio
1022 2329 1058 2364 in
1080 2328 1361 2379 oppositorum
1384 2325 1676 2378 descriptione.

212 2389 298 2428 Cic.
326 2388 429 2426 Verr
472 2383 529 2435 ll,
555 2386 592 2426 3.
620 2388 658 2425 7.
689 2386 745 2423 ad
779 2391 1009 2422 nostram
1044 2382 1386 2434 disciplinam
1420 2381 1563 2421 illam
1598 2396 1678 2421 ue-

212 2450 392 2493 terem,
423 2457 521 2481 non
556 2443 700 2491 hanc,
735 2455 860 2493 quae
890 2454 1023 2479 nunc
1056 2440 1341 2478 increbuit.
1374 2438 1473 2477 ibid.
1509 2440 1576 2488 lv,
1609 2440 1675 2478 27.

212 2502 266 2542 (50
313 2502 467 2538 uenio
501 2512 630 2538 nunc
672 2513 768 2536 non
802 2498 856 2535 ad
892 2500 1110 2547 furtum,
1151 2509 1250 2534 non
1285 2496 1341 2533 ad
1374 2497 1676 2544 auaritiam,

212 2571 307 2596 non
342 2556 401 2593 ad
435 2556 801 2607 cupiditatem,
836 2555 925 2592 scd
961 2553 1215 2592 eiusmodi
1248 2552 1476 2600 facinus,
1507 2552 1676 2601 inquo

213 2614 383 2653 omnia
416 2613 629 2650 nefaria
661 2613 934 2649 contineri
965 2611 1090 2649 mihi
1123 2616 1279 2659 atque
1317 2609 1491 2645 inesse
1532 2608 1677 2645 uide-

213 2675 385 2709 antur.
445 2668 528 2707 sed
567 2670 658 2718 quia
696 2669 772 2706 hoc
811 2670 1023 2706 maximam
1064 2670 1224 2717 partem
1253 2665 1448 2702 in-sensu
1482 2666 1677 2714 cuiusque

214 2728 392 2780 positum
419 2730 499 2774 est,
520 2724 641 2762 modo
663 2727 1006 2775 praepositionem
1034 2724 1207 2775 positam
1234 2720 1435 2770 uidemus,
1459 2722 1524 2758 ubi
1554 2719 1675 2759 istam

214 2785 347 2822 miuus
385 2783 702 2834 exspectaueris,
738 2782 857 2819 modo
892 2783 1099 2829 (missam,
1130 2779 1193 2815 ubi
1227 2776 1371 2815 melius
1405 2790 1597 2828 expressa
1620 2778 1679 2815 ui-
