1781 3192
439 222 592 260 Limne
626 218 847 259 ΙἸΙΗΙΙΓΡΒ.
897 220 996 261 ΟΛΡ.
1035 219 1139 259 ΧΠ.
1466 221 1517 256 81

61 342 103 374 ut
137 336 188 373 de
222 334 308 373 Diu.
346 331 378 383 l,
410 335 479 375 57.
515 334 605 374 131.
653 335 909 370 correctione
948 338 1046 383 puto
1085 336 1219 370 ortum
1259 343 1374 381 esse,
1415 342 1518 382 (lune

61 400 103 430 ut
135 398 378 440 lentaretur,
422 391 529 428 hand
570 391 651 427 scio
693 402 740 425 un
773 387 972 439 particula
1011 402 1102 425 cur
1133 387 1386 439 praecedens
1419 389 1519 424 effe·

59 450 178 487 cerit.
240 449 414 486 Miratur
444 449 565 497 igitur
596 445 773 494 '1¹iilliuS,
806 458 895 482 cum
931 447 990 482 ius
1023 458 1072 482 ex
1103 446 1251 482 iniuria
1280 443 1345 482 lex
1376 445 1517 482 facere

59 507 206 557 possit,
239 507 385 542 bonum
421 516 466 542 ex
499 500 603 540 malo
633 501 802 539 eandem
836 502 975 539 fucere
1015 514 1095 539 non
1135 514 1275 552 posse.
1336 502 1424 550 Quo
1468 500 1520 538 de

60 574 212 612 genere
244 562 295 599 ef.
331 561 474 599 Madu.
507 560 559 597 de
593 558 684 596 Fin.
715 554 771 607 ll,
805 557 841 597 3.
884 559 941 597 ΙΙ).
977 558 1097 608 Seyff.
1131 557 1182 594 ad
1207 555 1319 595 Lael.
1352 571 1392 608 p.
1421 556 1518 596 206.

59 616 179 656 Nulla
212 619 336 667 igitur
367 630 486 654 causa
511 615 636 653 Bakio
667 615 745 652 suit
775 614 997 652 tentandae
1029 615 1292 651 coniecturae
1323 620 1410 651 aut
1432 627 1521 651 cur

59 675 139 710 ins
169 686 224 709 ex
258 674 452 711 iniuria
484 672 568 710 lex
600 672 779 709 facere¹
815 673 991 722 possit
1023 676 1101 708 cet.
1164 670 1243 707 Pro
1285 675 1392 720 part.
1433 675 1521 707 ant

59 742 138 767 non
182 728 477 767 desiderabunt
523 741 607 777 an,
658 729 724 777 qui
772 727 939 765 alteram
989 727 1030 764 h.
1071 725 1101 764 l.
1151 727 1519 776 interrogationem

61 785 175 823 alteri
208 797 287 822 non
321 787 486 836 opponi,
533 785 605 821 sed
645 785 836 821 substitui
868 782 1120 833 intelligent,
1163 788 1207 821 ut
1238 785 1312 821 Ac.
1346 783 1376 831 l,
1408 782 1449 821 5.
1477 782 1520 820 ὅ.

60 840 169 880 Phil.
204 842 251 890 ΙΙ,
286 842 354 881 36.
388 842 455 881 92.
490 842 582 879 Par.
619 841 684 889 ill,
720 841 754 881 1.
787 840 857 880 21.
887 842 959 878 Ac.
994 840 1041 889 ll,
1075 839 1114 878 7.
1155 840 1226 879 21.
1262 844 1521 890 potestne

59 899 228 948 igitur
259 901 530 949 quisquam
567 896 778 946 dicere,
811 898 956 934 inter
987 909 1122 944 euin,
1155 898 1236 947 qui
1271 895 1451 934 doleat
1473 899 1522 932 et

58 967 192 1003 eum,
237 957 318 1004 qni
362 957 409 991 in
452 955 726 1004 uoluptate
767 955 860 1002 sit,
910 953 1044 991 nihil
1082 949 1384 991 interesse?
1432 956 1521 989 aut

59 1012 141 1061 qui
176 1013 247 1048 ita
280 1013 510 1059 sentiat,
542 1023 639 1047 non
672 1011 1014 1060 apertissime
1047 1006 1312 1047 insaniat?
1421 1059 1425 1061 λ

171 1072 392 1104 naturae
425 1068 613 1116 norma]
661 1067 728 1103 Sic
762 1073 874 1103 reete
895 1063 1110 1105 ch.2.‹5
1146 1066 1374 1115 eodemque
1407 1063 1521 1101 ducit

56 1122 247 1161 mendum
283 1123 437 1160 codicis
460 1123 494 1160 Ε
528 1120 736 1174 (natura
769 1120 986 1174 norma).
1048 1122 1178 1161 Praue
1211 1134 1302 1159 cuni
1337 1120 1521 1158 deterio-

56 1181 184 1228 ribus,
225 1191 274 1216 ex
313 1180 454 1230 quibus
498 1179 672 1216 correcti
704 1184 801 1215 sunt
831 1177 1093 1228 A1311.65.‚
1138 1179 1248 1216 Uict.
1294 1181 1337 1214 et
1376 1177 1520 1214 Lami).

55 1234 291 1274 naturali
331 1248 530 1283 norma3
571 1246 661 1271 nam
703 1234 974 1272 naturalis
1015 1247 1190 1272 norma
1230 1235 1255 1273 i.
1296 1246 1334 1271 e.
1377 1246 1520 1270 norma

57 1291 204 1343 aliqua,
238 1305 341 1341 quae
372 1305 392 1329 a
422 1298 565 1329 natura
596 1291 782 1341 profecta
815 1296 903 1340 est,
936 1294 1125 1341 opposita
1157 1296 1222 1328 est
1255 1288 1520 1327 artificio-

57 1361 170 1398 sae,
212 1348 551 1398 quemadmodum
594 1347 644 1384 de
682 1348 773 1385 Diu.
807 1348 838 1396 Ι,
882 1347 922 1388 6.
974 1348 1038 1386 12.
1084 1345 1288 1385 naturalia
1329 1347 1520 1397 opposita

57 1410 151 1443 sunt
181 1406 257 1453 eis,
290 1418 393 1454 quae
426 1406 523 1442 artis
567 1410 685 1451 sunt3
729 1408 953 1441 naturae
990 1408 1125 1441 autem
1166 1415 1344 1440 norma
1378 1407 1443 1439 est
1475 1415 1522 1439 ea

58 1472 199 1499 norma
230 1466 355 1508 certa,
390 1473 507 1510 quam
539 1464 681 1496 natura
714 1460 967 1509 suppeditat.
1028 1460 1259 1497 Pronomen
1292 1471 1382 1496 nos
1415 1457 1520 1496 'rul-

58 1517 136 1554 lius
170 1519 387 1566 expressit,
420 1521 464 1553 ut
497 1528 541 1553 se
571 1517 713 1565 suique
756 1515 912 1553 similes
953 1514 1264 1568 (Academicos,
1302 1514 1520 1565 Peripate-

59 1575 188 1621 ticos,
229 1569 416 1623 Stoicos)
462 1577 702 1609 secerneret
751 1573 798 1608 ab
840 1572 1080 1623 Epicureis,
1128 1573 1192 1623 qui
1231 1583 1312 1608 non
1351 1576 1521 1610 naturae

59 1641 216 1676 norma,
246 1629 321 1665 sed
354 1628 530 1665 utilitate
560 1627 693 1677 legem
730 1629 875 1665 bonam
907 1642 927 1665 a
957 1628 1062 1666 mala
1094 1628 1383 1666 secernebant.

171 1686 253 1721 ius
287 1690 336 1721 et
367 1685 565 1721 iniuria
598 1684 698 1732 eet.]
760 1685 852 1721 Jus
894 1690 943 1721 et
985 1686 1182 1722 iniuria
1224 1685 1423 1721 correctio
1457 1687 1522 1722 est

58 1741 288 1777 necessaria
320 1742 490 1790 probata
522 1742 570 1777 ab
612 1741 826 1788 omnibus,
868 1741 982 1778 cuius
1022 1742 1257 1778 etiamnunc
1299 1740 1521 1790 uestigium

59 1800 192 1834 exstat
228 1797 267 1833 in
310 1795 429 1833 codd.
472 1796 726 1833 melioribus.
773 1796 834 1835 Cf.
879 1801 1018 1835 annot.
1058 1799 1148 1834 erit.
1218 1795 1337 1845 Quod
1374 1797 1520 1835 Lamb.

57 1853 158 1890 Ern.
200 1852 343 1901 Wagn.
387 1852 633 1889 Scliuetzius
671 1858 713 1888 et
761 1853 996 1890 coniectura
1044 1859 1235 1904 suscepta
1281 1858 1324 1890 et
1369 1853 1521 1891 mendo

58 1908 243 1945 codicum
285 1908 536 1945 deteriorum
578 1914 742 1945 seruato
785 1910 1041 1959 scripserunt
1089 1911 1170 1947 ius
1223 1914 1274 1948 et
1319 1909 1522 1947 iniuria

59 1977 79 2000 a
113 1969 297 2001 natura
329 1963 705 2001 diiudicantur
744 1962 1012 2017 (typographi
1046 1978 1186 2003 errore
1217 1966 1324 2003 idem
1359 1967 1399 2003 in
1431 1979 1524 2003 mea

60 2019 245 2056 editione
299 2032 534 2070 expressum
580 2017 694 2072 est),
750 2034 827 2058 non
876 2021 1262 2061 animaduerterunt
1306 2019 1391 2071 illi,
1439 2036 1521 2060 non

57 2082 238 2112 naturam
272 2077 333 2112 ius
366 2080 408 2112 et
438 2078 625 2114 iniuriam
660 2076 910 2125 diiudicare,
943 2078 1016 2115 sed
1046 2091 1094 2116 ex
1125 2084 1269 2116 natura
1304 2078 1519 2117 diiudicari

56 2132 133 2168 ista
176 2132 223 2168 ab
267 2132 517 2170 hominibus.
587 2133 690 2170 'l‘um
735 2133 1060 2172 diiudicatur
1098 2145 1186 2172 cum
1228 2134 1335 2172 Uict.
1378 2135 1519 2186 steph.

54 2187 166 2225 Man.
198 2189 334 2238 recepi
365 2199 411 2225 ex
435 2189 673 2226 melioribus
695 2191 734 2235 ff)
760 2189 968 2227 codicibus
994 2190 1216 2241 multisque
1243 2191 1519 2240 deteriorum3

54 2242 199 2293 reliqui
238 2244 619 2283 diiudicantnr.
680 2246 769 2283 Jus
802 2254 844 2283 et
872 2248 1067 2285 iniuria
1102 2260 1183 2285 non
1217 2253 1422 2297 tamquam
1454 2261 1520 2286 res

55 2299 159 2338 diune
194 2303 438 2338 coniunctae
471 2304 720 2351 cogitantur,
760 2302 809 2340 ad
850 2317 946 2353 quas
984 2302 1106 2341 simul
1144 2304 1383 2342 diiudicatio
1423 2319 1520 2356 per-

54 2357 202 2405 tineat,
236 2357 308 2394 sed
341 2359 657 2408 unumquodque
683 2360 807 2396 etius
832 2366 875 2396 et
908 2359 1054 2397 iniuria
1082 2360 1333 2399 diiudicatur
1360 2368 1520 2400 natura.

172 2419 223 2449 et
254 2413 452 2463 turpia]
514 2413 757 2452 particulam
793 2420 844 2452 et
872 2415 911 2453 in
946 2416 1037 2454 cod.
1072 2417 1241 2456 CEGd.
1266 2417 1306 2458 2.
1328 2418 1355 2460 δ
1390 2419 1518 2456 omis-

55 2480 141 2505 sam
174 2481 262 2505 eum
290 2469 401 2506 Uict.
427 2472 574 2521 Stepii.
601 2470 726 2508 Bakio
751 2472 914 2509 restitui
938 2485 985 2510 ex
1014 2471 1226 2524 plerisque
1251 2474 1519 2525 deteriorum,

55 2536 102 2562 ex
136 2526 279 2574 quibus
313 2528 487 2563 correcti
522 2532 619 2564 sunt
648 2528 725 2564 AB
746 2526 922 2576 11.b·5.;
953 2528 1100 2580 reliqui
1131 2543 1199 2569 ac.

166 2582 282 2618 Nam
316 2587 365 2619 et
398 2585 680 2621 communis
713 2585 805 2622 int.
837 2587 948 2623 nob.
980 2592 1085 2624 not.
1117 2599 1200 2624 res
1234 2586 1348 2638 effi]
1398 2587 1518 2626 Hune

57 2637 273 2675 uerborum
315 2636 502 2677 ordinem
546 2647 641 2678 ante
685 2638 892 2691 uulgatum
933 2645 1024 2680 sine
1076 2656 1198 2682 causa
1242 2642 1518 2682 deseruerunt

145 2769 177 2811 ⁶)
208 2782 290 2804 num
315 2784 358 2805 ex
383 2773 492 2806 Bakii
520 2774 663 2808 silentio
689 2772 724 2808 in
750 2773 850 2810 codd.
881 2778 909 2810 C
931 2782 967 2811 et
992 2779 1019 2811 E
1046 2778 1401 2811 diiudicantur
1435 2786 1516 2809 esse

51 2818 147 2846 recte
173 2816 381 2861 collegeris,
409 2820 546 2854 dubito.

1274 2886 1296 2916 fi
