1781 3192
251 187 343 226 202
644 238 656 251 x
823 189 892 227 DE:
924 189 1156 231 LEGlBUS

265 313 424 355 poenae
464 300 653 349 diuinae,
693 305 815 350 atque
857 304 890 341 si
927 314 1047 352 quem
1094 314 1174 342 non
1218 306 1351 340 morte
1383 309 1452 342 aut
1485 304 1626 346 dolore
1659 313 1728 347 aut

268 358 358 398 aliis
399 356 518 394 malis
550 355 657 394 affici
689 356 901 409 uidemus,
942 371 1033 398 eum
1075 359 1240 398 omnino
1279 371 1410 409 poena
1443 373 1588 400 uacare
1620 365 1728 403 arbi·

267 421 434 454 tramur.
493 412 536 450 ln
580 424 659 462 quo
692 413 883 453 labimur.
942 415 1086 463 (Latet
1118 416 1220 453 haec
1259 417 1466 454 sententia
1496 419 1536 454 in
1569 420 1727 459 uerbis:

268 482 418 521 quae,
449 471 477 508 i.
508 480 545 508 e.
578 469 653 507 sed
682 470 799 519 haec,
830 470 1014 510 fateor
1043 474 1171 511 hum.
1205 483 1322 508 esse
1355 476 1405 510 et
1435 472 1580 513 mult.
1612 475 1727 515 bon.

265 528 406 573 acc.).
468 524 648 564 Sceleris
691 531 756 564 est
796 539 928 577 poena
962 530 1096 567 tristis
1140 527 1442 578 (empiindlich)
1485 534 1527 568 et
1561 537 1728 582 praeter

266 596 337 621 eos
371 588 559 634 euentus,
597 585 662 633 qui
695 583 937 635 plerumque
969 590 1212 637 sequuntur,
1252 596 1328 634 per
1361 598 1405 622 se
1437 586 1523 636 ipsa
1555 589 1728 626 maxima

268 640 379 679 est“.
437 639 545 679 Hinc
578 638 700 679 simul
731 640 810 678 hoc
842 640 1008 680 elucere
1038 648 1164 694 puto,
1203 652 1256 677 ne
1297 639 1366 678 illa
1406 642 1568 692 quidem
1610 643 1727 682 solli-

265 697 381 735 citari
415 701 630 748 oportere,
672 710 774 748 quae
810 696 1035 748 VVagnero,
1076 697 1322 746 Schuetzio,
1357 698 1551 749 Mosero,
1601 699 1725 739 Bakio

265 751 564 804 displicebant:
605 752 831 793 sceleris
864 759 945 793 est
981 767 1150 806 poena
1191 753 1381 792 tristis.
1443 755 1574 793 Recte
1615 757 1724 795 enim

264 823 404 848 errore
435 810 644 848 hominum
677 810 884 862 patefacto
913 824 1049 849 ueram
1089 811 1336 848 sententiam
1379 813 1573 863 proponit
1613 811 1725 851 nulla

263 867 466 918 particula
504 880 596 906 cum
633 866 977 918 praecedentibus
1023 868 1161 906 uerbis
1202 867 1460 904 coniunctam
1508 870 1724 920 ipsumque

262 922 490 961 sceleris
528 937 679 963 nomen
720 937 810 961 cum
853 926 893 963 ui
933 923 1105 975 quadam
1152 925 1194 961 in
1238 925 1442 975 principio
1490 926 1722 964 sententiae

259 981 392 1030 ponit.
453 980 655 1019 Similiter
683 982 885 1019 correctio
917 982 1006 1019 sine
1039 977 1237 1032 particula
1268 979 1405 1017 addita
1438 985 1502 1018 est
1528 982 1613 1021 Cic.
1647 995 1720 1033 pro

257 1036 382 1077 Rosc.
424 1037 514 1077 Am.
558 1036 635 1088 24,
667 1036 736 1077 67.
788 1036 854 1075 Cf.
893 1036 1176 1088 Naegelsbach
1209 1034 1298 1075 Stil.
1330 1050 1372 1088 p.
1404 1034 1501 1076 399.
1562 1037 1722 1077 Insulse

256 1094 320 1131 uir
365 1093 527 1143 quidam
567 1094 712 1133 doctus
750 1094 791 1131 in
834 1095 954 1133 Misc.
997 1095 1097 1133 Obs.
1138 1088 1227 1140 Ill,
1269 1092 1302 1132 l.
1350 1106 1384 1144 p.
1415 1090 1481 1132 68.
1520 1095 1719 1133 coniecit:

259 1147 488 1188 sceleris
520 1149 700 1190 scelus
733 1155 814 1188 est
853 1163 1031 1202 poena
1070 1149 1276 1198 tristis,
1316 1162 1394 1187 nec
1433 1148 1582 1188 melius
1622 1163 1720 1201 pro-

257 1205 369 1244 fecto
392 1206 567 1246 Bakius:
599 1205 830 1246 sceleris
865 1211 949 1245 est
978 1219 1159 1258 poena,
1190 1207 1374 1243 tristis
1405 1209 1471 1255 et,
1502 1211 1719 1256 praeter

258 1274 346 1300 eos
379 1268 611 1302 euentus
644 1265 722 1314 qui
754 1267 1070 1314 sequuntur,
1110 1274 1205 1314 per
1243 1274 1300 1299 se
1331 1263 1452 1312 ipsa
1483 1264 1716 1303 maxima.

255 1318 318 1357 Et
348 1318 574 1359 uidimus
606 1325 684 1359 cet.
747 1320 919 1358 Scilicet
949 1332 1039 1357 cum
1070 1322 1268 1368 mortem,
1300 1318 1507 1369 dolorem,
1538 1318 1716 1371 reliqua,

256 1375 400 1425 quibus
430 1374 640 1415 hominum
672 1377 860 1414 miserias
891 1375 1232 1427 ponderaremuS,
1264 1388 1337 1426 pro
1360 1376 1504 1426 poenis
1527 1376 1716 1415 habenda

253 1442 347 1468 esse
377 1437 588 1481 negasset,
620 1445 700 1471 non
736 1444 851 1470 esse
872 1444 1088 1482 poenam
1114 1429 1339 1469 sceleris
1362 1431 1540 1470 debebat
1559 1431 1715 1483 dicere,

253 1485 330 1525 sed
351 1485 482 1537 qualis
505 1493 631 1529 esset.
681 1489 925 1527 Schuetzius
951 1486 1130 1538 denique
1155 1488 1261 1526 coni.
1285 1488 1446 1539 ipsius
1468 1487 1713 1528 sceleris.

250 1544 313 1582 De
344 1541 514 1583 sceleris
546 1557 679 1597 poena
711 1544 848 1583 diuina
879 1549 1001 1595 atque
1030 1543 1082 1583 de
1114 1544 1152 1581 ui
1186 1546 1465 1583 conscientiae
1496 1544 1590 1583 uide
1623 1545 1711 1585 Cic.

251 1599 304 1637 de
343 1599 444 1652 Rep.
483 1597 576 1652 III,
618 1601 688 1643 22.
730 1603 799 1642 fin.
848 1614 922 1653 pro
962 1599 1049 1639 Mil<
1093 1599 1174 1650 23,
1215 1599 1282 1640 61.
1331 1601 1458 1652 Legg.
1499 1600 1528 1640 l.
1571 1601 1602 1652 ᾧ.
1642 1600 1712 1642 40.

214 1681 220 1695 ἰ
249 1654 396 1695 Paullo
438 1662 534 1697 ante
572 1659 841 1697 offensionem
874 1656 1013 1695 iudicii
1041 1657 1192 1695 rectius
1218 1657 1364 1708 WVagn.
1398 1658 1504 1695 Mos.
1533 1657 1628 1698 Bak.
1661 1657 1713 1696 ad

251 1711 523 1753 calamitatem
565 1716 607 1753 in
647 1714 798 1753 iudicio
837 1718 1047 1764 acceptam
1088 1715 1112 1751 i.
1156 1725 1195 1750 e.
1235 1713 1286 1750 ad
1325 1713 1709 1752 condemnationem
1780 1731 1781 1734 ¹

249 1769 453 1819 referunt,
487 1784 606 1821 quam
636 1772 735 1810 Ern.
766 1775 809 1809 et
838 1770 968 1808 Goer.
1012 1769 1062 1807 ad
1094 1767 1239 1807 malam
1268 1770 1477 1808 hominum
1510 1768 1561 1807 ‹le
1591 1771 1708 1809 nobis
1778 1779 1781 1794 ³

249 1826 612 1866 existimationem.
674 1825 877 1865 Similiter
907 1825 993 1863 Cic.
1026 1825 1079 1862 de
1107 1826 1206 1876 imp.
1245 1825 1321 1864 Cn.
1359 1825 1506 1876 Pomp.
1542 1823 1608 1874 10,
1639 1824 1708 1865 28.

247 1880 606 1921 offensionem
645 1881 746 1922 belli
786 1882 890 1922 dicit
930 1879 1206 1920 calamitatem
1247 1883 1287 1920 in
1328 1880 1438 1920 bello
1483 1885 1707 1933 acceptam.

245 1937 339 1976 Alio
379 1938 502 1977 modo
543 1940 888 1978 offensiones
927 1937 1246 1976 iudiciorum
1296 1952 1371 1991 pro
1420 1936 1581 1976 Cluent.
1630 1937 1707 1988 50,
1759 1971 1776 1997 Α,

248 1992 342 2035 139.
390 2007 439 2033 ea
490 1995 640 2035 iudicia
694 1995 776 2034 dici
818 1995 966 2034 Bakius
1021 1994 1342 2046 animaduertit,
1389 2006 1495 2047 quae
1537 1994 1707 2046 probata

239 2064 320 2089 non
353 2052 450 2090 sint.

356 2107 607 2147 Uidimus
650 2121 737 2146 eos
777 2108 878 2158 cet]
950 2105 1092 2157 Qualis
1129 2120 1264 2160 poena
1300 2107 1468 2146 sceleris
1506 2108 1586 2157 sit,
1623 2107 1702 2146 iam

243 2161 533 2201 Clodianorum
565 2163 764 2216 exemplis
795 2166 1049 2215 comprobat.
1113 2164 1213 2202 Mox
1243 2163 1346 2202 dett.
1380 2161 1501 2201 codd.
1525 2164 1703 2215 scriptu-

243 2232 329 2257 ram
362 2219 612 2258 ardentes
647 2224 747 2258 tum
774 2219 1099 2271 cupiditate,
1131 2225 1231 2258 tum
1257 2225 1422 2270 metu,
1455 2224 1556 2258 tum
1583 2233 1703 2258 con-

243 2276 496 2326 scientia,
537 2277 816 2314 confirmatam
849 2278 972 2314 etiam
1013 2275 1164 2315 mendo
1203 2275 1445 2325 meliorum,
1483 2289 1504 2313 a
1533 2277 1702 2326 quibus-

241 2330 335 2369 dam
390 2345 472 2370 non
522 2334 703 2383 oportuit
743 2334 977 2384 improbari.
1051 2332 1163 2371 Male
1209 2333 1395 2371 Handius
1444 2333 1551 2371 coni.
1596 2337 1701 2371 tum

240 2392 379 2425 metu
410 2390 794 2438 conscientiae3
834 2402 910 2427 nec
950 2388 1096 2428 melius
1134 2390 1323 2442 profecto
1361 2394 1429 2427 aut
1461 2388 1700 2428 Turnebus:

240 2447 343 2481 tum
385 2443 739 2496 cupiditatum
779 2449 962 2496 aestu,
1010 2451 1115 2484 tum
1161 2447 1498 2484 conscientia
1539 2449 1607 2483 aut¹
1643 2446 1699 2485 H.

240 2499 473 2550 Stephanus
507 2498 675 2553 (sched.
699 2501 769 2551 1V,
802 2498 921 2554 25.):
954 2502 1206 2540 ardentes
1228 2507 1328 2541 tum
1351 2499 1697 2558 cupiditatum

240 2560 417 2606 aestu,
446 2562 547 2596 tum
581 2560 925 2597 conscientia
953 2562 1289 2610 peccatorum
1319 2572 1351 2599 s.
1390 2556 1696 2599 facinorum.
1752 2596 1754 2599 ,

235 2611 292 2649 Hi
324 2612 433 2662 quod
463 2612 720 2653 ardentes
751 2617 892 2653 metu
922 2616 1188 2666 respuebant,
1221 2615 1313 2666 quia
1343 2625 1435 2653 mox
1457 2618 1699 2664 sequeretur

237 2667 364 2718 quid
395 2674 619 2720 agerent
650 2671 795 2710 modo
826 2671 1078 2710 timentes
1108 2684 1185 2710 nec
1213 2670 1388 2723 perinde
1428 2674 1542 2707 recte
1582 2669 1696 2708 dice-

235 2728 352 2762 retur
391 2725 586 2764 ardens
624 2732 791 2778 metu,
832 2732 877 2766 ut
918 2726 1106 2767 ardens
1147 2726 1471 2779 cupiditate,
1519 2727 1694 2778 primum

231 2777 397 2820 illorum
447 2782 664 2822 uerborum
702 2797 783 2823 non
817 2788 1119 2836 perspexerunt
1164 2784 1412 2823 sententiam
1458 2781 1535 2831 (cf.
1590 2794 1692 2834 quae

1744 2848 1751 2895 ’ἲ
