1781 3192
225 169 286 209 9ss
798 166 866 204 DF,
903 167 1133 205 LEGIBUS

1328 247 1349 259 ,

227 281 421 323 mendum
459 284 524 317 est
562 277 695 328 quod
747 280 1037 318 orationem
1069 282 1128 326 ÷t‘).
1199 270 1496 330 Seff'ssaepius
1543 281 1582 318 in
1636 282 1697 318 eis

226 355 301 393 pro
331 350 435 376 cum
469 336 666 386 scriptum
704 338 768 372 est
808 336 951 386 quod.
1001 337 1047 384 (Ι.
1089 337 1123 387 Q.
1164 334 1233 375 57.
1277 335 1411 386 qnod
1450 349 1697 388 praeser-

228 400 316 436 tim
363 406 435 444 pro
479 404 588 429 cum
630 393 970 441 praesertim.
1016 393 1063 431 ΙΙ.
1109 393 1140 442 Q.
1175 391 1237 432 11.
1282 394 1407 485 ip
1451 392 1582 443 quod
1622 407 1697 445 pro

225 456 355 492 item
390 450 535 495 cum).
594 447 730 498 Atque
753 448 849 487 hinc
873 454 967 487 nata
989 454 1053 487 est
1081 449 1282 487 correctio
1347 448 1697 488 d·orationem

229 508 337 548 male
369 520 390 543 a
420 504 631 557 plerisque
663 511 868 556 suscepta.
928 507 1031 543 Nam
1063 519 1151 543 cum
1176 507 1352 554 Quintus
1386 507 1586 556 nesciret,
1619 520 1696 557 quo

227 568 381 612 frater,
422 563 503 599 nisi
542 572 586 598 se
625 562 884 610 retinuisset,
917 563 1066 600 suisset
1098 561 1305 613 lapsurus,
1346 575 1426 600 non
1467 565 1602 615 potuit
1633 562 1697 600 di-

230 634 342 670 cere,
374 619 566 656 lubenter
593 629 638 654 se
670 631 761 655 cum
792 618 920 656 fratre
955 619 1006 657 ad
1038 620 1159 656 istam
1203 620 1431 657 orationem
1470 632 1562 658 esse
1600 632 1698 670 pro-

227 678 454 729 lapsurum.
517 674 632 712 Cum
665 675 769 712 ista
799 676 1047 713 oratione
1082 677 1124 722 (i.
1160 687 1194 714 e.
1227 687 1290 725 ea,
1325 688 1441 725 quam
1466 676 1517 713 de
1543 677 1699 714 iustitia

229 735 424 783 omnique
457 732 611 769 uirtute
641 744 714 782 per
747 744 795 768 se
827 731 1057 782 expetenda
1088 732 1283 778 habuisti)
1318 745 1395 769 uua
1433 746 1522 770 eum
1557 733 1698 770 Marco

229 792 424 830 lubenter
454 801 499 826 se
532 800 626 824 esse
656 786 940 839 prolapsurum
976 796 1087 825 reete
1117 789 1229 826 dicit.

345 844 689 897 prolaberer]
753 846 921 882 Ueteris
965 845 1102 882 mendi
1145 844 1396 896 prolaber
1436 858 1563 896 praua
1606 858 1700 882 cor-

232 904 363 943 rectio
396 906 460 939 est
492 902 531 938 in
572 900 693 938 codd.
736 901 1011 939 deterioribus
1052 900 1376 954 (prolab0r);
1417 915 1493 952 quo
1528 903 1700 950 Quintus

233 963 458 1000 etiamtunc
491 970 535 995 se
566 969 732 1008 sperare
765 959 1030 1008 signiticaret,
1077 959 1254 995 Marcum
1288 956 1448 1007 lougius
1481 970 1575 996 esse
1606 971 1702 1010 pro-

232 1019 589 1069 lapsu1·11ni,-c11111
633 1027 722 1051 eum
766 1028 811 1052 se
851 1016 1075 1052 retinuisse
1116 1016 1394 1065 coguouisset.
1456 1016 1592 1066 Atque
1636 1014 1701 1052 uel

235 1077 294 1114 sie
327 1071 471 1111 melius
504 1071 641 1108 futuro
676 1076 877 1108 uteretur.
943 1072 1090 1108 Uei-am
1123 1084 1294 1120 eamque
1322 1070 1557 1108 facillimam
1585 1072 1702 1108 istius

234 1129 373 1170 mendi
407 1130 704 1166 correctionem
740 1125 788 1178 (p
803 1124 1098 1179 rolaberer)
1132 1140 1233 1164 iuius
1258 1126 1407 1163 Bakius
1440 1129 1701 1178 improbauit,

236 1200 355 1239 quem
389 1184 496 1235 quod
528 1186 617 1235 ipse
650 1185 828 1221 eouieeit
859 1182 907 1235 (p
923 1181 1252 1236 rolabebar)‚
1294 1196 1374 1220 non
1416 1184 1555 1220 addita
1605 1196 1702 1220 eou-

237 1246 394 1282 ditione
426 1242 590 1278 nonnisi
623 1240 672 1276 ad
712 1242 977 1291 praeteritum
1021 1245 1181 1289 tempus
1222 1242 1436 1289 pertinere
1472 1240 1592 1290 fugit.
1632 1238 1698 1277 Cf.

237 1299 272 1340 I.
305 1301 338 1351 Q.
373 1298 442 1338 57.
475 1302 523 1334 at
556 1310 643 1347 ego
674 1298 768 1335 huc
801 1296 1133 1333 declinabam
1168 1309 1266 1333 nec
1299 1296 1521 1334 inuitus,

352 1360 405 1392 et
436 1356 584 1391 cuius
617 1353 883 1403 apiscendi
917 1352 1090 1401 eausa]
1155 1350 1297 1389 Mundi
1340 1354 1494 1390 ueteris
1519 1354 1559 1390 in
1585 1350 1705 1391 codd.

236 1411 477 1452 melioribus
518 1411 670 1446 seruati
715 1405 967 1462 (asciudi)
1011 1409 1275 1445 omissionem
1316 1414 1487 1459 propter
1519 1411 1703 1459 exiguam

238 1468 489 1508 deteriorum
523 1468 882 1519 correctorumque
916 1461 1153 1517 (All.(is).)
1192 1464 1377 1502 codicum
1419 1468 1703 1504 auctoritatem

237 1538 379 1579 parum
428 1526 542 1559 recte
583 1522 807 1572 probarunt
849 1522 957 1562 Uict.
1000 1522 1106 1558 Mos.
1140 1522 1211 1558 Or.
1244 1522 1408 1558 Bakius.
1469 1523 1554 1560 Nec
1597 1524 1704 1560 enim

239 1580 539 1621 correctionem
578 1580 618 1615 in
662 1578 900 1616 melioribus
944 1582 1142 1615 tentatam
1186 1577 1279 1615 'esse
1320 1579 1408 1615 ueri
1450 1578 1585 1617 simile
1626 1584 1705 1629 est,

240 1652 344 1691 quae
376 1635 509 1673 denuo
545 1634 696 1672 deinde
729 1637 782 1672 sit
814 1636 1064 1687 deprauata,
1105 1648 1181 1672 nec
1219 1639 1333 1672 reete
1375 1634 1528 1673 dieitur
1570 1636 1706 1673 sinis

241 1707 392 1736 causa
432 1693 609 1730 facere
651 1692 818 1729 omnia
864 1706 936 1743 pro
978 1692 1106 1728 sinis
1148 1690 1488 1741 adipiscendi
1533 1705 1704 1729 causa.

239 1755 328 1791 lloc
360 1753 497 1788 autem
524 1750 660 1799 ipsum
692 1748 795 1786 nihil
821 1754 924 1798 erat,
957 1761 1027 1785 cm·
1052 1747 1177 1785 Bakio
1203 1746 1467 1798 displiceret3
1502 1753 1567 1786 est
1598 1750 1706 1786 enim

242 1807 473 1859 adipisci
509 1807 654 1842 uirium
688 1804 858 1855 quadam
893 1806 1159 1842 contentione
1191 1808 1259 1840 aut
1291 1816 1340 1840 eo
1360 1806 1597 1854 peruenire,
1631 1817 1707 1855 quo

240 1864 387 1905 tendas
421 1861 570 1908 (Plaut.
604 1862 726 1912 Epid.
760 1862 791 1910 1,
830 1861 862 1900 1.
906 1861 999 1910 13),
1044 1866 1111 1898 aut
1142 1859 1183 1897 id
1216 1861 1395 1910 assequi,
1436 1861 1543 1911 quod
1581 1873 1709 1912 appe-

240 1929 302 1962 tas
339 1920 413 1970 (es.
448 1917 640 1957 Doederl.
675 1918 774 1968 Syl·
808 1917 874 1956 ill.
908 1931 949 1970 p.
991 1915 1109 1967 145.)
1178 1917 1237 1954 An
1281 1930 1516 1955 summam
1557 1918 1709 1955 bono-

241 1992 351 2018 rum
395 1976 463 2023 (de
495 1977 587 2013 Fin.
617 1975 686 2024 lv,
728 1975 790 2014 17.
822 1972 913 2023 46.)
959 1979 1027 2013 aut
1068 1974 1340 2026 principia
1385 1978 1599 2012 naturae
1634 1970 1709 2021 '(de

242 2038 334 2076 Fiu.
376 2034 444 2083 ΙΙΙ,
487 2032 527 2073 6.
567 2032 668 2083 22.)
699 2031 955 2082 adipisci,
999 2036 1067 2068 aut
1107 2031 1283 2068 summi
1329 2031 1447 2067 boni
1487 2031 1710 2082 adeptio

246 2094 317 2142 (de
349 2091 442 2128 Fin.
476 2089 545 2136 1V,
586 2088 649 2127 17.
674 2086 764 2133 47.)
798 2092 912 2125 reete
938 2088 1104 2136 dicitur,
1139 2087 1294 2124 finem
1327 2088 1571 2124 bonorum
1606 2086 1710 2124 adi-

244 2150 381 2202 pisci
410 2159 491 2183 non
524 2140 656 2181 item?
690 2140 836 2194 Itaque
866 2143 943 2181 hoc
976 2156 1098 2181 unum
1125 2143 1348 2192 quaeritur,
1383 2147 1515 2180 utrum
1542 2144 1710 2181 uerbum

246 2203 420 2257 simplex
450 2199 730 2253 apiscendi
763 2213 852 2237 cum
885 2199 1097 2251 plerisque
1130 2198 1266 2251 (Man.
1299 2203 1341 2236 et
1371 2199 1513 2237 Lamb.
1547 2201 1711 2238 ascis-

247 2256 457 2312 cendi),
491 2271 538 2295 an
567 2257 836 2308 compositum
870 2258 998 2307 magis
1038 2256 1202 2307 probari
1240 2260 1442 2305 oporteat.
1503 2256 1592 2293 Hoc
1632 2255 1713 2293 etsi

245 2321 337 2371 ipse
367 2318 408 2354 in
440 2316 659 2352 uerborum
693 2316 885 2351 contextu
917 2314 1103 2365 probaui,
1145 2312 1272 2360 magis
1304 2316 1440 2348 tamen
1472 2324 1578 2349 nunc
1611 2313 1712 2349 sim-

245 2376 341 2428 plex
380 2373 530 2425 probo,
570 2371 662 2420 quia
703 2374 744 2407 et
783 2370 951 2421 propius
993 2369 1045 2406 ad
1094 2368 1279 2407 codicum
1330 2369 1504 2418 uestigia
1552 2366 1714 2406 accedit

247 2437 289 2470 et
319 2431 399 2469 loci
431 2429 469 2468 h.
500 2427 530 2466 l.
571 2425 871 2477 quodammodo
905 2426 1043 2464 elucet
1073 2426 1201 2474 notio,
1235 2436 1311 2475 quo
1344 2426 1382 2461 in
1415 2436 1569 2474 genere
1600 2423 1710 2462 idem

247 2487 458 2540 usurpauit
490 2484 541 2522 ad
569 2485 656 2522 Att·
678 2479 803 2533 VIII,
842 2481 902 2523 14.
927 2483 965 2523 3.
999 2480 1309 2521 occultandi
1343 2482 1423 2519 sui
1456 2494 1624 2530 causa,
1656 2492 1710 2517 an

247 2545 406 2584 maris
439 2538 753 2593 apiscendi?

363 2596 649 2649 aliquando
681 2596 877 2647 tamen]
937 2594 1051 2634 Male
1082 2595 1250 2633 Bakium
1297 2606 1344 2632 ex
1384 2594 1580 2632 correctis
1624 2593 1711 2629 suis

249 2656 369 2698 codd.
409 2657 443 2694 A
468 2653 617 2695 11.65.
668 2656 889 2701 (correctio
937 2654 1169 2691 etiamnunc
1207 2653 1249 2689 in
1289 2649 1379 2690 cod.
1421 2651 1451 2688 B
1492 2650 1714 2701 conspicua

339 2780 370 2821 ’)
395 2790 438 2811 ex
464 2776 704 2810 deterioribus
733 2775 885 2809 correcti
911 2776 948 2809 h.
973 2776 996 2808 l.
1025 2778 1108 2808 sunt
1134 2774 1204 2807 ΑΒ
1224 2772 1274 2805 ll.
1295 2772 1352 2806 6-3.
