1781 3192
234 162 325 203 260
809 163 880 202 DE
911 163 1145 202 LEGIBUS

352 273 791 328 quinquennium]
871 273 1076 314 Censores
1130 275 1250 314 initio
1294 276 1338 313 in
1389 277 1705 329 quinquennium

237 335 364 373 creati
404 332 499 370 inde
541 331 589 369 ab
633 344 666 370 a.
709 344 747 371 u.
779 329 875 372 320.
915 330 1009 383 lege
1041 330 1217 371 Aemilia
1249 345 1271 369 a
1299 332 1510 371 Mamerco
1533 334 1706 374 Aemilio

239 390 443 430 dictatore
484 385 567 425 lata
602 387 642 425 in
685 400 832 426 annum
867 401 989 427 unum
1021 394 1064 428 et
1095 402 1166 427 sex
1197 400 1364 426 menses
1397 390 1526 428 creari
1557 404 1707 442 coepe-

237 450 346 484 runt.
380 445 470 482 Liu.
504 443 572 492 lv,
613 440 685 484 24.
718 443 788 493 IX,
821 442 890 484 33.
953 445 1038 484 Sed
1077 446 1346 497 quinquennii
1385 447 1585 496 spatium,
1630 448 1708 487 nisi

238 502 347 541 forte
382 502 458 538 iam
492 499 710 538 Ciceronis
742 505 878 539 aetate
914 500 1064 540 factum
1099 506 1213 550 erat,
1253 501 1296 539 id
1332 501 1441 553 quod
1471 515 1519 541 ex
1548 504 1711 543 Zonara

239 557 327 606 VH,
362 554 402 596 9.
436 555 674 606 collegeriS‚
710 559 892 595 reuocari
928 558 1090 596 Tullius
1123 559 1251 599 iubet.

354 622 551 674 reliqui
583 624 740 661 annui
771 626 947 677 sunto]
1010 627 1087 664 Est
1127 626 1205 663 hoc
1242 623 1478 676 exemplum
1523 638 1573 664 ex
1608 638 1708 677 per-

241 687 387 731 uagato
420 692 576 731 genere
610 693 675 730 eo,
710 694 787 730 quo
820 681 924 720 duae
955 684 1207 731 sententiae,
1242 695 1410 732 quarum
1442 695 1517 720 nos
1539 681 1709 721 alteram

240 739 494 790 primariam,
525 737 807 775 secundariam
830 738 998 777 alteram
1024 741 1213 791 ponimus
1236 737 1300 791 ᾖἓ),
1328 750 1375 776 ex
1398 752 1527 789 aequo
1551 751 1710 789 ponun-

241 802 324 834 tur.
386 793 504 841 Quod
537 806 667 842 genus
700 795 840 843 tetigit
880 795 1019 836 Madu.
1059 796 1111 833 de
1150 796 1245 833 Fin.
1287 808 1327 846 p.
1362 794 1429 836 33.
1464 800 1506 832 et
1544 796 1710 834 uberius

240 852 435 889 tractauit
466 851 506 888 in
540 849 779 888 Emendatt.
811 864 850 903 p.
883 850 952 891 24.
985 865 1072 903 sqq.
1109 852 1173 889 Cf.
1210 847 1289 889 ΙΙΙ.
1324 851 1358 901 §.
1391 851 1456 892 22.
1500 851 1711 903 Pompe-

241 909 453 958 iumque
476 911 717 944 nostrum
751 929 802 934 ——
837 908 1014 946 effero
1037 908 1300 956 laudibus,
1335 908 1397 945 de
1423 909 1712 946 tribunicia

240 968 520 1016 potesta-te
553 967 719 1002 taceo.
754 960 832 1004 III.
868 964 901 1015 §-
925 962 994 1004 49.
1019 978 1118 1003 nos
1151 971 1319 1003 autem
1345 964 1406 1002 de
1430 968 1543 1004 iure
1568 970 1712 1014 natu-

240 1034 329 1059 rae
369 1043 424 1048 —-
467 1019 653 1058 dicere
694 1020 970 1069 debemus,
1024 1021 1083 1060 de
1124 1023 1235 1060 iure
1275 1021 1454 1073 populi
1495 1022 1713 1071 romani,

242 1091 370 1128 quae
402 1076 597 1115 relicta
629 1074 757 1115 sunt
781 1082 829 1115 et
861 1077 1074 1117 tradita.
1136 1078 1255 1127 Quod
1286 1076 1394 1129 fugit
1423 1083 1466 1116 et
1486 1078 1712 1129 Mosemm,

242 1135 496 1185 Zumptium,
524 1132 744 1184 Orellium,
777 1136 845 1184 qui
875 1134 977 1172 haec
1006 1136 1129 1173 uerba
1158 1135 1398 1187 parenthesi
1422 1136 1713 1187 circumscrip-

243 1195 404 1240 serunt,
438 1196 480 1230 et
509 1189 700 1239 Euhium,
733 1192 799 1240 qui
831 1191 910 1229 hoc
941 1205 1020 1230 non
1054 1205 1125 1230 suo
1156 1191 1246 1230 loco
1276 1191 1459 1244 praecipi
1489 1190 1604 1230 dixit.

356 1269 523 1307 eaque
552 1258 819 1308 potestas]
882 1258 1056 1309 Semper
1086 1271 1180 1295 esse
1205 1259 1580 1308 censuraiubetur,
1620 1259 1714 1308 quia

246 1314 479 1363 acciderat,
522 1318 567 1352 ut
602 1326 683 1351 non
728 1316 868 1364 quinto
911 1327 1073 1365 quoque
1114 1327 1219 1353 anno
1252 1328 1444 1353 censores
1477 1320 1716 1352 crearentur

244 1383 476 1420 censusque
510 1375 716 1419 ageretur.
757 1370 821 1410 Cf.
865 1370 1036 1408 Beckeri
1078 1372 1173 1408 Ant.
1216 1384 1319 1409 rom.
1353 1367 1420 1421 II,
1460 1371 1498 1411 2.
1541 1385 1582 1423 p.
1619 1370 1714 1411 195·

245 1427 433 1465 Niebuhr
464 1426 573 1463 [list.
606 1439 709 1464 rom.
744 1421 799 1464 II.
832 1439 875 1477 p.
912 1426 1146 1466 176—187.
1181 1425 1247 1463 ed.
1283 1426 1316 1466 1.

359 1495 391 1546 ξ.
423 1493 462 1534 S.
523 1495 660 1531 iuris
693 1494 790 1531 ciu.
824 1497 1000 1530 custos
1037 1492 1170 1543 esto]
1222 1494 1309 1532 Hac
1328 1491 1432 1544 legis
1456 1497 1574 1544 parte
1595 1504 1715 1544 prae-

217 1560 380 1591 .toruin
431 1550 558 1588 libido
601 1551 846 1603 prohibetur
896 1550 936 1588 in
989 1549 1137 1588 edictis
1195 1549 1262 1589 uel
1312 1549 1593 1603 proponendis
1651 1545 1716 1586 uel

248 1607 487 1660 sequendis,

358 1665 508 1716 regio
550 1663 794 1715 imperio]
863 1663 929 1702 Cf.
973 1664 1055 1703 Cic.
1099 1661 1151 1701 de
1193 1663 1296 1715 Rep.
1341 1659 1407 1714 II,
1450 1662 1520 1704 32.
1559 1665 1717 1713 atque

247 1726 319 1763 uti
352 1734 484 1760 coss
517 1722 851 1772 potestatem
886 1720 1154 1758 haberent
1185 1724 1425 1772 tempore
1458 1720 1718 1758 duntaxat

247 1791 483 1828 annuam,
519 1790 714 1828 genere
745 1779 865 1828 ipso
899 1791 950 1815 ac
980 1779 1093 1815 iure
1120 1777 1326 1827 regiam.
1389 1777 1505 1815 Coss.
1539 1777 1719 1826 antiqui·
1780 1816 1781 1820 ,

246 1844 313 1877 tus
344 1839 633 1887 praetores
666 1839 708 1872 et
738 1834 957 1872 iudices
989 1846 1081 1872 esse
1113 1819 1342 1885 appellatos
1365 1848 1384 1871 a
1413 1833 1718 1886 praeeundo

249 1900 291 1932 et
322 1891 632 1941 iudicando,
665 1895 827 1930 constat
860 1904 907 1928 ex
939 1891 1125 1928 Uarrone
1157 1904 1219 1943 ap.
1253 1891 1357 1930 Non.
1390 1904 1421 1932 s.
1451 1904 1488 1929 u.
1532 1903 1719 1929 consu-

246 1951 375 2000 lum,
408 1950 536 1986 Festo
569 1961 602 1987 S.
634 1962 672 1986 u.
705 1949 979 1999 praetoria
1011 1953 1186 1999 porta,
1220 1948 1307 1988 Liu.
1344 1943 1424 1998 III,
1456 1947 1525 1988 55.
1557 1949 1719 1986 Zonara

251 2004 354 2057 VII,
394 2004 457 2046 19.
518 2004 603 2043 Sed
633 2004 792 2043 inutilis
826 2009 960 2043 tamen
993 2011 1058 2042 est
1080 2005 1237 2043 Dauisii
1267 2006 1503 2043 coniectura
1532 2019 1554 2042 a
1575 2017 1719 2056 prae-

251 2063 451 2113 eundo,
485 2066 528 2101 ut
560 2075 579 2099 a
611 2075 690 2112 quo
720 2075 869 2100 nomen
903 2062 1154 2113 acceperint,
1187 2062 1465 2112 significetur,
1505 2067 1549 2101 ut
1580 2063 1718 2110 Quint.

251 2119 354 2160 inst.
383 2121 451 2158 Or.
485 2115 519 2167 Ῑ,
553 2117 591 2159 6.
626 2118 696 2158 32.
730 2119 802 2155 sit
835 2119 967 2155 enim
1011 2131 1111 2157 cOS.
1152 2131 1174 2155 a
1213 2116 1536 2156 consulendo
1581 2116 1659 2155 uel
1697 2130 1720 2155 a

250 2174 551 2216 iudicando.
623 2175 727 2211 Sunt
779 2173 943 2210 ablatiui
984 2186 1155 2222 causae,
1205 2177 1248 2210 ut
1290 2174 1373 2212 Cic.
1417 2175 1486 2214 Or.
1536 2171 1608 2223 19,
1649 2172 1718 2214 62.

250 2232 659 2285 Theophrastus
691 2230 981 2268 diuinitate
1004 2228 1262 2280 loquendi
1288 2242 1472 2268 nomen
1496 2231 1717 2270 inuenit.

367 2299 569 2338 nemini
602 2298 854 2350 parento]
916 2299 974 2336 De
1013 2298 1091 2336 hoc
1130 2311 1287 2336 summo
1329 2296 1540 2336 consulum
1585 2299 1722 2350 impe-

253 2361 315 2400 rio
364 2356 531 2396 militari
573 2356 625 2396 cf,
665 2354 806 2406 Polyb.
852 2355 926 2405 Vl,
971 2354 1036 2395 12.
1076 2354 1116 2395 5.
1158 2354 1267 2393 [ide
1307 2355 1432 2394 etiam
1472 2354 1507 2407 ᾗ.
1549 2353 1586 2396 6.
1631 2355 1722 2395 Cic.

249 2416 301 2456 de
330 2415 436 2465 Rep.
471 2410 506 2465 l,
535 2411 602 2452 4'0.

369 2471 472 2521 his]
535 2469 642 2507 Satis
674 2469 753 2507 hoc
780 2481 1010 2519 pronomen
1042 2469 1306 2506 confirmatur
1334 2464 1494 2506 mendis
1518 2466 1720 2508 codicum.

257 2529 469 2580 Scriptura
505 2524 635 2565 ollis
663 2531 758 2565 ante
789 2525 956 2564 Bakium
991 2524 1154 2575 uulgata
1185 2523 1297 2563 nulla
1329 2524 1449 2565 codd.
1476 2525 1720 2563 auctoritate

256 2587 418 2625 nititur.
480 2584 673 2623 Ceterum
706 2583 783 2622 hac
813 2581 908 2635 lege
938 2596 1043 2624 coss,
1077 2584 1118 2622 in
1142 2582 1379 2622 discrimine
1400 2593 1535 2620 rerum
1559 2579 1720 2632 legibus

258 2680 527 2693 .....—---.-

358 2734 391 2774 ')
418 2733 472 2766 sie
512 2732 629 2766 soilen
669 2732 735 2765 das
772 2733 854 2765 Amt
887 2731 972 2765 fiius
1002 2732 1115 2765 Jahre
1152 2732 1239 2776 lang
1265 2731 1406 2764 huben.
1451 2730 1620 2764 wiihrend
1663 2730 1721 2763 dio

268 2780 422 2823 ubi-igcu
451 2780 597 2812 Aemter
624 2778 681 2813 ein
708 2778 801 2812 Juhr
824 2779 958 2812 dauern
984 2779 1112 2812 sollen.
