1781 3192
235 181 323 222 252
807 181 876 219 DE
910 181 1144 220 LEGIBUS

355 293 480 347 quid
522 292 657 331 enim
698 292 795 343 est]
866 290 978 331 Male
1025 293 1197 332 Beierus
1246 291 1297 331 ad
1347 293 1425 333 Off.
1460 294 1486 334 Ι.
1525 307 1564 346 p.
1603 293 1704 336 306.

240 351 428 392 uoculam
461 354 543 388 est
574 347 796 387 delendam
826 348 1039 388 iudicauit.
1092 350 1160 389 Cf.
1193 361 1296 400 quae
1327 349 1409 388 dixi
1441 349 1507 390 ΙΙΙ.
1537 351 1573 400 ᾗ.
1604 350 1673 391 33.

352 407 592 457 quoniam
626 404 848 456 quidem]
909 406 990 445 Pro
1031 419 1104 456 eo,
1155 405 1266 457 quod
1311 405 1443 445 adhuc
1495 405 1705 457 uulgatum

238 468 330 512 est,
371 461 815 513 quandoquidem,
864 474 952 500 cum
992 463 1116 501 Bakio
1153 475 1244 500 cum
1284 461 1578 514 plurimorum,
1619 466 1705 500 tum

238 521 484 571 optimorum
526 517 647 558 codd.
689 519 933 568 scripturam
983 520 1226 569 quoniam
1276 519 1478 569 quidem
1523 519 1706 558 restitui.
1766 559 1767 562 ,

238 576 407 615 Etenim
434 575 637 627 particula
663 574 868 624 quidem
897 589 1042 613 causae
1067 578 1146 613 uim
1171 575 1350 613 intendit
1377 588 1547 626 eamque
1574 576 1707 626 ipsam

241 645 402 672 causam
445 643 539 669 esse
580 630 736 668 indicat
773 630 883 676 (weil
924 634 1064 680 eben).
1117 632 1204 670 Cic.
1244 632 1295 670 ad
1333 633 1419 670 Att.
1460 633 1554 681 xli,
1594 630 1632 671 6.
1669 630 1707 671 1.

241 686 723 742 quoniamquidem
746 692 826 725 est
846 689 1035 726 missus
1059 688 1119 726 ad
1140 693 1205 729 te.
1231 689 1316 729 Cic.
1340 689 1380 726 in
1398 687 1708 738 Verr.11,1.22.
1768 686 1770 702 ²

355 746 388 796 ᾧ.
422 745 462 785 2.
522 742 696 794 legem
729 743 918 794 ipsam]
979 746 1078 783 Lex
1118 747 1240 796 ipsa
1280 750 1344 783 est
1376 744 1443 783 lex
1481 744 1534 783 de
1575 745 1708 795 magi-

242 804 437 842 stratibus
469 813 544 852 per
575 814 619 838 se
648 805 848 850 spectata,
891 803 946 839 ita
982 806 1026 840 ut
1056 804 1159 839 ratio
1191 815 1272 839 non
1312 802 1511 840 habeatur
1551 813 1708 849 eorum,

244 872 348 910 quae
380 857 473 908 lege
505 855 573 894 illa
605 858 917 906 contineantur;
946 856 1095 909 leges
1127 862 1262 897 autem
1296 860 1444 909 ipsae
1475 859 1509 908 ξ.
1541 858 1581 898 5.
1614 861 1712 895 sunt

241 914 358 966 leges
392 912 602 964 singulae,
644 914 790 964 quibus
829 913 1055 966 descriptio
1090 916 1350 953 contineatur
1381 917 1710 966 magistratuum.

243 973 357 1011 Bakii
392 972 628 1018 coniectura
659 969 741 1007 lex
771 971 942 1022 ipsius
982 985 1061 1009 non
1094 971 1215 1009 modo
1247 974 1511 1021 necessaria,
1553 970 1627 1008 sed
1657 983 1712 1008 ne

243 1027 469 1081 probabilis
502 1026 663 1078 quidem
697 1040 773 1078 per
803 1039 848 1064 se
889 1031 969 1067 est.
1030 1027 1121 1066 Alio
1164 1028 1340 1078 quodam
1383 1028 1503 1066 modo
1544 1025 1711 1078 legem

244 1087 409 1138 ipsam
444 1080 500 1124 ll.
535 1083 565 1134 ᾇ.
605 1081 666 1123 14.
698 1083 817 1132 dic-it3
851 1084 907 1121 ibi
939 1086 1046 1124 enim
1078 1086 1165 1139 ipsa
1196 1084 1262 1123 lex
1294 1086 1482 1137 opposita
1509 1089 1573 1122 est
1602 1083 1712 1121 laudi

244 1143 348 1194 ipsis
380 1141 541 1191 legibus
576 1140 920 1191 praemittendae,

363 1198 422 1236 de
462 1196 776 1246 religionum
819 1196 958 1248 lege]
1020 1197 1138 1247 Quod
1179 1198 1213 1248 ᾗ.
1261 1196 1321 1238 13.
1365 1196 1466 1235 dicit
1502 1198 1552 1235 in
1590 1194 1713 1234 reli-

247 1256 426 1307 gff‘onis
458 1251 579 1303 lege
613 1252 827 1301 fecisti,
859 1266 905 1291 ea
938 1265 1017 1291 non
1052 1256 1149 1291 satis
1183 1256 1291 1292 iusta
1330 1267 1448 1292 causa
1489 1259 1554 1290 est
1602 1253 1714 1290 eius-

251 1313 345 1351 dem
395 1310 718 1362 praepositionis
767 1311 888 1347 etiam
932 1310 977 1348 h.
1020 1308 1050 1347 l.
1102 1323 1192 1347 cum
1242 1310 1409 1347 Dauisio
1457 1309 1715 1348 inferendae.

250 1366 606 1419 Quemadmodum
640 1366 714 1414 in,
747 1379 825 1415 qua
857 1365 950 1402 data
985 1367 1199 1403 occasione
1219 1365 1319 1404 illud
1342 1367 1504 1415 fecerit,
1532 1365 1715 1404 indicat:
1775 1376 1778 1388 ²

248 1427 309 1464 ita
341 1423 400 1462 de
433 1421 631 1470 declarat,
664 1421 715 1460 ad
748 1434 866 1471 quam
896 1433 983 1458 rem
1013 1419 1197 1458 laudatio
1238 1420 1308 1458 illa
1347 1424 1567 1472 pertineat.
1607 1422 1715 1471 Nep.
1775 1420 1781 1476 ι’

252 1482 407 1521 Them.
434 1479 471 1519 2.
505 1479 771 1516 miserunt
802 1475 1032 1528 Delphos
1065 1476 1384 1528 consultum,
1416 1477 1541 1528 quid
1573 1477 1718 1515 face·
1776 1488 1779 1502 ¹

250 1543 377 1577 rent
407 1536 466 1574 de
498 1535 656 1572 rebus
689 1535 816 1572 suis.
1777 1574 1781 1584 ι

367 1598 420 1633 ut
453 1593 588 1630 enim
623 1590 885 1642 magistr]
948 1590 1068 1628 Ratio
1091 1591 1159 1629 his
1191 1591 1328 1629 uerbis
1353 1589 1542 1629 redditur
1561 1602 1718 1638 eorum,
1777 1589 1781 1599 '

253 1665 358 1703 quae
387 1648 665 1702 praecedunt3
701 1660 885 1699 quaeque
918 1647 1071 1685 deinde
1103 1653 1332 1698 sequuntur
1361 1660 1588 1698 uereque
1612 1646 1721 1685 dici

252 1712 431 1761 potest
462 1710 560 1755 cet.,
594 1705 717 1744 huius
749 1706 878 1756 ipsius
902 1705 1135 1743 sententiae
1155 1703 1428 1756 complendae
1452 1705 1533 1742 uim
1553 1704 1719 1741 habent.

254 1764 365 1804 Male
393 1765 518 1814 igitur
549 1762 672 1802 Goer.
702 1762 801 1800 Sch.
826 1761 932 1799 Mos.
958 1761 1027 1800 Or.
1059 1762 1195 1800 uerbis
1224 1766 1276 1799 ut
1307 1762 1442 1799 enim
1477 1784 1532 1789 —-
1563 1759 1720 1809 magi-

257 1826 470 1861 stratus
501 1819 742 1870 parenthesi
771 1818 1095 1868 circumscriptis
1127 1822 1304 1869 potest
1336 1817 1587 1856 deteriorum
1620 1828 1722 1867 quo-
1779 1814 1781 1827 ’

256 1878 430 1917 rundam
464 1875 585 1914 codd.
620 1876 864 1914 auctoritate
906 1876 1158 1925 omiserunt,
1200 1879 1245 1913 ut
1287 1875 1409 1912 uerba
1449 1887 1574 1912 uere
1615 1873 1723 1911 dici

256 1936 404 1974 itidem
438 1946 485 1971 ex
508 1934 634 1971 uerbo
660 1932 747 1971 uid
762 1933 865 1970 etis
884 1931 1130 1983 penderent.
1183 1932 1298 1969 Bakii
1318 1933 1555 1970 coniectura
1576 1942 1724 1968 uere-

263 2005 357 2044 que
399 1990 604 2029 dicitur
644 2002 720 2028 nec
761 1990 996 2027 necessaria
1037 1993 1102 2026 est
1142 1993 1186 2026 et
1226 1989 1331 2026 hanc
1373 1989 1452 2026 uim
1495 1988 1645 2037 habet,
1680 1991 1726 2024 ut

258 2050 362 2088 haec
408 2049 666 2097 Stoicorum,
710 2059 810 2097 quos
861 2047 1070 2096 sequitur,
1121 2044 1310 2084 uideatur
1360 2057 1453 2083 esse
1502 2044 1725 2083 sententia.

261 2109 391 2155 Quam
436 2117 632 2154 nusquam
682 2107 819 2140 tamen
860 2102 1012 2140 Stoicis
1063 2103 1184 2139 tribui
1232 2103 1400 2139 memini
1451 2107 1493 2139 et
1542 2102 1591 2138 ab
1634 2101 1724 2150 ipso

261 2163 463 2201 Cicerone
504 2167 604 2211 puto
645 2171 876 2209 expressam
922 2169 1014 2195 esse
1058 2157 1107 2194 ad
1156 2158 1426 2194 imitationem
1466 2157 1575 2194 illius
1625 2155 1725 2193 dicti

261 2216 515 2260 Aristotelici
569 2215 646 2269 (de
687 2217 777 2253 Art.
818 2216 928 2265 poet.
972 2214 1125 2263 xxvi,
1167 2213 1204 2254 2.
1242 2227 1280 2265 p.
1324 2213 1392 2253 71.
1435 2214 1499 2251 ed.
1539 2210 1727 2266 Herm),

262 2279 524 2330 picturam
568 2286 683 2310 esse
725 2272 915 2323 poesin
959 2272 1206 2321 tacitam,
1250 2271 1510 2323 picturam
1552 2274 1725 2308 autem

261 2333 452 2387 poesin
480 2330 803 2381 loquentem.

380 2389 413 2439 ξ.
446 2387 484 2428 3.
547 2387 655 2426 (1ίεί
689 2382 948 2434 intelligi
982 2382 1116 2434 uolo]
1178 2383 1292 2421 Haec
1333 2395 1408 2433 ego
1451 2387 1546 2434 post
1584 2381 1727 2433 Steph.

268 2447 382 2486 Man.
420 2446 593 2483 Lbinum
642 2456 691 2481 ex
747 2443 983 2480 melioribus
1021 2440 1142 2478 codd.
1184 2440 1323 2491 recepi
1364 2453 1453 2478 cum
1492 2439 1618 2488 Gzio,
1662 2439 1729 2489 qui

270 2504 396 2542 uerba
426 2499 562 2542 nihil
594 2499 740 2540 aliud
763 2497 893 2537 obelis
919 2500 1095 2547 notauit,
1121 2501 1163 2535 et
1185 2511 1274 2535 cum
1300 2496 1441 2546 Bakio,
1466 2496 1532 2547 qui
1555 2494 1728 2534 deleuit.

271 2561 491 2599 Correctos
532 2557 700 2596 codices
753 2558 884 2595 secuti
929 2556 1037 2593 Uict.
1087 2555 1186 2594 Dau.
1238 2554 1428 2592 Moserus
1477 2553 1731 2603 scripserunt

269 2617 394 2666 dici,
426 2613 725 2654 nihilaliud
756 2610 998 2663 intelligi
1026 2611 1158 2661 uolo,
1191 2611 1290 2650 Ern.
1314 2611 1457 2661 Wagn.
1482 2609 1729 2647 Schuetzius

276 2675 388 2713 dici
419 2671 665 2723 nihilque
696 2670 841 2710 aliud
868 2670 956 2709 int.
993 2667 1124 2710 uolo.
1186 2667 1272 2707 Sed
1311 2665 1418 2705 solet
1448 2666 1592 2703 Cicero
1631 2678 1732 2717 quo-

272 2730 395 2770 modo
426 2730 484 2778 id,
518 2728 627 2780 quod
655 2730 866 2780 posuerit,
900 2725 1077 2777 intelligi
1109 2726 1212 2764 uelit
1242 2725 1541 2775 significaturus
1572 2721 1733 2773 simpli-

271 2792 376 2827 citer
396 2787 438 2827 id
461 2786 690 2837 declarare,
713 2798 793 2824 non
815 2783 977 2838 quiduis
1000 2782 1111 2822 aliud
1135 2780 1366 2821 excludere.
1419 2779 1481 2819 Cf.
1507 2779 1546 2829 1,
1572 2779 1635 2820 12.
1661 2777 1731 2819 33.
