1781 3192
368 210 527 249 Limen
557 207 860 248 SECUNDUS.
909 207 1010 248 Car.
1041 206 1150 247 xlx,
1406 205 1497 244 209

34 325 247 364 moueri.
309 324 407 362 Sine
447 335 565 360 causa
605 325 647 360 et
688 322 915 359 omiserunt
953 321 1032 357 ista
1071 332 1162 370 cum
1214 318 1318 357 dett.
1369 317 1489 357 codd.

35 383 144 421 Uict.
187 381 296 419 Man.
340 380 579 431 Zumptius,
621 383 663 416 et
704 376 934 428 paullum
985 376 1036 413 de
1087 377 1195 414 coni.
1245 373 1494 413 addiderunt

36 440 176 478 Lamb.
211 438 308 475 Ern.
343 436 511 486 Wagn.,
551 439 594 472 et
633 435 898 471 coniecerunt
936 431 1113 483 denique
1141 432 1241 471 Dau.
1272 436 1315 469 et
1343 430 1493 470 Bakius

38 497 120 547 qui
151 493 298 531 modo
330 492 536 542 ingenio
568 493 641 528 sit
672 489 940 528 mediocri.

151 560 311 609 scias]
388 560 563 610 Propter
615 557 932 610 praecedentem
982 555 1228 593 sententiam
1278 553 1494 592 relatiuam

38 618 122 669 qui
154 615 297 653 modo
330 637 380 642 —
415 616 589 666 possit
619 614 924 665 exspectaueris
963 625 1060 650 sane
1105 609 1215 662 quod
1255 609 1306 647 de
1339 611 1494 648 Dauisii

36 672 138 711 coni.
171 670 317 721 reliqui
351 674 626 722 seripserunt,
659 673 809 710 sciat.
871 669 1022 706 [lerum
1047 669 1085 705 in
1110 667 1197 706 eod.
1217 665 1325 705 arch.
1353 667 1495 704 scias

35 728 164 767 fuisse
196 728 377 765 codicum
412 740 637 765 consensus
669 728 817 777 arguit.
878 724 996 775 Quod
1020 724 1142 762 Bakio
1175 724 1381 761 assentior
1412 733 1495 759 non

36 796 130 823 esse
158 784 481 835 repudiandum,
524 785 615 834 quia
654 796 730 821 nec
770 787 907 820 certus
951 781 1111 831 quidam
1152 779 1227 818 sed
1267 779 1496 830 quicunque

34 842 156 879 homo
196 842 440 891 pronomine
482 841 523 878 h.
555 839 583 877 l.
627 838 845 876 denotatur
886 844 928 877 et
966 837 1152 888 pluribus
1192 836 1328 873 uerbis
1363 836 1497 872 inter-

34 898 155 935 iectis
198 897 348 934 tertiae
386 909 587 948 personae
627 897 825 933 memoria
865 896 920 933 ita
958 895 1210 942 obscuratur,
1252 897 1295 929 ut
1326 890 1497 929 alteram

35 954 288 991 substituere
319 952 420 990 nihil
453 952 668 990 molestiae
699 952 858 991 habeat.
921 949 985 988 Cf.
1029 950 1114 987 Cic.
1145 948 1196 987 de
1227 947 1299 986 Or.
1338 943 1396 997 ll,
1426 945 1496 987 67.

34 1007 133 1051 269.
167 1008 525 1047 dissimulatio
559 1015 666 1057 est,
697 1021 802 1045 eum
846 1004 950 1044 alia
992 1005 1245 1043 dicuntur
1285 1017 1339 1041 ac
1379 1015 1497 1040 sen-

33 1067 152 1104 tias.
227 1064 356 1103 Aliam
402 1066 451 1103 ob
493 1077 653 1102 causam
693 1062 845 1101 leuiter
887 1062 1043 1099 deflexa
1081 1063 1268 1098 oratione
1311 1073 1332 1097 a
1374 1059 1498 1096 tertia

32 1134 208 1175 persona
238 1121 404 1158 transiit
435 1120 485 1158 ad
509 1119 729 1158 secundam
755 1119 807 1156 de
831 1119 911 1156 Off.
930 1117 978 1168 ll,
1012 1117 1077 1156 11.
1101 1115 1168 1156 39.
1197 1114 1248 1170 (h
1265 1116 1319 1153 ab
1337 1119 1419 1153 eat
1441 1137 1496 1142 ——

31 1180 176 1217 feras
206 1204 217 1216 .

147 1174 308 1278 ἐῙΧ.
370 1231 401 1282 ξ.
433 1230 500 1272 47.
570 1229 973 1281 iurisconsulti]
1036 1228 1248 1268 correctio
1288 1227 1389 1266 haee
1433 1231 1497 1266 est

34 1289 171 1329 mendi
218 1287 640 1326 iurisconsultus
692 1288 927 1326 necessaria
968 1291 1010 1324 et
1047 1287 1219 1337 probata
1267 1285 1314 1322 ab
1364 1285 1496 1322 omni-

33 1348 141 1396 bus3
191 1344 267 1383 sed
305 1344 448 1397 Steph.
489 1344 589 1384 Dau.
633 1344 736 1383 Mos.
779 1343 903 1382 Bakio
945 1343 1129 1394 exceptis
1171 1341 1320 1392 reliqui
1357 1342 1497 1379 iure-

35 1401 284 1442 consulti.

149 1481 231 1507 ars
264 1471 348 1507 est
379 1466 558 1520 etiam]
618 1466 738 1517 Est,
778 1464 885 1518 quod
916 1463 1037 1503 codd.
1071 1465 1316 1504 auctoritate
1347 1463 1496 1503 Bakius

38 1539 84 1565 se
124 1527 335 1577 recepisse
376 1524 477 1563 dicit
514 1521 581 1578 (et
623 1528 717 1561 ante
758 1526 1002 1574 receperant
1033 1522 1170 1561 Lamb.
1205 1526 1248 1559 et
1278 1518 1497 1575 Schuetz.)

36 1583 270 1622 coniectura
313 1585 376 1618 est
405 1585 563 1619 tentata
593 1581 636 1617 in
667 1578 789 1617 codd.
824 1575 858 1623 β
888 1585 930 1615 et
958 1576 1028 1628 96,
1060 1577 1135 1615 sed
1167 1590 1214 1615 ea
1243 1573 1498 1627 necessaria,

35 1641 128 1690 quia
158 1651 206 1675 ex
236 1635 512 1689 praecedente
542 1634 685 1687 copula
716 1635 845 1673 audiri
875 1648 955 1672 non
988 1638 1129 1686 potest
1156 1634 1325 1672 uerbum
1346 1661 1359 1682 ‚
1390 1626 1499 1683 qdod

36 1695 193 1744 dicunt,
224 1694 491 1731 substantiae.
552 1693 608 1730 Ac
638 1690 772 1729 facilis
795 1691 874 1729 fuit
896 1692 983 1728 eius
1011 1690 1177 1728 omissio
1205 1695 1302 1728 ante
1325 1691 1497 1729 etiam.

35 1749 124 1790 Alia
155 1754 221 1788 est
249 1750 355 1787 ratio
382 1747 462 1786 loci
494 1748 522 1788 l.
556 1748 591 1799 ᾗ.
622 1747 690 1789 23.

147 1818 198 1854 in
230 1816 328 1854 hoc
359 1817 471 1867 ipso
502 1826 693 1866 genere
724 1827 783 1853 sc.
814 1812 866 1851 de
898 1815 1024 1852 sacris
1053 1814 1283 1866 perpetuis.

152 1881 456 1933 Scaeuolae]
520 1882 565 1920 ln
606 1882 740 1921 Mucia
783 1885 905 1932 gente
947 1885 1033 1918 tres
1070 1882 1329 1932 potissimum
1371 1880 1498 1919 Scae-

39 1937 156 1977 uolae
197 1943 293 1976 sunt
328 1938 549 1989 nobilitati,
590 1937 635 1978 P.
677 1938 835 1976 Mucius
877 1935 1099 1986 Scaeuola,
1141 1950 1225 1976 cos.
1256 1951 1293 1975 a.
1326 1951 1364 1977 u.
1397 1936 1498 1978 621.

39 1997 208 2046 eiusque
239 1992 346 2032 filius
377 1996 427 2044 Q.
487 1995 649 2033 Mucius
693 1992 913 2042 Scaeuola,
955 2005 1037 2032 cos
1078 2006 1115 2031 a.
1148 2005 1186 2032 u.
1219 1992 1317 2043 659,
1358 1994 1499 2044 ponti-

37 2052 138 2090 fices
168 2051 286 2089 ambo
317 2050 524 2102 iidemque
555 2051 654 2088 iuris
677 2050 936 2102 peritissimi,
969 2055 1091 2100 atque
1114 2050 1162 2099 Q.
1186 2049 1347 2088 Mucius
1368 2051 1497 2089 Scae-

38 2107 133 2146 uola
163 2119 310 2157 augur,
342 2119 426 2146 cos,
455 2120 489 2147 a.
522 2120 557 2147 u.
591 2106 687 2147 637.

152 2174 328 2225 saepe]
388 2174 520 2212 Praua
552 2179 616 2211 est
645 2174 847 2212 correctio
879 2171 1002 2210 codd.
1034 2171 1283 2210 deteriorum
1317 2176 1389 2221 at,
1423 2173 1499 2210 in-

39 2231 151 2282 quit
179 2243 201 2268 a
232 2230 345 2269 Uict.
379 2229 523 2282 Steph.
555 2231 662 2270 Mos,
696 2230 766 2269 Or.
807 2235 987 2280 recepta.
1044 2227 1159 2267 Nihil
1188 2229 1231 2268 h.
1261 2227 1288 2269 l.
1321 2243 1344 2266 a
1373 2229 1499 2267 Scae-

37 2286 133 2326 uola
172 2287 385 2336 obiicitur,
438 2286 547 2337 quod
596 2287 647 2324 ad
685 2287 816 2325 Marci
862 2285 1229 2336 reprehensionem
1270 2286 1499 2337 pertineat3

40 2342 117 2382 sed
148 2341 388 2394 explicatius
421 2342 754 2393 reprehendendi
783 2354 904 2380 causa
933 2340 1138 2381 redditur.
1199 2342 1353 2380 Merito
1374 2343 1501 2392 igitur

39 2398 186 2451 reliqui
219 2403 386 2450 praeter
416 2398 586 2437 Bakium
620 2411 669 2437 ex
700 2396 916 2436 meliorum
937 2397 1059 2437 codd.
1092 2397 1242 2436 mendo
1275 2411 1361 2436 sae
1387 2403 1498 2446 (nam

39 2454 179 2494 littera
210 2467 229 2492 s
260 2454 530 2506 praecedenti
570 2453 766 2494 uocabulo
805 2453 1011 2501 adhaesit)
1049 2455 1277 2493 effecerunt
1323 2467 1501 2506 saepe.

40 2510 180 2553 Altera
212 2510 395 2549 aduerbii
426 2510 582 2561 syllaba
612 2513 804 2563 absorpta
826 2515 905 2550 est.
965 2510 1169 2550 Similiter
1197 2524 1290 2549 mox
1313 2511 1354 2548 in
1378 2510 1498 2550 codd.

40 2567 281 2607 melioribus
315 2572 380 2605 est
412 2573 620 2620 sempet
647 2581 720 2620 pro
752 2579 959 2620 semper
990 2572 1060 2618 et,
1101 2573 1223 2619 atque
1256 2563 1333 2605 ΙΙΙ.
1362 2567 1395 2618 §.
1429 2566 1501 2607 43.

40 2626 84 2663 iu
125 2624 227 2664 dett.
269 2637 322 2662 se
360 2637 434 2676 pro
471 2637 650 2676 saepe.
711 2624 777 2663 Cf.
820 2624 952 2676 praef.
993 2637 1033 2677 p.
1065 2624 1186 2663 XVll.
1227 2624 1398 2674 Bakius‚
1432 2625 1499 2674 qui

42 2681 206 2731 merito,
237 2693 333 2719 num
365 2684 414 2718 at
446 2692 588 2719 uerum
621 2686 750 2732 esset,
784 2679 1008 2732 dubitauit,
1045 2693 1188 2733 parum
1219 2687 1335 2719 recte
1363 2685 1501 2718 tamen

41 2737 141 2775 hoc
171 2735 496 2787 commendauit3
528 2736 715 2776 Handius
747 2737 869 2777 Turs.
902 2733 933 2779 l.
965 2751 1005 2791 p.
1035 2736 1134 2780 424.
1175 2737 1420 2777 coniunctim
1455 2739 1502 2772 at

44 2805 224 2846 saepe,
256 2795 441 2846 inquit.

1232 2861 1282 2897 14
