1781 3192
482 212 633 250 tumn
670 211 888 249 PRIMUS.
937 210 1034 248 CAr.
1062 208 1144 248 ΧΙΙ.
1489 204 1542 240 61

81 326 469 366 obscuritates.
499 325 551 362 de
584 324 682 373 Leg.
717 324 746 371 Ι,
786 323 845 362 11.
882 322 947 363 32.
1021 322 1206 371 Denique
1247 319 1368 357 uerba
1412 317 1545 354 unde

81 390 159 421 est
191 382 313 434 (uide
345 381 540 431 deinceps
572 378 804 432 disputata)
836 381 981 417 iniuria
1013 383 1135 428 negat
1163 376 1308 414 referri
1343 387 1463 424 posse
1495 374 1541 410 ad

81 439 178 478 illud
213 439 394 477 Socratis
429 438 599 475 dictum.
659 436 767 485 Quid
793 441 858 473 est
880 437 1006 483 enim,
1041 448 1110 472 cur
1132 432 1239 471 illius
1262 432 1543 482 Pythagoreae

83 498 194 534 uocis
226 495 338 543 origo
370 507 450 531 non
485 499 695 544 repetatur
728 492 838 541 inde,
871 491 977 539 quod
1011 489 1168 528 utilitas
1205 504 1225 527 a
1258 491 1346 526 iure
1378 500 1457 525 non
1492 487 1546 523 sit

83 550 349 602 seiungenda.
420 551 518 587 [Nam
573 550 622 587 ad
680 551 783 587 hanc
831 550 964 598 potius
1014 548 1283 594 seutentiam,
1335 557 1451 595 (piam
1495 542 1541 580 ad

81 611 208 659 ipsam
237 607 416 644 Socratis
451 607 775 644 exsecrationem
809 607 886 643 ista
917 606 1163 642 reseruntur.
1227 603 1441 639 Postremo
1467 613 1544 638 uo-

81 677 182 702 cem
216 676 297 701 non
331 664 387 700 ita
419 677 507 699 raro
539 676 630 699 esse
663 662 806 701 dictu
823 675 859 698 m
903 661 1182 711 (Ausspruch)
1222 664 1413 710 poterant
1454 671 1544 695 eum

80 720 229 758 docere
258 718 333 756 loci
368 721 414 756 ab
455 720 543 769 ipso
583 718 736 757 laudati
779 718 831 756 de
863 719 929 755 Or.
961 714 1042 767 ΙΙΙ,
1077 717 1116 757 6.
1150 717 1216 756 21.
1250 716 1336 752 Cat.
1382 715 1465 752 Mai
1507 712 1546 762 9,

80 779 145 816 27.
198 776 314 814 Adde
348 775 441 813 Luci
496 775 560 824 11,
594 776 662 815 37.
734 775 918 825 Denique
964 775 1264 812 sententiarum
1313 772 1463 808 seriem
1513 771 1547 806 si

80 834 411 880 consideramus,
458 832 579 869 uerba
620 837 874 882 recteque
915 832 1160 869 Socrates
1201 852 1251 857 —
1293 827 1429 866 unde
1472 832 1548 864 est

81 890 174 927 illa
207 889 538 939 Pytha-gorea
572 901 664 925 uox
695 902 772 925 non
810 887 930 925 modo
963 899 1041 924 non
1068 886 1286 937 superflua,
1319 884 1392 922 sed
1424 885 1547 921 etiam

82 951 251 997 propter
275 946 411 993 uerba,
445 957 545 994 quae
578 950 816 994 sequuntur,
849 958 906 981 ex
938 957 1030 993 quo
1063 943 1410 994 perspicitur,
1444 953 1547 977 cum

81 1004 214 1039 lianc
249 1001 682 1038 beneuolentiam
718 1007 816 1038 tam
850 1000 1006 1050 longe
1045 998 1256 1049 lateque
1300 997 1548 1035 diffusam

80 1073 124 1096 ac
165 1058 388 1107 deinceps:
438 1056 563 1107 quid
618 1062 697 1094 est
744 1059 902 1106 enim,
953 1055 1083 1106 quod
1133 1055 1391 1104 disserat,
1445 1066 1549 1091 cum

79 1122 266 1152 cuncta
307 1115 411 1150 sint
454 1110 626 1163 paria?
666 1115 899 1150 necessaria
945 1118 1054 1150 sunt.
1123 1113 1214 1150 Non
1261 1113 1368 1149 enim
1419 1110 1548 1147 iuris

79 1169 302 1218 uocabulo,
345 1168 386 1206 id
432 1167 540 1218 quod
580 1170 769 1220 opinatus
817 1174 881 1206 est
919 1167 1090 1217 Bakius,
1141 1181 1229 1206 cum
1278 1167 1381 1205 haec
1427 1166 1550 1204 uerba

79 1228 216 1264 statim
251 1224 508 1275 adiungenda
541 1237 635 1262 esse
667 1225 769 1263 dixit
799 1224 879 1262 illis
919 1227 1001 1262 ius
1044 1225 1208 1274 igitur
1246 1224 1422 1261 datum
1465 1226 1549 1260 est

77 1283 333 1331 omnibus,
365 1279 681 1319 beneuolentiae
727 1282 786 1319 uis
825 1284 881 1319 ita
923 1278 1180 1331 declaratur,
1224 1284 1267 1318 ut
1308 1279 1550 1332 simpliciter

80 1339 268 1377 denotari
300 1340 433 1390 possit
465 1337 747 1378 monstrando.

191 1410 212 1433 a
245 1395 377 1445 iure]
440 1394 552 1442 Quae
593 1394 725 1432 adhuc
770 1393 931 1445 uulgata
971 1399 1035 1432 est
1083 1395 1342 1443 coniectura,
1392 1396 1549 1430 tentata

78 1453 223 1490 iamin
256 1450 378 1489 codd.
411 1452 446 1504 β
488 1457 529 1487 et
568 1452 635 1490 Dr.
675 1451 714 1490 2.
761 1455 800 1498 (a
837 1457 1033 1495 natura)
1078 1464 1277 1501 quamque
1318 1450 1549 1487 confirmari

80 1509 297 1558 opinantur
335 1509 471 1545 uerbis
515 1519 535 1543 a
580 1512 765 1544 natura
803 1505 952 1555 leges
997 1512 1048 1544 et
1100 1508 1214 1545 iura
1261 1508 1548 1555 seiungere

81 1565 116 1614 ᾗ.
150 1563 244 1612 35.,
288 1576 336 1600 ea
378 1575 517 1613 parum
558 1562 781 1614 probabilis
821 1569 898 1601 est.
968 1564 1122 1600 Natura
1163 1562 1324 1614 quidem
1378 1563 1436 1600 sic
1485 1569 1550 1599 est

79 1626 380 1670 comparatum,
425 1626 467 1657 ut
513 1619 668 1657 utilitas
707 1632 796 1657 cum
841 1621 953 1656 inre
995 1619 1083 1667 uel,
1125 1619 1462 1668 quemadmodum
1498 1618 1550 1656 de

77 1676 153 1714 off.
189 1676 261 1724 ΙΙΙ,
306 1674 346 1715 3.
386 1677 448 1715 11.
484 1677 565 1724 ait,
607 1689 695 1713 cum
738 1676 1019 1713 honestate
1059 1676 1289 1716 cohaereat.
1358 1678 1469 1725 Quae
1515 1676 1548 1712 si

77 1736 367 1780 secernuntur,
411 1745 490 1770 nou
531 1736 610 1769 tam
652 1730 807 1769 utilitas
849 1745 868 1768 a
902 1738 1066 1781 natura,
1118 1746 1234 1782 quam
1279 1747 1300 1770 a
1343 1735 1431 1771 iure
1481 1732 1547 1769 uel

77 1789 296 1825 honestate
338 1789 591 1837 secernitur,
635 1794 676 1826 ut
716 1801 796 1825 non
840 1788 946 1825 idem
993 1790 1045 1825 sit
1088 1788 1201 1838 utile,
1243 1789 1348 1839 quod
1396 1791 1545 1826 iustum

77 1850 143 1881 aut
175 1845 409 1881 honestum.
470 1845 600 1894 Atque
644 1845 835 1893 etiamsi,
875 1846 966 1894 quia
1008 1850 1049 1882 et
1083 1844 1236 1883 utilitas
1270 1853 1311 1884 et
1352 1848 1414 1884 ius
1446 1859 1545 1896 pro-

77 1902 274 1938 ficiscitur
315 1913 335 1936 a
377 1905 546 1948 natura,
587 1900 726 1937 dicere
771 1913 914 1951 posses
959 1902 1038 1938 ius
1082 1916 1102 1939 a
1139 1907 1326 1940 natura
1368 1904 1546 1940 seiun-

78 1968 224 2006 gere,
271 1961 313 1992 ut
352 1955 506 1994 utilitas
542 1970 563 1993 a
600 1958 731 2008 prima
782 1962 948 1994 naturae
998 1959 1298 1997 constitutione
1347 1960 1547 1997 recedere

78 2012 302 2060 uideretur,
336 2018 468 2049 tamen
505 2015 636 2050 iuris
669 2014 805 2062 notio,
840 2025 941 2063 quae
973 2014 1206 2064 antecedit,
1246 2015 1381 2065 paullo
1411 2017 1547 2054 inten-

77 2069 156 2106 tior
188 2068 414 2117 flagitaret,
461 2074 503 2106 ut
535 2070 717 2107 Socratis
757 2068 859 2106 illud
892 2069 1044 2107 dictum
1078 2070 1128 2108 ad
1159 2071 1269 2110 illam
1303 2074 1544 2112 referretur.

76 2126 336 2174 Quapropter
382 2138 462 2162 non
507 2125 690 2163 dubitaui
730 2127 940 2176 recipere,
985 2126 1094 2175 quod
1137 2128 1324 2166 Dauisius
1364 2142 1411 2166 ex
1453 2131 1544 2168 cod.

74 2180 182 2218 arch.
215 2181 365 2218 mendo
397 2186 588 2219 nature
620 2183 824 2232 expressit
855 2195 902 2220 ac
932 2194 1062 2233 nuper
1089 2184 1306 2235 Zumptius
1340 2187 1542 2236 probauit,

76 2251 94 2273 a
144 2237 287 2285 iure3
344 2236 465 2288 idque
515 2236 581 2275 uel
630 2238 859 2276 Clementis
906 2237 1044 2277 Alexr.
1102 2242 1238 2279 uerbis
1289 2244 1439 2282 strom,
1490 2239 1543 2282 ΙΙ.

72 2301 223 2355 ῃ,499,
259 2290 565 2353 (Κλεάνθης
601 2294 657 2340 ἐν
695 2295 767 2358 τῷ
804 2295 1032 2358 δευτέρῳ
1070 2299 1184 2356 περὶ
1224 2294 1417 2358 ἡδονῆς
1453 2297 1544 2346 τὸν

75 2357 377 2422 Σωκράτην
413 2363 707 2426 φησὶ-τῷ
745 2359 937 2426 πρώτῳ
977 2361 1205 2411 δτελόνττ
1243 2363 1300 2413 τὸ
1335 2367 1546 2414 δίκαιον

72 2423 175 2473 ἀπὸ
221 2431 315 2474 τοῦ
353 2429 714 2489 συμφέροντος
751 2432 1119 2492 καταρᾶσθαι,
1167 2429 1237 2479 ὡς
1269 2429 1453 2493 ἀσεβές
1491 2454 1536 2482 τι

71 2497 288 2556 πρᾶγμα
327 2495 657 2558 δεδρακότῑ);
689 2508 754 2547 uel
783 2510 1245 2564 '1¹heodoreti'l‘herap.
1277 2515 1344 2553 ΧΙ.
1377 2529 1419 2567 p.
1448 2515 1542 2557 153.

70 2559 144 2617 (Ὁ
185 2562 481 2626 Σωκράτης
520 2561 727 2624 ἀσεβεῖς
761 2561 1005 2624 ὠνόμαζε
1034 2567 1156 2617 τοὺς
1183 2567 1239 2616 τὸ
1269 2572 1544 2632 συμφέρον

71 2633 163 2678 τοῦ
199 2634 412 2680 δυίαίου
448 2633 802 2694 χωρῖἇονῒαέ)
826 2642 1066 2700 (utrumque
1089 2649 1221 2688 locum
1245 2651 1434 2689 Dauisius
1452 2651 1543 2689 lau-

73 2697 206 2753 dauit)
227 2703 457 2740 confirmari
483 2703 662 2741 uidetur.
715 2703 884 2753 Lbinus,
916 2707 981 2755 qui
1008 2708 1063 2744 ab
1093 2707 1379 2745 honestate
1412 2709 1541 2757 scrip-

72 2755 151 2804 sit,
193 2764 396 2808 ¹'t'pertum
442 2758 541 2797 illud
588 2762 625 2798 in
670 2759 760 2798 cod.
803 2771 863 2809 α,
903 2775 924 2798 u
963 2762 1148 2801 codicum
1190 2765 1376 2815 uestigiis
1419 2765 1540 2801 nimis

72 2809 193 2862 longe
226 2817 410 2856 recessit.
