1781 3192
428 195 584 233 LiBER
620 193 921 232 SECUNDUS.
974 194 1072 233 mv.
1109 193 1174 232 ΙΙΙ.
1459 193 1545 231 129

199 307 452 344 familiam
487 306 777 357 patriciam]
843 304 950 342 Male
990 305 1112 344 Goer.
1151 309 1195 342 et
1236 304 1333 342 sch.
1376 307 1543 355 patri·

84 366 204 402 ciam
241 363 516 411 familiam,
557 363 667 412 quasi
711 374 808 398 nero
854 363 1021 411 patricia
1065 366 1296 412 opponatur
1341 360 1542 410 plebeiae.

84 421 127 459 ln
159 421 369 471 patriciam
404 425 536 456 antem
570 416 764 455 familiam
802 418 1002 454 Fibrenus
1036 419 1212 454 transire
1245 418 1412 465 dicitur,
1453 419 1543 467 quia

86 478 189 513 Liris
233 476 410 512 Fibreno
450 474 626 512 nobilior
666 478 768 510 erat.
840 474 1044 510 Peruerse
1087 473 1239 510 deinde
1281 473 1428 511 Bakins
1473 485 1544 524 pro

86 533 296 570 uenerit
327 531 587 568 commendat
618 530 848 567 ueniret.
881 552 933 556 ——
968 531 1011 566 in
1048 528 1281 566 Phaedro
1313 543 1354 580 p.
1380 529 1546 568 23118.

199 589 232 636 ξ.
268 588 304 626 7.
376 587 494 629 huic
534 587 886 633 amoenitati,
931 585 1100 634 quem]
1183 585 1308 622 Prana
1349 592 1413 622 est
1455 586 1545 623 eod.

86 645 194 681 arch.
243 644 443 693 scriptura
485 655 627 692 qnam
671 656 690 678 a
729 642 830 678 Gzio
875 643 1054 690 probata.
1131 641 1230 678 Nam
1273 642 1338 689 qui
1381 642 1546 678 tandem

85 701 252 738 Fibreni
289 704 330 736 et
363 698 470 736 illius
504 697 659 735 insulae
693 699 1007 745 amoenitatem,
1048 709 1165 746 quam
1211 702 1251 732 et
1292 708 1413 746 saepe
1456 704 1547 732 ante

88 756 251 794 uiderat
292 762 333 791 et
372 760 465 791 tunc
506 757 634 804 ipsum
677 767 764 790 cum
802 755 952 800 Quinto
995 760 1036 789 et
1067 753 1201 789 Attico
1248 755 1457 799 cernebat,
1499 764 1545 787 ex

88 814 238 861 Quinto
283 823 327 848 se
369 811 508 847 audire
547 816 707 860 poterat
743 807 916 846 ‹iia-ere?
959 810 1042 846 Nec
1085 821 1181 845 nero
1223 808 1445 858 probabilis
1488 812 1552 845 est

91 869 261 907 Manutii
295 868 400 904 coni.
434 865 884 916 quemadmodum,
926 878 1028 915 qnae
1070 864 1206 902 Lamb.
1249 863 1344 901 Sch.
1384 864 1551 902 Mosero

91 924 257 976 placuit,
299 928 369 960 aut
409 922 593 959 eiusdem
627 922 800 959 Manutii
848 928 889 958 et
922 921 1033 958 Bakii
1064 921 1263 957 correctio
1295 925 1552 969 quantum.

89 983 188 1018 Nam
219 993 307 1017 cum
341 980 522 1027 Marcus,
566 978 660 1028 qnid
694 979 780 1027 ipse
823 979 1016 1027 opinetur
1056 974 1295 1027 (opinor,
1335 988 1552 1013 conces-

90 1033 275 1087 serit),
317 1036 449 1084 dicat,
490 1047 569 1071 non
613 1040 753 1084 potest
794 1032 917 1070 simul
949 1034 1090 1081 Quinti
1121 1045 1167 1068 ea
1195 1031 1247 1067 ‹le
1279 1043 1323 1068 re
1354 1031 1551 1070 iudicium

91 1096 304 1143 spectare3
348 1097 588 1139 qnantum
634 1095 768 1126 autem
810 1102 888 1138 quo
933 1091 1065 1125 minus
1097 1088 1341 1136 probemus,
1385 1086 1450 1124 uel
1481 1087 1555 1124 ad-

92 1148 276 1186 nerbium
320 1158 476 1196 saepe
527 1148 677 1182 obstat.
753 1145 881 1182 Recte
921 1146 998 1182 iam
1040 1144 1141 1180 Dan.
1186 1142 1291 1181 uidit
1328 1155 1553 1192 pronomen

92 1204 140 1241 ad
175 1202 392 1252 Thyamim
430 1202 575 1238 referri
608 1206 816 1251 oportere,
850 1214 970 1250 quem
1015 1212 1120 1236 anno
1153 1197 1250 1238 693.
1295 1200 1373 1236 sibi
1415 1201 1556 1247 incog-

91 1262 221 1298 nitum
254 1259 384 1296 fnisse
417 1257 580 1295 Marcus
624 1259 714 1308 ipse
752 1258 895 1294 scribit
929 1257 978 1294 ad
1011 1256 1091 1292 Att.
1116 1254 1153 1302 Ἰ,
1194 1253 1254 1294 16.
1295 1254 1354 1293 17.
1386 1261 1428 1292 et
1459 1261 1556 1292 tunc

93 1317 132 1354 ei
170 1328 252 1353 non
292 1316 497 1364 cognitum
538 1313 668 1350 fnisse
709 1312 923 1363 probabile
972 1316 1047 1350 est.
1114 1311 1237 1348 Cuius
1279 1311 1557 1349 coniecturam

93 1385 242 1424 quem
276 1372 403 1408 miror
435 1384 456 1408 a
486 1371 653 1407 nemine
684 1371 763 1406 nisi
800 1382 818 1405 a
854 1369 1001 1406 Ratliio
1034 1379 1126 1404 esse
1161 1367 1389 1416 probatam.
1452 1368 1559 1405 Sen-
1669 1398 1674 1399 γ

95 1429 226 1467 tentia
258 1426 420 1476 quidem
437 1419 664 1463 Ἰῆἷέἷεεῑε
697 1418 826 1474 „liuic
856 1425 1090 1462 amoenitati
1118 1421 1234 1470 nibil,
1267 1423 1426 1472 opinor,
1459 1435 1559 1460 con·-

96 1485 276 1522 cesserit
306 1483 501 1531 Thyamis
533 1482 725 1531 Epirotes
767 1487 860 1518 tuus
893 1479 978 1527 ille,
1012 1479 1064 1516 de
1096 1490 1174 1528 quo
1208 1478 1400 1525 Quintum
1434 1489 1560 1528 saepe

95 1540 333 1590 loquentem
368 1538 538 1575 audio‘4.
599 1538 702 1574 Ram
743 1538 931 1574 andire
970 1534 1114 1572 eodem
1157 1533 1280 1570 modo
1322 1539 1561 1585 usurpatum

98 1602 164 1634 est
185 1600 306 1645 atque
337 1593 560 1644 legendi
593 1594 757 1630 uerbum
787 1594 815 1641 i,
843 1593 874 1642 ἡ.
903 1591 939 1631 1.
963 1588 1139 1643 (lucus
1161 1588 1366 1638 quidem
1390 1590 1562 1627 ille-—

96 1663 257 1701 saepe
300 1663 320 1687 a
361 1663 435 1687 me
477 1650 652 1687 lectus
692 1650 743 1686 in
786 1645 1003 1699 Mario),
1040 1647 1112 1699 Ac.
1147 1645 1196 1694 ll,
1238 1644 1274 1684 3.
1310 1644 1348 1684 ὅ.
1390 1643 1563 1699 (quam

98 1719 403 1758 quemquam
438 1718 638 1753 eorum,
673 1718 799 1755 quos
833 1707 859 1742 i.
894 1717 928 1742 e.
963 1704 1015 1740 de
1047 1702 1194 1752 quibus
1232 1699 1488 1754 legisset)
1521 1706 1565 1738 et

100 1762 410 1813 accipiendi
454 1760 565 1799 Lael.
605 1761 646 1810 2,
687 1762 723 1801 7.
766 1759 986 1811 (qualem
1027 1757 1257 1796 Athenis
1299 1770 1447 1796 unum
1487 1770 1565 1794 ac-

50 1826 55 1833 ·
99 1821 389 1870 cepimus),
441 1817 491 1855 de
532 1818 624 1854 Diu.
658 1813 703 1866 I,
746 1818 811 1856 17.
858 1816 924 1856 33.
970 1814 1161 1867 (cotem
1207 1818 1374 1850 antem
1422 1812 1565 1851 illam

100 1870 460 1926 accepimus),
501 1874 579 1911 Off.
612 1869 647 1921 I,
691 1872 760 1913 30.
807 1871 899 1911 109.
940 1869 1433 1925 (Lacedaemonium
1473 1869 1566 1918 Ly-

101 1930 352 1968 sandrum
387 1931 684 1979 accepimus
717 1931 744 1967 i.
779 1942 814 1967 e.
855 1928 907 1965 de
948 1940 996 1965 eo
1031 1922 1308 1977 audiuimus);
1349 1926 1568 1976 ipsumque,

104 1986 363 2024 audiendi
397 1987 565 2023 uerbum
597 1986 654 2022 sic
686 1985 870 2035 usurpari
905 1984 1089 2021 uidemus
1121 1980 1173 2018 de
1203 1980 1270 2019 Or.
1305 1977 1339 2030 I,
1372 1980 1435 2021 60.
1470 1980 1567 2020 255,

102 2040 382 2091 (multique
423 2046 665 2078 oratores
707 2041 948 2088 fuerunt,
994 2035 1228 2076 utillum
1263 2036 1567 2088 Scipionem

104 2097 339 2136 andimus
383 2102 432 2134 et
470 2095 744 2145 Laelium),
786 2097 852 2133 nbi
894 2094 1001 2132 male
1039 2091 1201 2143 qnidam
1237 2092 1406 2130 fnisse
1440 2091 1568 2129 audiui

106 2154 272 2201 dicunt3
306 2153 392 2191 cat.
430 2150 510 2202 Ill,
548 2152 612 2192 10.
646 2151 712 2191 24,
755 2157 938 2201 (neque
981 2148 1138 2188 solum
1181 2159 1266 2185 eas
1309 2161 1366 2188 sc.
1405 2147 1570 2185 dissen-

105 2212 264 2258 sioneS,
307 2222 430 2260 quas
472 2207 720 2256 audistis,
764 2208 848 2245 sed
895 2220 1006 2256 eas,
1048 2217 1171 2255 quas
1216 2209 1425 2242 uosmet
1470 2204 1572 2254 ipsi

106 2266 424 2305 meministis
459 2270 508 2302 et
541 2264 777 2311 uidistis)
814 2269 855 2301 et
887 2277 974 2301 cnm
1009 2262 1102 2300 aliis
1141 2260 1277 2297 uerbis
1312 2261 1572 2298 coniunctum

106 2323 158 2361 de
190 2322 282 2359 Diu.
317 2322 346 2370 Ι,
376 2319 441 2360 39.
482 2320 549 2360 86.
589 2323 747 2370 (qnam
797 2326 845 2357 et
885 2320 1148 2357 cernimus
1186 2317 1290 2366 ipsi
1330 2321 1383 2354 et
1426 2315 1573 2353 audi-

107 2391 217 2416 mus
250 2380 303 2414 et
336 2375 560 2426 legimus
595 2381 646 2413 et
677 2389 696 2412 a
728 2377 976 2427 patribus
1012 2373 1240 2421 accepim
1259 2376 1352 2419 us);
1391 2370 1575 2411 insolen-

108 2435 189 2472 tius
238 2434 361 2470 etiam
401 2433 484 2470 Cic.
517 2433 606 2471 Par.
641 2431 705 2471 Vl.
749 2433 781 2481 ᾧ.
816 2432 883 2471 50.
931 2433 989 2468 sic
1027 2429 1230 2479 loquitur:
1277 2440 1335 2464 ne
1374 2438 1578 2478 semper

106 2489 303 2528 Curios
336 2488 679 2531 et.Lnscin0s
711 2486 990 2537 loquamur.
1052 2483 1214 2524 Deinde
1251 2483 1366 2523 huic
1405 2494 1577 2523 amoe-

108 2546 276 2584 nitati
318 2548 417 2581 noto
457 2545 712 2582 attractionis
753 2556 904 2593 genere
943 2542 1092 2581 dicitur
1130 2553 1203 2591 pro
1232 2540 1385 2578 huius
1417 2538 1576 2577 fluuii

109 2601 180 2640 uel
211 2601 318 2639 loci
362 2600 706 2649 amoenitati,
748 2598 1087 2649 quemadmodum
1117 2598 1169 2635 de
1202 2597 1294 2637 Fin.
1328 2595 1377 2645 ll,
1408 2593 1477 2634 20.
1507 2592 1577 2634 06.

110 2658 198 2695 hic
231 2655 383 2695 dolor
422 2657 575 2694 dicitur
614 2669 687 2706 pro
725 2656 876 2693 huius
919 2657 995 2692 rei
1022 2653 1194 2702 dolor,
1234 2651 1349 2691 Lael.
1387 2651 1421 2700 l,
1455 2650 1491 2690 3.
1523 2662 1580 2687 en

114 2714 316 2750 mentio
345 2725 420 2764 pro
453 2714 568 2750 eius
602 2713 677 2748 rei
707 2712 918 2749 mentio.
962 2711 1026 2749 Cf,
1061 2709 1186 2759 Sey-ff.
1221 2708 1270 2746 ad
1292 2706 1404 2746 Lael.
1437 2720 1479 2757 p.
1513 2705 1579 2743 17.

112 2767 254 2806 Madu.
287 2768 338 2806 de
372 2769 463 2806 Fin.
496 2781 536 2819 p.
571 2766 666 2807 258.
700 2765 794 2807 691.
855 2766 972 2816 Quod
1015 2767 1192 2815 denique
1238 2764 1434 2814 Thyamis
1472 2763 1579 2812 ipse,

1332 2836 1354 2866 9
