1781 3192
483 211 635 249 {ABER
669 209 888 247 PMMUS.
941 210 1038 248 Car.
1074 207 1138 245 xl!
1500 208 1557 244 57

87 326 231 376 quibus
273 330 524 375 postremum
566 324 623 360 ait
666 323 742 358 hm·
786 335 900 369 esse,
941 321 1045 372 quod
1087 331 1200 358 recte
1242 319 1406 358 uiuendi
1455 321 1555 357 ratio

88 383 296 430 homines,
330 382 396 431 qui
432 379 498 418 uel
521 378 623 419 mala
647 378 945 416 cousuetudine
972 377 1035 415 uel
1060 379 1238 428 ipsorum
1263 376 1556 428 cupiditatibus

87 452 109 476 a
140 444 252 476 recta
285 439 348 475 uia
381 437 638 485 deflexerint,
680 434 874 473 meliores
914 434 1074 474 reddat.
1114 434 1179 471 Cf.
1215 434 1248 484 §-
1281 432 1348 474 31.
1418 432 1486 470 Sic
1523 434 1556 470 si

87 495 188 533 haec
234 495 358 532 uerba
400 491 683 541 intellexeris,
737 491 840 528 nihil
901 492 1066 529 omnino
1122 488 1377 528 difficultatis
1431 489 1558 527 habet

87 552 318 590 coniunctio
361 550 513 601 quod,
557 562 673 600 quam
713 553 795 585 tum
841 548 1011 585 Romani
1058 551 1276 598 usurpant,
1320 559 1408 584 cum
1453 559 1556 594 rem,

88 620 188 658 quae
210 612 274 644 est
296 620 454 654 reuera,
487 613 660 657 ponunt,
695 605 744 642 ad
777 618 892 654 (piam
926 604 1120 641 iudicium
1150 603 1312 653 aliquod
1339 602 1557 641 reseratur.

87 664 152 701 Cf.
194 663 227 712 ᾇ.
268 662 336 702 23.
379 663 461 701 Cic.
505 676 577 714 pro
616 662 749 700 Flacc.
795 659 872 710 34,
911 660 980 700 δῖ).
1025 661 1354 710 ΓεΙίηίμιίῑιιι·
1394 657 1555 707 illud,

86 719 216 770 quod
258 719 557 757 uociferari
595 732 688 756 non
730 717 957 756 destitit
997 730 1093 754 non
1135 716 1409 764 debuisse,
1451 728 1556 752 cum

84 782 300 827 praetor
331 781 503 824 esset,
543 789 681 813 suum
720 776 993 824 negotium
1030 786 1181 823 agere
1213 778 1294 810 aut
1334 773 1556 809 mentio-

83 845 195 871 nem
246 833 424 870 facere
471 832 823 869 hereditatis.
878 832 959 870 Cic.
1001 830 1074 868 Off
1121 826 1208 877 lll,
1250 828 1319 868 31.
1366 828 1459 868 111.
1505 827 1557 865 de

83 889 175 927 Diu.
210 884 244 937 l,
282 888 346 928 15.
377 889 441 928 27.
475 885 508 937 Ι,
543 887 611 928 3-1.
646 889 712 929 76.
744 884 777 937 l,
811 886 878 928 54.
918 886 1007 927 1⁶24.
1078 886 1260 924 Eandem
1305 887 1554 922 sententiam

83 945 423 995 VVyttenbachius
456 948 660 995 expressit
692 947 925 983 coniectura
955 943 1265 993 haudquaquam
1300 937 1560 980 necessariae

83 1003 274 1053 quibus
327 1014 381 1039 ex
432 1003 588 1039 rebus
641 1015 747 1039 cum
803 1000 940 1038 illud
991 998 1341 1049 intelligatur
1389 1010 1553 1048 genus

83 1059 337 1097 hominum
371 1060 518 1095 inter
546 1071 595 1095 se
628 1060 884 1095 sociatum
922 1069 1062 1105 esse,
1106 1056 1239 1105 quod
1272 1060 1553 1093 extremum

84 1122 181 1166 est,
215 1121 362 1153 recte
385 1114 606 1152 uiuendi
633 1117 770 1152 ratio
793 1113 1046 1151 meliores
1075 1113 1271 1150 efficit.
1315 1112 1555 1149 Temeraria

84 1177 216 1210 autem
250 1177 293 1209 et
324 1183 521 1223 peruersa
554 1176 618 1208 est
648 1170 763 1208 Bakii
797 1171 1052 1207 coniectura:
1095 1168 1235 1206 illud
1266 1173 1554 1206 extremum

84 1233 168 1266 est
216 1241 535 1266 communem
588 1227 814 1265 uiuendi
873 1228 1132 1263 rationem
1179 1226 1324 1262 inter
1379 1237 1554 1262 omnes

83 1298 229 1335 esse,
274 1298 376 1335 quae
417 1284 456 1322 id
498 1285 659 1334 ipsum,
703 1283 810 1321 unde
852 1284 1047 1321 sociatum
1090 1283 1197 1319 inter
1248 1294 1293 1319 se
1344 1281 1553 1319 hominum

83 1355 210 1393 genus
255 1354 349 1379 esse
390 1340 571 1391 colligit,
610 1345 815 1391 tamquam
860 1340 1050 1378 effectum
1092 1338 1372 1390 disputatione
1424 1339 1556 1389 ponit.

81 1399 144 1437 Ne
178 1403 312 1436 autem
345 1398 517 1435 haereas
547 1399 587 1435 in
622 1398 911 1435 coniunctione
934 1409 1059 1445 cum,
1091 1395 1280 1433 conferas
1307 1394 1391 1432 Cic.
1416 1394 1496 1432 off.
1519 1390 1554 1444 l,

83 1455 122 1495 2.
155 1453 196 1493 4.
239 1467 348 1492 cum
380 1453 542 1491 multa
583 1455 693 1491 sint
733 1455 781 1491 in
815 1452 1173 1503 philosophia
1207 1456 1257 1489 et
1286 1454 1471 1501 grauia
1505 1456 1556 1488 et

83 1509 236 1548 utilia
268 1514 520 1548 accurate
564 1511 886 1561 copioseque
928 1522 947 1545 a
988 1507 1333 1559 philosophis
1377 1507 1553 1559 dispu-

83 1571 215 1604 tata:
249 1566 521 1604 latissime
554 1566 810 1603 uidentur
841 1570 1025 1616 patere
1058 1577 1137 1614 ea,
1180 1577 1304 1615 quae
1337 1563 1398 1602 de
1431 1564 1554 1602 offi-

83 1625 182 1660 ciis
218 1622 425 1661 abillis
457 1622 661 1660 tradita
710 1627 763 1660 et
801 1626 1091 1673 praecepta
1130 1626 1260 1659 sunt.
1304 1620 1354 1658 de
1387 1620 1487 1671 ch.
1521 1619 1551 1670 l,

83 1678 148 1719 24.
184 1677 250 1718 62.
326 1680 460 1728 Atque
506 1678 608 1716 haec
660 1680 874 1716 uerborum
928 1682 1129 1715 structura
1176 1691 1196 1714 a
1251 1679 1551 1715 sententiarum

82 1746 266 1772 connexu
304 1747 380 1785 per
420 1746 526 1771 cum
569 1757 621 1762 —
662 1741 763 1772 tum
805 1734 1030 1785 particulas
1073 1735 1221 1772 effecto
1262 1733 1336 1771 hac
1378 1747 1454 1772 una
1506 1746 1550 1771 rc

82 1791 243 1840 differt,
288 1789 396 1841 quod
439 1789 570 1827 altera
609 1793 816 1829 sententia
866 1803 945 1827 non
998 1797 1077 1829 tam
1132 1792 1315 1840 grauiter
1363 1791 1550 1839 effertur,

83 1860 199 1899 quam
232 1849 267 1886 si
296 1845 496 1897 particula
528 1851 628 1885 tum
663 1847 895 1886 adderetur.

197 1903 333 1947 ΧῙΙ.
394 1903 425 1952 §.
459 1902 529 1943 33.
597 1903 753 1942 alium
797 1905 853 1942 ab
897 1903 1024 1954 alio]
1097 1903 1355 1955 Praepositio
1405 1904 1462 1941 ab
1508 1903 1549 1942 in

85 1959 292 1997 codicibus
314 1959 522 1997 nonnullis
553 1962 845 2011 praetermissa
865 1965 959 1997 ante
982 1960 1082 1998 alio
1114 1960 1265 1998 deesse
1288 1973 1368 1998 non
1392 1965 1547 2012 potest,

81 2015 178 2054 licet
215 2016 290 2053 hoc
329 2017 377 2053 ab
420 2018 509 2067 ipso
554 2017 762 2068 Maduigio
802 2019 856 2054 sit
896 2018 1108 2067 probatum
1150 2018 1190 2055 in
1232 2030 1370 2069 progr.
1402 2030 1444 2068 p.
1482 2016 1548 2057 11.

82 2073 179 2110 Nam
218 2072 371 2110 alium
407 2072 515 2110 alio
547 2076 903 2125 participare,
937 2074 970 2111 si
1003 2074 1165 2124 quidem
1199 2075 1317 2112 boni
1349 2072 1546 2111 uocabulo

78 2130 371 2180 praetermisso
409 2128 536 2168 latine
577 2132 636 2168 sic
673 2130 811 2168 dicere
852 2129 1022 2179 liceret,
1068 2130 1176 2167 hanc
1225 2131 1305 2168 uim
1352 2130 1546 2169 haberet:

79 2183 231 2222 alium
277 2184 416 2224 alius
458 2187 579 2224 boni
629 2188 951 2239 participem
1000 2185 1243 2225 reddere.
1311 2187 1400 2224 Hoc
1450 2200 1546 2225 uero

76 2240 168 2278 loco
200 2241 241 2278 id
273 2241 360 2280 uult
387 2241 582 2293 colligere
622 2250 738 2281 natos
780 2257 872 2281 esse
913 2244 1121 2292 homines,
1163 2249 1209 2281 ut
1246 2241 1348 2280 alius
1389 2245 1438 2282 ab
1468 2243 1546 2281 alio

77 2299 346 2349 participetur
375 2300 476 2336 iuris
507 2300 536 2337 i.
573 2313 608 2339 e.
644 2302 742 2338 iuris
776 2302 981 2351 particeps
1020 2299 1230 2338 reddatur.
1289 2300 1379 2339 Non
1422 2303 1549 2338 utitur

78 2353 240 2403 quidem
275 2353 371 2391 alibi
404 2355 481 2393 hoc
524 2359 648 2394 uerbo
680 2358 853 2405 Cicero,
894 2356 969 2394 sed
1011 2355 1184 2394 eandem
1227 2357 1266 2394 in
1297 2359 1546 2395 sententiam

76 2409 453 2460 Plautusyisurpat
493 2412 593 2450 Cist.
627 2414 658 2462 1,
703 2415 742 2452 3.
786 2414 850 2452 17.
888 2418 1159 2464 paternum
1208 2426 1418 2451 seruum
1466 2415 1544 2452 sui

76 2467 385 2516 participat
424 2467 640 2507 consilii
680 2475 721 2506 et
760 2469 827 2507 alii
871 2470 1110 2520 scriptores.
1179 2471 1388 2520 Zeugma,
1438 2470 1547 2521 quod

75 2523 132 2560 sic
158 2523 298 2560 existit
321 2545 372 2550 —
398 2535 487 2560 nam
523 2524 604 2561 ius
636 2526 762 2563 uerbo
793 2525 1158 2577 participandi
1191 2527 1542 2565 accommodatum

75 2583 142 2616 aut
182 2579 355 2629 genitiui
399 2584 467 2617 aut
505 2580 675 2619 ablatiui
707 2582 877 2621 sormam
910 2583 1082 2621 induere
1112 2585 1331 2635 oportebat
1360 2606 1411 2612 —
1440 2583 1544 2622 nihil

77 2636 239 2673 omnino
279 2637 373 2673 noui
414 2636 553 2674 habet.
623 2637 689 2675 Cf.
731 2638 884 2677 Matth.
923 2639 974 2677 ad
1016 2639 1104 2677 Cic.
1148 2640 1236 2678 cat.
1277 2636 1342 2690 ΙΙ,
1391 2638 1430 2680 9.
1477 2638 1541 2680 19.

77 2689 265 2729 Benecke
297 2692 346 2730 ad
378 2693 459 2731 Cic.
489 2706 562 2744 pro
598 2694 719 2732 Arch.
759 2695 824 2743 11,
857 2694 926 2736 26.
993 2696 1106 2733 Kritz
1135 2696 1185 2734 ad
1217 2696 1299 2734 Sall
1350 2697 1437 2734 Cat,
1480 2695 1542 2744 13,

78 2744 118 2783 2.
154 2751 196 2783 et
233 2748 324 2798 Jug.
371 2747 442 2799 ici,
488 2751 524 2788 1.
596 2751 812 2802 Zumptius
867 2753 956 2790 sine
1005 2752 1156 2791 idonea
1200 2767 1317 2792 causa
1368 2754 1543 2791 coniecit

77 2800 232 2841 alium
265 2816 370 2844 cum
404 2805 524 2845 alio.

1299 2879 1320 2898 ÷÷
