1781 3192
244 196 336 235 288
816 193 888 232 DE
918 192 1152 233 LEGIBUS

247 312 438 361 spectant
469 308 549 345 cui
584 317 645 343 ne
685 317 802 343 esse
833 303 1034 356 quidem
1066 304 1320 344 licuisset
1358 308 1592 348 tribuno.
1644 309 1709 348 Cs.
1773 346 1774 349 ,

244 380 317 419 pro
351 366 468 403 Dom.
513 376 548 403 e.
586 360 633 402 14
674 366 716 400 et
762 361 824 401 15.
862 361 979 401 Suet.
1021 363 1112 402 Tib.
1153 362 1191 402 2.
1234 363 1374 411 Quint.
1420 364 1518 403 lust.
1553 365 1629 415 Xl,
1667 364 1708 405 4.
1773 358 1774 370 ¹

245 423 432 470 Denique
463 419 503 455 in
537 419 784 456 tenebris
817 420 894 456 rei
921 418 1172 470 publicae
1204 419 1245 457 id
1278 419 1428 458 factum
1467 433 1561 458 esse
1591 420 1709 472 dicit,

245 480 336 529 quia
375 477 415 513 in
455 475 604 512 ciuium
645 475 903 513 dissensione
942 474 1058 526 leges
1098 478 1267 526 impune
1308 482 1392 514 tum
1435 476 1708 516 uiolabantur.

245 531 446 572 Similiter
478 533 670 569 tenebras
702 533 761 569 rei
792 530 977 583 publicae
1010 531 1087 570 diei
1111 532 1161 569 ad
1186 533 1300 572 Fam.
1323 529 1400 583 lV,
1422 532 1461 574 3.
1484 533 1525 574 2.
1559 534 1708 572 Bakius

245 588 550 630 animaduertit.

361 646 393 696 ᾧ.
428 644 496 685 22.
558 645 675 682 sine
709 656 800 694 spe
831 645 957 682 bona
992 658 1082 683 eum
1116 658 1209 683 esse
1233 650 1364 696 patet,
1395 647 1460 696 qui
1487 643 1588 683 nihil
1615 646 1710 684 boni

245 709 389 756 speret
415 702 455 740 in
490 701 669 740 futurum
696 698 829 754 (ohne
853 700 932 739 alle
955 708 1054 752 gnte
1077 703 1273 740 Aussicht
1299 703 1365 740 fiir
1388 702 1455 740 die
1480 700 1710 755 Zukunl't);

246 774 324 812 quo
364 759 481 818 furor
521 762 705 808 augetur.
745 757 813 797 Cf.
853 758 940 796 Cic.
981 760 1022 796 in
1064 758 1184 798 Verr.
1226 755 1266 809 l,
1312 757 1372 799 14.
1417 757 1486 799 42.
1556 758 1711 797 Moseri

250 829 372 856 causa
414 816 492 853 hoc
530 827 830 864 commemoro,
876 816 941 865 qui
982 821 1024 853 et
1061 829 1227 866 prauam
1271 816 1363 854 Gzii
1405 816 1709 854 annotationem

247 873 419 925 repetiit
449 883 593 923 spem
624 870 841 909 consilium
875 884 969 910 esse
1000 872 1201 922 dicentis,
1240 886 1318 923 quo
1349 870 1583 924 peragendo
1614 872 1712 910 boni

248 929 343 981 quid
377 929 425 966 ad
458 941 532 965 nos
565 927 887 966 redundaturum
921 941 1161 979 speremuS,
1200 942 1277 967 nec
1319 928 1513 966 mendum
1556 924 1712 966 codicis

247 986 389 1035 Uimi,
419 985 525 1036 quod
558 988 601 1022 et
631 984 854 1022 Schuetzio
886 983 1056 1036 placuit,
1089 979 1201 1022 sine
1234 987 1416 1036 specie
1449 985 1711 1036 improbauit.

366 1043 416 1080 su
433 1055 517 1079 ror
548 1039 702 1079 edere
733 1041 930 1092 potuit]
986 1041 1102 1079 IIanc
1125 1042 1401 1080 coniecturam
1424 1054 1469 1079 ex
1488 1041 1577 1081 cod.
1601 1040 1712 1080 arch.

248 1099 399 1139 mendo
433 1096 631 1150 (sutura
661 1096 920 1150 reddere)
952 1110 1186 1149 expressam
1231 1103 1273 1136 et
1310 1098 1470 1150 pridem
1506 1096 1711 1149 uulgatam

248 1157 456 1195 immerito
494 1161 636 1192 nostra
670 1159 808 1191 aetate
846 1154 994 1192 Bakius
1035 1155 1307 1206 improbauit,
1348 1156 1413 1206 qui
1451 1155 1541 1206 ipse
1570 1167 1713 1207 parum

248 1211 522 1266 probabiliter
560 1211 663 1248 hanc
708 1212 912 1248 tentauit:
954 1223 1078 1260 quas
1127 1211 1276 1249 foetu
1327 1211 1487 1250 edere
1536 1211 1716 1262 potnit

249 1273 455 1320 impura
506 1265 685 1304 bellua
735 1278 756 1304 e
806 1266 1088 1304 multorum
1139 1267 1380 1306 conflata
1426 1268 1714 1306 furoribus·

250 1328 412 1366 Furor
452 1322 597 1361 Clodio
638 1322 855 1360 commode
894 1324 1088 1361 tribuitur
1130 1335 1207 1362 nec
1246 1324 1380 1362 minus
1419 1327 1533 1362 recte
1565 1322 1716 1372 dieitur

249 1384 396 1421 furor
424 1385 633 1430 strages
665 1377 841 1429 edere,
873 1392 991 1428 quam
1021 1392 1095 1430 pro
1116 1378 1206 1418 Mil.
1230 1379 1272 1427 2,
1295 1379 1334 1421 3.
1367 1381 1549 1418 socios
1572 1380 1714 1418 Cati·
1772 1371 1781 1420 J

249 1437 390 1477 linae
412 1436 616 1486 rapinis
640 1439 687 1472 et
713 1434 984 1472 incendiis
1010 1440 1062 1472 et
1084 1436 1324 1473 omnibus
1347 1435 1716 1485 exitiispubli-

252 1497 325 1534 cis
354 1504 590 1546 pascere.
653 1490 773 1540 Quod
813 1496 946 1528 autem
987 1490 1102 1529 furor
1143 1490 1365 1529 multorum
1404 1490 1609 1529 furoribus
1650 1491 1716 1528 in-

252 1549 453 1590 flammari
486 1547 652 1599 dieitur,
698 1547 833 1585 Clodii
865 1548 1043 1586 furorem
1077 1548 1299 1586 multorum
1333 1549 1534 1586 sociorum
1566 1547 1718 1585 furori·-

251 1610 326 1646 bus
372 1608 494 1644 etiam
536 1605 673 1655 augeri
716 1604 988 1655 significatur.
1050 1604 1255 1642 Similiter
1294 1605 1333 1642 in
1377 1603 1494 1644 Verr.
1530 1599 1576 1654 I,
1609 1606 1646 1643 1.
1676 1603 1718 1643 2.

254 1661 634 1702 diciturinuidia
666 1665 880 1699 senatus
911 1659 1615 1711 concionibusinflammari,
1638 1661 1664 1702 i.
1682 1673 1717 1699 e.

253 1720 409 1759 inuidia
441 1722 623 1767 senatus,
653 1731 754 1769 quae
785 1718 862 1755 iam
897 1724 1000 1768 erat,
1031 1719 1295 1755 concionibus
1328 1718 1603 1768 maximopere
1640 1730 1715 1754 au-

253 1779 364 1830 geri,
401 1781 445 1813 et
484 1775 517 1825 ξ.
552 1775 620 1815 20.
659 1772 1000 1812 inflammata
1040 1774 1251 1814 inuidia.
1319 1775 1409 1813 Non
1450 1778 1539 1812 erat
1579 1774 1719 1825 igitur,

255 1833 363 1886 quod
405 1831 552 1871 Bakius
593 1830 923 1882 reprehenderet
972 1829 1074 1869 illud
1123 1844 1196 1883 pro
1235 1831 1351 1870 Dom.
1392 1829 1471 1881 55,
1515 1827 1608 1872 141.
1647 1831 1719 1868 in-

254 1890 564 1929 flammatus
598 1887 765 1926 furor.

371 1944 486 1984 Sulla
521 1945 695 1983 tribunis
736 1943 869 1996 plebis
918 1944 980 1981 ius
1032 1942 1170 1995 legum
1225 1943 1490 1982 serendarum
1538 1948 1582 1982 et
1629 1955 1720 1981 cum

255 2003 378 2058 plebe
411 2000 559 2053 agendi
592 2000 749 2039 ademit
779 1999 865 2039 sola
898 2000 1187 2038 intercedendi
1218 2006 1425 2052 potestate
1455 1998 1614 2039 relicta.
1656 1999 1721 2040 Cf.

255 2065 360 2114 App.
391 2061 436 2098 B.
471 2059 515 2098 C.
551 2054 586 2109 I,
624 2057 714 2098 100.
748 2059 838 2097 Liu.
872 2058 981 2107 Epit.
1013 2055 1083 2097 89.
1131 2056 1236 2096 Vell.
1271 2058 1360 2097 Pat.
1394 2053 1458 2108 II,
1490 2055 1559 2097 30.
1601 2057 1720 2096 Caes.

255 2119 304 2157 B.
349 2116 397 2155 C.
440 2115 477 2165 l,
515 2115 554 2154 7.
594 2115 712 2153 Dion.
752 2113 847 2153 Hal.
890 2112 954 2163 V,
996 2115 1064 2153 77.
1105 2114 1275 2152 Beckeri
1315 2116 1410 2152 Aut.
1454 2127 1557 2152 rom.
1588 2112 1639 2152 ll.
1678 2112 1720 2152 2.

255 2188 299 2226 p.
333 2169 430 2213 289.
498 2171 718 2221 Pompeius
758 2174 892 2207 autem
934 2170 1191 2207 tribuniciam
1235 2174 1512 2220 potestatem,
1551 2182 1630 2219 qua
1669 2168 1719 2205 ad

259 2242 371 2269 suam
424 2225 648 2264 utilitatem
684 2230 901 2275 uteretur,
951 2224 1044 2276 lege
1081 2226 1266 2263 restituit
1303 2239 1338 2264 a.
1379 2223 1476 2265 684.
1525 2224 1592 2265 Cf.
1632 2224 1719 2264 Liu.

259 2287 373 2339 Epit.
405 2282 472 2324 97.
503 2282 615 2322 l'lut.
648 2283 795 2333 Pomp.
828 2282 894 2323 22.

375 2340 596 2390 ceteris]
660 2339 844 2377 Tui-nebi
893 2340 1130 2377 coniectura
1171 2338 1218 2375 in
1270 2338 1501 2388 ceteris,
1549 2349 1652 2387 quae
1700 2350 1721 2374 a

262 2399 450 2438 Manutio
483 2401 652 2449 recepta
684 2409 735 2433 ne
768 2395 964 2434 Ernestio
1007 2393 1173 2445 quidem
1215 2399 1256 2432 et
1288 2395 1454 2433 Mosero
1493 2392 1722 2445 displicuit,

262 2454 572 2505 haudquaquam
606 2454 838 2490 necessaria
871 2459 949 2492 est.
1013 2452 1211 2489 [Nimirum
1245 2451 1446 2489 ablatiuus
1478 2464 1556 2489 non
1589 2448 1722 2488 solum

261 2524 368 2561 rem,
401 2524 479 2562 qua
513 2508 666 2560 aliquid
696 2510 733 2547 in
768 2523 903 2548 rerum
938 2514 1082 2546 natura
1115 2509 1317 2559 eflicitur,
1356 2507 1430 2546 sed
1471 2509 1596 2546 etiam
1633 2519 1721 2544 rem

262 2566 446 2617 indicat,
489 2579 591 2617 quae
632 2566 840 2604 hominem
890 2565 943 2604 ad
991 2564 1267 2617 peragendum
1319 2564 1473 2616 aliquid
1518 2562 1722 2615 impellat.

263 2625 378 2663 Ilaec
418 2629 554 2660 autem
599 2629 669 2662 aut
708 2629 873 2662 externa
911 2621 1111 2674 quaedam
1153 2629 1217 2660 est
1246 2623 1385 2661 autin
1418 2633 1541 2660 sensu
1573 2621 1721 2672 posita.

264 2681 319 2719 Et
361 2681 465 2718 hauc
500 2679 691 2730 quidem,
723 2682 875 2732 quippe
906 2693 983 2732 qua
1015 2680 1209 2717 continuo
1242 2679 1347 2717 actio
1378 2677 1580 2731 pellatur,
1612 2675 1723 2715 abla-
1774 2671 1779 2731 s

265 2739 352 2776 tiuo
396 2736 583 2774 denotari
631 2738 889 2776 tritissimum
938 2742 1038 2786 est,
1089 2736 1220 2774 ueluti
1268 2749 1443 2774 amore
1491 2735 1723 2786 patriae,
1776 2766 1779 2790 ξ

266 2798 402 2832 metu
446 2796 645 2834 mortis.
715 2795 918 2833 Externae
959 2800 1093 2830 autem
1137 2808 1226 2842 res,
1270 2795 1418 2844 quippe
1457 2793 1602 2842 quibus
1644 2803 1723 2827 uon
1777 2799 1779 2813 ¹
