1781 3192
383 189 538 229 huma
574 188 876 228 SECUNDUS.
929 189 1027 227 Car.
1063 186 1132 226 lx.
1418 183 1504 223 159

44 308 258 354 cerent,
299 303 631 350 iudicarent,
670 305 1012 349 statuerent,
1058 296 1504 350 constituerunt).

49 365 180 412 Atque
224 362 258 397 si
300 359 458 410 quando
501 358 616 406 dun,
658 362 701 394 ut
740 370 802 407 ap.
839 358 926 395 Liu.
959 356 1038 406 ix,
1082 355 1122 395 5.
1164 359 1232 392 aut
1278 359 1505 405 quatuor

46 420 167 469 (Non.
208 416 237 454 l.
270 415 315 463 1.)
366 417 769 461 commemorantur,
811 414 911 450 liaec
953 425 1072 450 causa
1122 416 1219 460 est,
1271 410 1378 461 quod
1420 422 1500 447 non

46 487 188 513 omnes
222 475 260 510 in
293 472 435 510 eadem
468 483 587 507 causa
619 471 901 518 mittebantur,
935 469 1009 506 sed
1042 467 1162 506 niodo
1194 466 1349 519 plures,
1381 466 1503 504 modo

45 532 276 584 pauciores,
337 528 378 564 ln
412 527 611 564 Scheil'eri
655 530 790 562 autem
824 527 1056 562 coniectura
1090 526 1122 562 si
1161 522 1380 562 fetiales
1413 536 1502 560 cum

46 586 214 636 reliquis
246 585 479 620 nominibus
528 595 599 633 pro
641 582 877 632 praedicato
917 582 1134 630 habueris,
1176 586 1218 618 ut
1259 585 1503 618 oratores

46 646 144 691 sint,
177 640 244 690 qui
277 641 401 676 uerba
436 639 601 686 saciant,
634 638 884 688 fetialeS,
931 640 996 688 qui
1030 638 1290 675 caerimoniis
1331 636 1504 687 perfun-

44 703 214 750 gantur,
254 695 486 744 iudices,
528 697 593 744 qui
634 693 841 733 iudicent:
883 695 959 732 hoc
1005 694 1193 746 profecto
1234 706 1381 730 nouum
1423 697 1503 741 est,

45 766 192 792 nomen
241 753 412 788 istorum
463 751 722 788 sacerdotum
774 751 982 801 proprium
1031 750 1082 787 ad
1143 762 1308 787 munera
1364 761 1503 786 eorum

45 807 279 848 definienda
311 806 514 846 adhiberi.
575 806 735 844 Deinde
768 820 887 857 aegre
925 819 1107 845 caremus
1146 805 1322 843 sollenni
1363 817 1503 842 eorum

46 863 338 918 appellatione.
398 862 490 900 Alia
529 865 636 901 enim
679 876 744 900 res
786 869 850 900 cst
882 867 922 900 et
953 865 986 913 ᾗ.
1021 864 1090 912 20,
1124 864 1190 900 ubi
1222 875 1298 900 nec
1330 860 1504 913 quinde-

44 922 204 962 cimuiri
254 932 330 957 nec
376 921 593 970 pontifices
640 921 905 957 nominantur
953 925 995 957 et
1038 915 1115 958 ill.
1160 919 1193 969 ξ.
1236 918 1283 967 6;
1332 923 1505 969 utroque

44 980 151 1018 enim
184 975 275 1014 loco
307 988 461 1026 genere
493 978 699 1014 nominato
733 977 893 1027 species
925 977 1037 1026 ipsae
1070 978 1126 1013 ita
1158 975 1428 1024 deliniuntur,
1463 979 1505 1012 nt

44 1034 221 1073 dubitari
253 1031 304 1069 de
338 1034 396 1069 eis
430 1035 593 1070 omnino
627 1046 706 1070 non
739 1034 881 1083 possit.
942 1033 1031 1070 Hoc
1069 1031 1159 1069 loco
1201 1044 1289 1069 cum
1325 1037 1419 1068 ante
1452 1030 1505 1068 de

44 1091 261 1141 auguribus
305 1101 439 1125 sermo
479 1089 657 1138 suisset,
696 1102 776 1126 non
817 1089 953 1138 potuit
992 1087 1218 1136 fetialium,
1258 1088 1352 1138 quin
1392 1089 1504 1137 ipsos

43 1148 300 1193 nominaret,
341 1157 509 1181 munera
541 1145 729 1182 definire.
792 1146 927 1192 Quare
969 1157 1047 1181 non
1092 1143 1359 1194 probabiliter
1389 1144 1505 1181 Han-

45 1205 135 1242 dius
167 1199 291 1252 (Aug.
333 1200 580 1239 Literaturz.
619 1199 739 1240 1810.
776 1201 862 1246 71.)
908 1204 950 1237 ct
991 1201 1112 1237 Beier
1150 1200 1201 1236 ad
1237 1200 1314 1240 Off.
1350 1201 1391 1249 Ι,
1441 1199 1504 1238 11.

44 1260 113 1302 36.
144 1255 369 1297 fetiales
402 1262 445 1294 ut
475 1259 658 1308 spurium
692 1256 977 1307 expellendum
1020 1256 1266 1294 iudicarunt.
1324 1256 1503 1294 Fetia-

42 1317 123 1355 les
164 1320 298 1353 autem
345 1326 416 1363 pro
459 1315 644 1351 subiecto
687 1314 831 1351 haberi
862 1326 942 1350 non
972 1315 1125 1363 patitur
1156 1314 1300 1350 oratio.
1363 1313 1504 1363 ltaque

46 1375 163 1420 scite,
205 1370 282 1408 nisi
314 1369 424 1406 aliud
465 1369 766 1407 incommodum
798 1374 1056 1419 remaneret,
1090 1369 1261 1407 Rutilius
1295 1371 1417 1406 uerba
1447 1369 1504 1405 sic

46 1427 320 1479 transposuit:
354 1429 588 1463 oratores
622 1426 897 1463 iudicesue
930 1425 1155 1463 fetiales
1190 1430 1358 1462 sunto.
1420 1423 1505 1462 Sed

47 1499 137 1525 cum
171 1494 263 1520 mox
295 1480 401 1518 bella
435 1481 667 1532 disceptare
709 1482 944 1531 singulatim
978 1483 1214 1530 iubeantur,
1254 1483 1392 1532 inepte
1425 1483 1504 1519 iam

50 1546 143 1580 ante
177 1538 330 1577 iudices
364 1536 462 1574 belli
497 1546 707 1577 uocantur.
768 1541 902 1588 Atque
943 1538 1047 1576 hanc
1086 1541 1212 1589 ipsam
1253 1540 1303 1576 ob
1345 1551 1503 1575 causam

51 1599 173 1636 uerba
216 1592 423 1633 iudices
464 1607 562 1631 non
607 1599 650 1632 ut
690 1609 711 1632 a
753 1594 880 1631 sciolo
919 1593 1051 1644 aliquo
1092 1595 1230 1631 addita
1263 1593 1504 1646 expellenda

48 1654 198 1692 iudico.
261 1649 371 1686 idem
416 1650 665 1688 incommodi
707 1655 749 1688 ut
779 1650 960 1700 tolleret,
1001 1650 1128 1688 belli
1160 1650 1384 1689 sollicitare
1421 1663 1502 1688 non

47 1710 189 1748 debuit
222 1705 474 1755 Maduigius3
508 1707 586 1744 (luo
620 1709 726 1744 enim
760 1712 854 1744 sunt
885 1708 1091 1745 nominum
1126 1707 1291 1745 ordines
1321 1706 1505 1745 foede-

47 1779 153 1804 rum
186 1762 510 1802 induciarum
537 1768 576 1800 et
607 1765 753 1813 pacis
789 1763 918 1800 belli
951 1777 1025 1815 per
1052 1764 1272 1801 cliiasmum
1298 1763 1504 1815 dispositi,

49 1829 91 1861 ut
124 1822 203 1859 Offi
237 1819 276 1867 l,
310 1818 379 1857 27.
414 1816 480 1857 94'.
514 1819 659 1869 falli,
698 1833 838 1857 errare
876 1820 986 1870 labi,
1026 1820 1222 1871 decipi.
1295 1820 1503 1858 Bellorum

49 1883 183 1917 autem
215 1875 460 1926 disceptatio
492 1888 571 1913 non
605 1877 654 1913 ad
687 1878 795 1928 ipsas
827 1876 1027 1914 bellorum
1070 1890 1211 1914 causas
1251 1890 1505 1928 cognoscen-

49 1936 120 1973 das
153 1957 203 1962 —
236 1944 330 1969 nam
370 1930 413 1968 id
453 1931 617 1982 quidem
655 1932 794 1984 populi
835 1938 922 1971 erat
962 1940 1004 1971 et
1044 1939 1209 1971 senatus
1250 1956 1302 1961 ——
1341 1933 1416 1971 sed
1455 1933 1506 1971 ad

48 1991 291 2042 religionem
326 1993 446 2037 atque
477 1990 742 2027 caerimonias
776 1989 975 2028 bellorum
1010 1991 1258 2040 pertinebat.

162 2047 425 2084 Etruscos
459 2048 506 2081 et
539 2045 833 2096 aruspices]
900 2047 951 2084 Et
983 2046 1238 2096 disciplinam
1273 2047 1505 2096 aruspicum

49 2103 181 2141 fuisse
221 2105 422 2138 etruscam
464 2100 536 2146 (cs.
578 2101 663 2140 Cic.
705 2101 757 2139 de
798 2103 888 2140 Diu.
933 2103 963 2152 Ι,
1005 2102 1042 2142 2.
1086 2102 1123 2141 3.
1162 2103 1202 2151 Ι,
1244 2102 1309 2142 33.
1349 2102 1414 2141 7⁶2.
1455 2102 1508 2140 de

48 2160 145 2199 Har,
186 2159 313 2207 Resp.
352 2154 393 2206 9,
430 2155 511 2202 18.)
552 2161 594 2194 et
634 2159 746 2209 ipsos
787 2159 997 2208 aruspices
1029 2163 1143 2195 recte
1172 2159 1216 2198 C.
1250 2159 1296 2196 Ο.
1329 2156 1508 2196 Mueller

49 2214 226 2260 (Etrusk.
257 2213 301 2252 ΙΙ,
347 2226 382 2263 p.
413 2210 453 2251 4.
488 2217 530 2250 et
560 2211 677 2260 346.)
710 2220 751 2252 et
780 2215 995 2253 Frandsen
1035 2214 1105 2262 (de
1145 2215 1308 2265 harusp.
1349 2228 1387 2265 p.
1426 2213 1509 2261 19.)

51 2271 355 2310 contenderunt
386 2269 581 2306 aduersus
615 2270 757 2311 Creuz.
792 2271 931 2321 Symb.
964 2271 1011 2309 11.
1046 2284 1086 2323 p.
1113 2270 1211 2312 836.
1246 2277 1288 2309 et
1309 2271 1507 2310 Niebuhr.

49 2328 162 2366 Hist.
191 2339 291 2364 rom.
322 2325 353 2363 l.
385 2338 424 2375 p.
463 2323 554 2365 129.
590 2326 656 2364 ed.
689 2326 727 2367 -1,
790 2328 890 2365 Nam
932 2327 1040 2378 quod
1073 2329 1155 2366 Liu.
1190 2328 1258 2377 ΙΧ,
1301 2327 1366 2368 36.
1407 2327 1509 2366 dicit

50 2397 96 2422 se
135 2389 322 2421 auctores
361 2381 538 2431 habere,
585 2381 706 2433 uulgo
746 2388 829 2421 tum
874 2397 1022 2435 pueros
1069 2398 1198 2434 rom.,
1246 2385 1352 2422 sicut
1402 2397 1509 2422 nunc

49 2441 234 2491 graecis,
274 2440 332 2475 ita
370 2439 544 2475 etruscis
584 2437 737 2477 litteris
789 2440 941 2478 erudiri
989 2453 1083 2479 esse
1134 2441 1303 2489 solitos,
1351 2439 1395 2478 id
1440 2439 1508 2478 alii

49 2498 205 2535 rectius
238 2494 288 2532 ad
320 2495 551 2531 uniuersam
583 2492 816 2534 litterarum
850 2497 1077 2535 doctrinam
1108 2502 1252 2548 putant
1281 2497 1508 2547 pertinere.

52 2553 170 2601 Quod
201 2556 335 2589 autem
368 2552 455 2589 Cic.
487 2550 539 2587 de
569 2551 656 2592 Diu.
691 2553 721 2601 l,
754 2551 819 2592 41.
844 2551 908 2593 92.
939 2567 960 2591 a
991 2559 1137 2591 senatu
1170 2554 1382 2592 decretum
1415 2565 1510 2592 esse

4 2660 7 2661 ⁷
53 2608 169 2658 dicit,
209 2613 251 2646 ut
283 2607 333 2644 de
366 2608 596 2659 principum
627 2608 724 2646 filiis
754 2622 824 2647 sex
855 2608 1024 2659 singulis
1051 2609 1243 2648 Etruriae
1275 2608 1436 2661 populis
1467 2611 1510 2647 in

52 2663 307 2716 disciplinam
349 2664 635 2713 traderentur,
675 2664 718 2702 id
759 2678 839 2703 non
885 2665 935 2703 ad
966 2666 1241 2705 Romanorum
1283 2667 1511 2718 principes,

53 2720 128 2758 sed
159 2720 209 2758 ad
242 2723 353 2772 ipsos
384 2720 582 2758 Etruscos
613 2725 790 2772 spectat.
850 2721 1016 2760 Etenim
1048 2724 1082 2760 si
1104 2723 1396 2770 Romanorum,
1428 2734 1510 2758 non

55 2776 320 2816 Etruscorum
361 2778 569 2830 principes
610 2776 786 2829 intelligi
818 2776 1042 2830 uoluisset,
1086 2778 1321 2818 distinctius
1362 2777 1403 2815 id
1435 2777 1510 2815 de-
