1781 3192
218 165 271 202 14
791 163 862 202 DE
895 164 1126 204 LEGIBUS

216 279 409 328 quacitati
444 276 518 314 alia
551 273 747 326 quaedam
781 289 863 326 res,
894 291 970 328 qua
1004 279 1173 329 insignis
1205 278 1346 327 suerit,
1378 291 1458 317 non
1493 280 1581 331 ipse
1606 294 1682 333 op-

213 340 404 399 ponatur,
438 338 481 371 ut
512 333 687 370 dubitari
720 334 884 371 omnino
912 347 991 371 non
1015 339 1150 385 queat,
1184 335 1279 385 quin
1305 346 1443 373 uerum
1469 338 1538 385 sit,
1571 336 1680 388 quod

214 391 254 427 in
287 391 325 428 S
361 390 468 427 Uict.
512 387 653 427 codice
685 389 885 427 Gruterus
924 392 1133 428 inuenisse
1174 403 1218 428 se
1251 390 1351 428 dicit
1391 396 1432 429 et
1472 396 1566 430 ante
1597 394 1677 431 iam

215 446 362 496 Steph.
406 444 616 495 ediderat,
659 445 832 484 elatio
868 459 941 498 pro
984 446 1147 484 datio.
1218 445 1353 484 Elatio
1396 447 1557 498 quidem
1602 450 1679 487 etsi

214 515 294 540 non
331 503 475 539 uitiosa
509 506 588 550 est,
624 506 667 539 ut
700 500 764 539 uel
795 503 835 540 in
861 504 1011 542 uirtute
1033 504 1128 554 poni
1152 505 1299 554 possit,
1333 503 1678 554 quemadmodum

215 558 358 595 Cicero
391 560 527 609 posuit
556 559 597 596 in
629 559 740 596 Brut.
778 559 842 608 17,
877 559 955 601 66:
998 564 1134 597 tamen
1170 572 1216 598 eo
1251 562 1340 611 ipso
1372 562 1411 598 in
1446 561 1586 598 Macro
1618 562 1682 598 ui-

213 615 320 652 tiosa
353 616 498 664 euasit,
532 614 638 665 quod
670 615 718 652 ad
748 615 1042 666 impudentiam
1078 629 1204 667 usque
1236 618 1457 668 processit.
1520 618 1681 668 lmpu-

214 669 443 708 dentiam
479 672 612 721 enim,
652 685 731 709 non
776 671 1185 724 imprudentiam
1231 674 1353 710 scribi
1397 686 1571 711 necesse
1601 677 1679 722 est,

214 729 305 778 quia
340 726 462 765 elatio
495 727 596 765 nihil
620 741 836 766 commune
870 725 1002 766 habet‘
1024 744 1110 767 cum
1147 728 1449 780 imprudentia,
1482 742 1569 768 cum
1602 730 1682 767 im-

213 783 410 834 pudentia
440 784 578 822 habet.
640 784 879 835 Eademqne
911 787 1106 824 orationis
1137 787 1392 824 concinnitas
1424 786 1602 836 flagitat,
1638 790 1683 823 ut

213 841 253 877 in
288 838 413 878 altera
437 841 643 878 sententia
668 840 789 879 elatio
812 847 1040 893 opponatur
1063 842 1316 893 loquacitati,
1349 854 1452 892 quae
1477 844 1514 880 in
1542 843 1681 893 priore

214 898 425 934 sententia
474 898 645 934 subiecti
688 897 822 937 locum
864 902 1004 947 tenet,
1045 901 1192 950 prioris
1233 904 1366 937 autem
1413 899 1584 936 subiecti
1618 898 1679 935 uis

213 964 293 990 non
343 952 393 990 ad
431 952 598 991 alteram
642 955 763 992 etiam
805 956 1051 992 sententiam
1101 958 1323 1006 pertineat.
1394 956 1469 993 His
1517 954 1678 1006 quidem

212 1010 340 1061 probe
371 1010 608 1060 ponderatis
642 1010 877 1062 codicisque
899 1011 1011 1050 arch.
1039 1013 1225 1063 uestigiis
1248 1013 1519 1051 consideratis
1541 1011 1680 1049 facere

212 1078 295 1103 non
336 1078 525 1117 possum,
569 1068 662 1118 quin
706 1069 941 1106 etiamnunc
976 1069 1146 1118 probem
1178 1069 1451 1106 coniecturam
1485 1081 1517 1106 a.
1556 1065 1681 1107 1841.

212 1123 254 1160 ἰι]
286 1135 424 1174 progr.
459 1137 497 1175 p.
527 1123 590 1163 11.
624 1137 644 1161 a
676 1136 740 1162 me
761 1125 1039 1176 propositam:
1068 1126 1106 1162 in
1141 1127 1481 1163 orationibus
1514 1129 1680 1160 autem

213 1178 393 1217 multis
426 1185 477 1218 et
507 1181 708 1231 ineptis
740 1180 906 1219 elatio
948 1194 982 1218 s,
1016 1182 1130 1232 imp.
1192 1181 1259 1219 Sic
1289 1183 1465 1232 primum
1497 1178 1681 1230 loquaci-

211 1240 274 1273 tas
302 1236 430 1274 Macri
470 1241 509 1275 in
549 1237 731 1275 historiis
777 1240 1023 1288 argutiarum
1065 1237 1240 1289 aliquid,
1288 1236 1409 1275 elatio
1455 1235 1608 1274 deinde
1637 1236 1678 1273 in

217 1294 469 1331 orationibus
510 1307 707 1331 summam
751 1294 1044 1346 impudentiam
1081 1294 1233 1331 habere
1270 1294 1431 1332 dicitur.
1496 1293 1678 1344 Namque

211 1350 386 1400 primum
420 1350 471 1387 de
503 1351 697 1388 historica
731 1351 816 1388 eius
848 1354 934 1388 arte
966 1350 1119 1388 iudicio
1152 1351 1260 1388 sacto
1294 1350 1344 1388 de
1369 1351 1546 1388 oratoria
1577 1362 1681 1401 quo-

214 1417 290 1455 que
321 1405 408 1443 eius
439 1406 652 1457 facultate,
682 1408 833 1458 quippe
858 1419 992 1444 rerum
1018 1408 1209 1457 scriptori
1233 1408 1479 1456 necessaria,
1510 1406 1678 1455 iudicat,

213 1463 331 1499 sicuti
365 1475 456 1501 mox
489 1463 539 1500 de
571 1463 745 1501 Sisenna
774 1467 815 1500 et
845 1475 979 1500 rerum
1012 1464 1215 1514 scriptore
1250 1468 1292 1501 et
1323 1468 1488 1501 oratore
1510 1462 1680 1501 iudicat.

213 1518 433 1556 Orationes
474 1521 621 1569 igitur,
655 1532 757 1570 quae
799 1519 840 1557 h.
872 1518 899 1558 l.
933 1525 1328 1569 commemorantur,
1368 1525 1482 1558 recte
1515 1518 1682 1558 uidetur

211 1574 361 1613 Bakius
392 1575 649 1614 intellexisse
680 1577 873 1613 orationis
906 1578 1077 1614 seorsim
1111 1581 1179 1614 aut
1224 1577 1357 1614 editas
1396 1581 1465 1615 aut
1503 1576 1680 1626 habitaS,

209 1644 289 1669 non
323 1644 408 1682 eas,
431 1646 531 1684 quae
562 1633 746 1670 historiis
771 1633 856 1670 eius
880 1634 1150 1684 interpositae
1191 1633 1362 1683 suerint,
1387 1632 1528 1684 quales
1553 1633 1679 1671 Turn.

211 1687 342 1738 Wytt.
378 1691 505 1727 ceteri
540 1688 845 1727 intellexerunt.
906 1687 976 1727 De
1009 1690 1054 1727 C.
1090 1690 1136 1728 L.
1170 1690 1308 1727 Macro
1341 1696 1507 1728 oratore
1535 1689 1678 1727 Cicero

211 1744 366 1783 iudicat
406 1746 445 1784 in
483 1747 598 1784 Brut.
638 1744 709 1796 67,
743 1745 836 1785 238.
901 1745 1018 1794 Quod
1064 1751 1195 1784 autem
1240 1759 1319 1784 non
1362 1746 1518 1784 diserte
1551 1746 1679 1784 Macri

210 1800 497 1851 loquacitatem
532 1804 571 1841 in
605 1803 792 1852 historia,
824 1807 866 1840 ut
898 1815 989 1840 mox
1013 1801 1232 1840 elationem
1258 1804 1297 1840 in
1323 1803 1572 1841 orationibus
1596 1800 1680 1851 elu-

212 1870 307 1896 cere
331 1858 455 1897 dixit:
488 1873 608 1897 nemo
633 1860 836 1911 profecto,
859 1873 947 1897 cum
973 1864 1067 1897 ante
1095 1864 1247 1897 tantum
1271 1860 1321 1897 de
1344 1873 1478 1897 rerum
1501 1860 1679 1911 scripto-

211 1915 323 1953 ribus
356 1915 544 1967 dixisset,
578 1916 628 1954 de
661 1916 739 1954 alia
769 1917 902 1967 potuit
934 1917 1130 1966 cogitare,
1165 1930 1280 1967 quam
1314 1916 1366 1954 de
1398 1929 1470 1965 ea,
1507 1928 1606 1967 quae
1638 1915 1679 1953 in

210 1984 346 2010 rerum
382 1975 643 2011 enarratione
675 1979 933 2021 uersaretur3
966 1978 1006 2010 et
1039 1974 1316 2024 oppositorum
1350 1974 1454 2011 ratio
1482 1974 1580 2010 satis
1606 1971 1680 2009 de-

213 2026 391 2067 claratur
423 2029 619 2069 uocabulo
652 2031 987 2068 orationibus
1020 2043 1108 2067 cum
1132 2029 1327 2081 par-tuula
1361 2034 1528 2067 autem
1560 2040 1681 2080 prae-

211 2087 359 2138 posito
424 2087 583 2125 Deinde
613 2087 906 2123 adiectiumum
943 2086 1143 2130 (multis
1177 2091 1228 2123 et
1260 2083 1490 2140 ineptis)
1495 2084 1681 2183 5copula-

212 2144 269 2180 tio
297 2154 501 2208 perquam
527 2144 623 2181 trita
657 2146 730 2180 est
793 2142 856 2179 Cf.
891 2142 975 2179 Cic.
1004 2142 1055 2179 de
1086 2141 1177 2192 lege
1211 2156 1291 2193 agi.
1328 2139 1385 2191 ll,
1421 2142 1462 2182 2.
1495 2154 1534 2183 o.
1567 2155 1680 2180 uer-

214 2203 394 2236 santur
424 2201 637 2237 enimin
671 2202 833 2238 animo
875 2211 981 2235 meo
1021 2198 1216 2236 multae
1261 2203 1313 2237 et
1355 2211 1567 2249 magnae
1599 2211 1679 2236 co-

213 2256 530 2306 gitationes.
591 2257 712 2293 Uerr.
748 2256 796 2304 V,
829 2254 897 2295 45.
935 2253 1026 2294 119.
1059 2255 1108 2293 ad
1142 2257 1251 2294 Fam,
1284 2256 1333 2306 V,
1364 2257 1427 2295 17.
1453 2255 1493 2296 3.
1554 2255 1680 2293 Deni-

213 2325 289 2364 que
314 2313 562 2352 eruditae
589 2314 907 2351 Graecorum
939 2313 1119 2363 copiae
1148 2315 1174 2351 i.
1198 2325 1219 2350 e
1251 2313 1437 2351 eruditae
1459 2314 1679 2351 uerborum

216 2370 356 2421 copiae
389 2372 602 2422 oppositae
635 2375 728 2407 sunt
759 2368 1073 2408 librariolae
1104 2368 1305 2408 latinae.
1337 2372 1365 2408 i.
1391 2383 1427 2409 e.
1459 2369 1677 2407 latinorum

213 2424 409 2465 librorum
443 2426 747 2476 tabernaculae,
790 2428 828 2464 in
863 2428 1005 2477 quibus
1039 2425 1164 2465 latina
1195 2428 1411 2465 uerborum
1445 2427 1560 2477 copia
1593 2429 1682 2463 erat

215 2487 469 2522 coaceruata.
531 2484 835 2522 Deminutiuum
870 2482 976 2534 quod
1004 2483 1082 2521 hoc
1113 2497 1191 2522 uno
1214 2483 1303 2522 loco
1329 2487 1476 2533 exstat,
1499 2482 1539 2520 id
1565 2481 1680 2532 Wyt-

214 2541 474 2578 tenbaehium
515 2544 557 2579 et
596 2540 802 2579 Moserum
835 2553 1094 2579 commouere
1126 2554 1206 2579 non
1240 2541 1405 2591 debuit,
1445 2543 1488 2577 ut
1519 2538 1570 2575 de
1605 2539 1680 2576 ho-

214 2598 391 2637 minibus
425 2599 667 2648 cogitarent.

330 2656 439 2693 eius
475 2653 686 2705 amicus]
722 2652 927 2692 Corradus
947 2655 1127 2693 coniecit
1158 2666 1298 2694 meus
1330 2653 1540 2701 amicus,
1573 2650 1681 2704 quod

218 2710 391 2751 aduersa
425 2710 609 2750 codicum
644 2712 889 2749 auctoritate
918 2713 1091 2763 probare
1123 2724 1202 2749 non
1228 2710 1371 2749 debuit
1393 2709 1558 2759 Bakius,
1591 2709 1683 2760 quia

218 2769 334 2812 Brut.
351 2768 437 2822 ²75,
470 2767 567 2810 260.
629 2769 841 2808 Sisennam
876 2771 1047 2809 amicum
1089 2781 1201 2806 suum
1235 2768 1434 2805 nominat.
1496 2767 1541 2810 C.
1575 2765 1684 2804 enim
