1781 3192
413 214 570 252 Limen
605 212 909 251 SECUNDUS.
961 213 1058 251 CAP.
1094 212 1121 250 Ι.
1425 210 1504 248 121

37 327 158 366 Arch.
184 327 224 375 5,
257 329 316 366 10.
351 326 623 376 Rheginos
654 324 813 362 credo
849 347 897 352 —
931 322 1067 375 quod
1100 323 1337 361 scenicis
1371 324 1500 360 arti-

39 385 235 422 ficibus
276 381 460 431 largiri
503 379 771 429 solebant,
816 380 861 417 id
904 381 1026 418 huic
1065 392 1255 417 summa
1292 380 1498 429 ingenii

39 438 298 492 praedito
330 438 500 487 gloria
527 436 785 475 noluisse.
833 437 950 474 Verr.
985 436 1033 485 V,
1065 435 1134 476 30.
1168 436 1237 475 78.

156 498 274 533 siue
305 509 325 532 a
341 500 392 532 ut
423 493 545 544 quid
578 493 778 543 scribo]
839 494 936 530 Siue
969 494 1006 530 in
1041 493 1131 530 cod.
1165 493 1279 530 arch.
1310 491 1390 528 fuit
1417 495 1501 528 aut

43 552 167 602 quid
203 553 403 599 scribo,
437 553 526 588 siue
561 551 598 587 in
634 550 817 599 princip‹¹
852 556 1006 586 tanturn
1043 549 1258 585 meliorum
1297 547 1416 597 libro,
1461 549 1500 585 in

44 609 293 646 deteriorum
343 615 477 644 autem
531 607 714 656 principe¹
767 607 875 642 siue
927 604 1128 655 aliquid
1177 606 1374 653 scribo,
1427 605 1503 641 hoc

44 671 177 701 tamen
228 665 315 712 ipso
360 662 456 700 illud
500 664 786 710 confirmatur,
837 662 943 711 quod
982 668 1076 699 ante
1110 661 1438 698 commendatum
1481 673 1502 696 a

45 720 207 756 Dauisio
240 721 397 768 rcccpit
440 720 580 756 Gzins.
652 718 751 755 Nam
796 717 1020 767 aliquid,
1064 718 1139 755 etsi
1181 718 1395 768 probatum
1440 721 1504 752 cst

44 789 64 812 a
108 776 217 813 Uict.
259 776 369 812 Man.
415 776 554 812 hamb.
594 775 759 824 Zumpt.
802 775 897 811 nuk.
944 773 1149 823 ΔὛΙειιΙιιὶμίο
1192 772 1388 824 (gramm.
1428 772 1501 809 lat.

44 834 76 882 ξ.
111 829 249 883 332),
294 833 340 868 ab
391 832 466 868 hoc
508 831 598 868 loco
626 830 800 867 alienum
837 836 916 879 cst,
955 832 1048 880 quia
1080 830 1331 880 pronominis
1363 829 1502 866 inten—

45 887 169 926 dendi
202 900 320 925 causa
353 887 464 925 nulla
498 893 570 925 est.
619 887 683 923 (tf.
715 887 852 924 Madu.
886 899 1052 935 gramm.
1083 885 1155 923 lat.
1190 887 1219 936 ς.
1254 883 1353 925 484.
1407 886 1505 922 Aut

45 942 284 996 particulam
320 944 464 981 vicero
497 944 742 993 geminatam
778 944 929 993 posuit,
975 948 1032 991 ut,
1065 956 1152 980 cum
1186 944 1361 993 primum
1395 941 1506 990 cogi-

46 1002 249 1038 tationem
284 1005 404 1049 atque
436 999 598 1047 legendi
633 1000 1117 1049 scribendiquessperam
1160 1003 1364 1048 tamquam
1408 997 1507 1034 duas

46 1056 270 1093 studiorum
315 1061 451 1105 partes
495 1058 627 1092 animo
673 1055 899 1091 disiunctus
947 1055 1356 1104 comprehendisset,
1403 1053 1508 1089 hanc

45 1114 173 1163 ipsam
208 1111 340 1148 denuo
373 1111 595 1158 diuideret,
632 1110 970 1160 quemadmodum
1008 1111 1088 1148 hoc
1118 1110 1219 1148 fecit
1250 1110 1303 1147 de
1332 1109 1422 1147 Fin.
1458 1108 1507 1156 ΙΙ,

45 1167 113 1208 23.
154 1166 246 1207 107.
287 1167 334 1204 ad
367 1168 483 1204 Fani.
516 1167 589 1215 ΙΧ,
632 1166 701 1205 20.
736 1165 775 1206 3.
846 1167 932 1202 Nec
974 1179 1072 1203 uero
1110 1172 1222 1204 recte
1261 1170 1330 1202 aut
1371 1165 1510 1202 omisit

46 1236 270 1276 pronomen
304 1223 450 1274 steph.
484 1223 624 1275 (siue
656 1227 740 1259 aut
771 1224 949 1259 scribo
979 1227 1066 1259 aut
1096 1220 1239 1274 lego)
1281 1226 1350 1259 ant
1387 1231 1509 1271 prae-

47 1282 158 1318 misit
199 1293 287 1317 cum
331 1280 429 1317 Ern.
475 1280 509 1316 u
525 1291 613 1328 agn.
657 1278 752 1316 Seli.
796 1278 904 1315 Mos.
939 1276 1142 1329 Orellius;
1175 1279 1326 1329 quippe
1357 1289 1510 1328 prono-

47 1337 167 1375 minis
198 1336 405 1373 interiecti
439 1337 497 1373 uis
530 1337 585 1372 ita
620 1334 885 1383 deminuitur,
920 1341 962 1372 ut
994 1334 1260 1373 disiunctioni
1292 1335 1511 1372 uerborum

46 1391 168 1443 lego
203 1396 245 1429 et
277 1393 458 1429 scribo
492 1391 529 1429 id
563 1390 667 1428 nihil
698 1392 862 1428 omuino
893 1391 1060 1430 officiat.

163 1448 198 1497 ᾗ.
240 1447 280 1486 2.
324 1461 455 1485 nuuc
507 1447 864 1499 potissimum]
934 1449 963 1485 i.
1004 1460 1038 1485 e.
1089 1447 1167 1484 hoc
1217 1447 1375 1484 aestiuo
1417 1445 1512 1482 anni

49 1509 252 1554 tempore.
299 1504 362 1541 cf.
395 1504 424 1552 Ι,
466 1503 499 1552 ᾗ.
539 1503 600 1543 15.
635 1503 682 1552 ΙΙ,
716 1503 750 1552 ξ.
782 1502 819 1543 3.
881 1503 1120 1553 Opportune
1153 1503 1299 1540 Creuz.
1332 1501 1514 1539 laudauit

52 1558 305 1598 simillimum
350 1559 532 1597 Platonis
570 1557 702 1596 locum
746 1561 784 1596 in
828 1554 1002 1597 Pliaedr.
1043 1572 1086 1610 p.
1129 1557 1226 1598 229.
1262 1559 1309 1596 Α.
1356 1558 1515 1596 Manut.

51 1617 190 1654 Lamb.
228 1615 309 1653 Dau
353 1616 449 1654 Ern.
483 1615 623 1666 Wagn.
656 1617 746 1652 sine
779 1613 860 1653 ulla
892 1614 1077 1652 codicum
1108 1615 1354 1653 auctoritate
1384 1627 1516 1652 nunc

51 1674 283 1723 primum.

164 1728 280 1777 isti]
347 1727 553 1765 Inuidiose
596 1732 636 1764 et
676 1728 912 1764 contemtim
955 1732 1150 1778 petuntur
1189 1727 1359 1764 Romani
1400 1724 1516 1763 lux-u-

52 1785 175 1833 riosi,
219 1789 262 1821 ut
304 1784 488 1832 Luculli,
529 1784 732 1834 Philippi,
780 1786 843 1833 qui
887 1796 1013 1835 aquae
1055 1784 1199 1821 ductus
1238 1796 1384 1834 magno
1426 1795 1516 1819 cum

54 1845 189 1878 sumtu
224 1842 263 1877 in
294 1838 403 1877 uillis
436 1840 648 1877 sodis-bant
679 1846 720 1876 et
750 1845 918 1891 propter
951 1839 1278 1889 similitudinem,
1320 1852 1423 1890 quae
1455 1840 1515 1875 eis

54 1896 122 1935 uel
159 1909 248 1934 cum
283 1894 375 1933 Nlo
415 1903 528 1933 esset
570 1898 607 1933 in
651 1895 765 1947 plura
811 1896 998 1934 bracchia
1040 1902 1283 1934 excurrente
1326 1895 1393 1933 nel
1427 1907 1515 1932 cum

54 1954 163 1991 freto
219 1953 389 1989 euboico
413 1981 424 2001 ,
484 1965 559 2003 per
616 1952 726 2002 quod
784 1955 906 1989 maris
961 1960 1097 1990 aestus
1156 1954 1350 1990 continuo
1407 1952 1519 1988 fluxu

55 2009 365 2059 reciprocatur,
425 2007 654 2060 splendidis
710 2009 939 2046 nominibus
990 2009 1142 2047 Nilos
1196 2014 1238 2047 et
1285 2009 1517 2058 Euripos

55 2063 332 2116 appellabant.

171 2125 223 2157 et
252 2119 311 2156 de
346 2119 482 2169 iure]
543 2118 654 2157 Male
684 2120 825 2157 Lamb.
858 2119 959 2158 Ern.
993 2120 1138 2170 VVagn.
1166 2121 1262 2158 sch.
1295 2121 1384 2157 sine
1414 2120 1522 2156 iusta

56 2174 241 2214 codicum
294 2178 540 2213 auctoritate
591 2177 942 2226 praepositionem
994 2178 1235 2214 omiserunt.
1303 2177 1406 2213 Nam
1454 2173 1521 2213 uel

55 2236 250 2282 cognatas
285 2244 349 2269 res
375 2234 558 2283 repetita
580 2233 891 2284 praepositione
914 2231 1207 2283 monosyllaba,
1240 2245 1316 2284 quo
1338 2244 1523 2282 quaeque

54 2288 216 2338 grauius
251 2288 464 2337 efferatur,
499 2288 801 2339 quodammodo
833 2290 1014 2339 separari
1045 2294 1222 2329 constat.
1274 2289 1363 2330 Cic.
1387 2288 1467 2326 Off.
1488 2288 1518 2337 Ι,

60 2342 126 2384 14.
150 2342 221 2383 42.
257 2343 319 2381 de
350 2345 724 2383 beneficentia
757 2358 808 2382 ac
843 2344 1274 2384 deliberalitate
1297 2345 1523 2383 dicatur.

52 2400 177 2439 Verr.
215 2396 248 2449 Ι,
285 2398 350 2439 31.
385 2401 452 2439 78.
488 2400 546 2438 ad
577 2403 676 2439 uim
711 2406 864 2450 atque
898 2401 958 2439 ad
991 2414 1146 2440 arma.
1177 2415 1252 2454 pro
1280 2401 1391 2440 Sest.
1417 2396 1459 2451 4,
1481 2397 1523 2439 9.

54 2468 114 2494 ex
148 2455 380 2494 latebris
413 2460 573 2507 atque
604 2470 661 2494 ex
695 2459 948 2496 tenebris.
993 2457 1045 2496 de
1074 2459 1166 2499 Fin.
1200 2455 1236 2509 Ι,
1273 2457 1336 2498 10.
1374 2455 1441 2497 34.
1471 2457 1523 2494 in

53 2511 268 2551 liberos
313 2518 466 2563 atque
505 2515 554 2550 in
598 2514 905 2563 sanguinem
947 2528 1100 2555 suum.
1166 2517 1254 2565 Quo
1294 2515 1335 2552 in
1367 2525 1523 2565 genere

56 2572 208 2619 quanta
250 2568 463 2607 sentiendi
503 2569 675 2607 libertas
712 2571 788 2619 sit,
829 2582 878 2608 ex
918 2571 982 2609 his
1025 2571 1196 2624 aliisque
1241 2569 1382 2610 multis
1423 2569 1525 2608 licet

57 2637 327 2675 cognoscere.
391 2626 449 2663 Dc
481 2626 584 2675 Leg.
620 2625 687 2675 ΙΙΙ,
715 2626 756 2665 5.
796 2625 858 2666 14.
907 2627 1051 2667 Cicero
1083 2630 1249 2681 scripsit
1280 2630 1331 2666 in
1360 2625 1524 2666 solem

59 2685 220 2730 atque
254 2682 300 2718 in
331 2681 638 2732 puluerem;
671 2681 720 2719 ad
753 2683 868 2722 Brut.
902 2682 937 2724 9.
960 2683 1030 2725 37.
1062 2686 1111 2723 in
1144 2685 1301 2724 solem
1331 2690 1382 2723 et
1411 2682 1525 2735 pul·-

57 2748 253 2786 uerem3
296 2750 371 2789 pro
419 2739 508 2777 Mil.
556 2741 601 2788 1,
645 2738 684 2778 2.
728 2739 776 2775 in
818 2740 936 2778 foro
980 2742 1102 2780 etin
1134 2741 1349 2791 iudicio,
1379 2746 1420 2777 at
1449 2751 1525 2790 pro

59 2790 171 2831 Cael.
208 2794 272 2843 ¹5,
299 2793 364 2835 35.
398 2795 445 2833 in
479 2795 646 2832 forum
681 2794 1056 2848 iudiciumque.
1109 2798 1313 2836 Similiter
1334 2798 1529 2847 cognatas

1282 2866 1304 2887 ὓ
