1781 3192
226 203 288 242 50
794 203 866 242 DE
897 203 1132 243 LEGlBUS

232 316 299 358 13.
330 316 400 358 30.
432 313 700 354 declarari
737 320 915 355 censet
945 317 1070 355 haec
1102 316 1367 366 duntaxat,
1400 316 1577 368 pabuli
1610 330 1694 368 ge-

228 387 320 412 nus
355 379 405 410 et
437 383 607 410 earum
637 385 824 422 rerum,
855 387 976 423 quas
1008 382 1151 411 terra
1177 378 1423 424 procreet
1445 373 1523 411 uel
1548 377 1693 412 uber-

227 436 387 468 tatem
421 427 506 466 uel
538 429 870 466 tenuitatem.
932 426 987 467 ld
1025 442 1112 467 cum
1148 429 1420 467 deterioribus
1453 430 1690 480 quibusdam

227 487 326 523 satis
361 490 528 522 tuentur
563 483 684 522 codd.
710 483 977 526 BE6Gd.2.
1038 486 1211 522 codices
1242 487 1276 524 A
1297 485 1447 526 11.65.
1483 491 1525 524 ut
1555 485 1692 524 multis

226 541 329 579 locis
364 540 480 590 aliis,
518 540 559 578 h.
589 540 618 578 l.
653 546 827 582 correcti
860 548 956 580 sunt
990 555 1036 579 ex
1071 542 1360 579 deterioribus.

341 596 774 649 quemadmodum
813 611 1082 638 caueamus
1122 600 1148 635 i.
1182 611 1216 637 e.
1251 597 1592 647 quemadmodum
1626 611 1695 635 ca-

229 667 424 703 ueamus,
466 666 517 691 ne
560 655 600 691 in
631 655 718 691 iure
750 660 817 693 aut
849 654 1088 692 iudiciorum
1123 654 1309 691 formulis
1341 659 1499 693 temere
1532 656 1593 692 usi
1628 660 1694 692 aut

229 712 554 749 aduersariorum
589 711 742 763 artibus
777 712 1043 749 circumuenti
1075 723 1195 748 causa
1225 710 1433 748 cadamus.

342 768 397 805 ab
431 767 546 817 uno]
609 766 858 817 intelligitur
896 768 1039 805 Seru.
1082 767 1378 818 Sulpicius,
1420 779 1536 817 quem
1583 768 1695 805 Brut.

228 824 297 872 41,
346 823 436 863 151.
484 824 660 861 omnium
708 836 787 861 non
834 823 1017 861 eiusdem
1066 823 1186 861 modo
1226 825 1395 872 aetatis,
1441 822 1514 861 sed
1555 836 1696 862 eorum

229 883 366 930 etiam,
399 881 465 930 qui
499 880 689 929 fuissent,
722 881 762 917 in
795 883 883 918 iure
915 881 1024 918 ciuili
1058 882 1284 931 principem
1319 880 1446 917 fuisse
1478 879 1590 917 dicit.

339 942 455 975 tota
487 948 641 975 causa
676 937 776 987 est]
809 938 927 975 Hunc
950 937 1166 974 uerborum
1199 936 1382 974 ordinem
1407 936 1532 981 (Uict.
1554 936 1694 974 Lamb.

227 995 325 1032 Ern.
360 993 501 1043 Wagn.
533 994 768 1030 uniuersi
803 994 941 1031 iuris
975 997 1056 1031 est
1087 1006 1141 1030 ac
1172 991 1363 1046 legum)
1403 991 1500 1030 inde
1533 1006 1555 1030 a
1585 992 1695 1029 Goe—

228 1052 369 1089 renzio
402 1051 548 1087 merito
580 1062 673 1087 esse
704 1051 917 1101 probatum
952 1063 1040 1087 cum
1071 1049 1362 1100 plurimorum,
1401 1054 1484 1086 tum
1517 1050 1694 1100 optimo-

227 1121 315 1145 rum
356 1107 539 1145 codicum
573 1108 796 1144 auctoritas
838 1107 982 1154 arguit.
1045 1107 1363 1143 Uniuersum
1406 1107 1485 1142 ius
1528 1106 1695 1155 opposi-

228 1168 313 1202 tum
358 1168 423 1201 est
463 1161 633 1208 singulis
673 1163 760 1200 eius
799 1164 1008 1213 partibus,
1049 1169 1092 1199 ut
1124 1161 1188 1199 uel
1220 1165 1282 1200 ius
1315 1167 1483 1198 naturae
1515 1174 1562 1198 eo
1595 1173 1695 1196 con-

228 1223 423 1259 tineatur.
484 1219 549 1257 Cf.
582 1220 616 1268 ᾗ.
652 1217 717 1258 14.
778 1219 908 1256 Causa
948 1224 1081 1256 autem
1123 1230 1190 1255 res
1232 1223 1296 1254 est
1335 1231 1409 1266 qua
1452 1216 1502 1253 de
1548 1217 1694 1265 agitur.

230 1278 313 1316 Cic.
357 1278 430 1315 Ac.
475 1276 524 1325 ll,
568 1276 633 1315 13.
675 1274 743 1315 40.
804 1277 950 1313 unius
999 1275 1291 1325 argumenti
1345 1272 1697 1310 conclusione

230 1339 340 1372 tota
389 1333 444 1371 ab
489 1332 574 1369 his
618 1345 774 1369 causa
824 1332 1317 1382 comprehenditur.
1381 1330 1528 1366 'rotam
1571 1330 1697 1379 igitur

230 1402 392 1428 causam
434 1390 615 1425 uniuersi
658 1389 756 1424 iuris
801 1386 1019 1437 complecti
1059 1387 1136 1424 hoc
1176 1391 1241 1423 est
1279 1387 1340 1423 ius
1374 1386 1608 1423 uniuersum
1640 1387 1696 1423 ita

230 1444 466 1497 complecti,
499 1449 542 1481 ut
572 1442 681 1480 nulla
714 1446 801 1480 eius
833 1456 926 1493 pars
949 1443 1318 1492 praetermittatur.
1383 1443 1494 1490 Quae
1525 1455 1616 1479 cum
1639 1443 1697 1478 ita

230 1505 328 1553 sint,
359 1514 438 1539 nec
471 1501 710 1552 epexegesis
733 1497 917 1551 (qualem
942 1499 1087 1537 Bakius
1110 1510 1335 1549 agnoscere
1358 1494 1545 1550 uidetur)
1566 1499 1696 1535 uesti-

229 1562 337 1611 gium
371 1557 497 1596 ullum
527 1560 591 1594 est
620 1562 661 1593 et
688 1558 810 1593 uerba
842 1557 1130 1593 uniuersus
1159 1568 1213 1593 ac
1244 1559 1389 1592 totus
1412 1553 1566 1592 idcirco
1588 1555 1698 1592 inter

230 1630 275 1653 se
307 1615 511 1653 disiuncta
544 1624 639 1650 esse
669 1618 799 1663 patet,
831 1624 885 1650 ne
915 1613 976 1650 uis
1009 1611 1198 1662 dicendi,
1241 1623 1342 1662 quae
1374 1611 1413 1648 in
1448 1611 1584 1648 uerbis
1615 1609 1696 1648 illis

231 1673 366 1725 posita
397 1674 484 1719 est,
518 1670 786 1707 minueretur.

345 1725 721 1776 concludatur]
782 1726 1041 1774 Naturae,
1089 1722 1196 1775 quod
1232 1724 1272 1760 in
1313 1723 1405 1761 cod.
1444 1723 1556 1761 arch.
1603 1729 1699 1774 post

231 1782 586 1823 concludatur
630 1782 759 1819 fuisse
811 1793 992 1819 summus
1044 1781 1229 1819 codicum
1277 1791 1501 1816 consensus
1549 1781 1695 1828 arguit,

231 1841 377 1892 Steph.
410 1840 519 1878 Man.
553 1839 646 1877 Sch.
680 1839 789 1878 Mos.
821 1838 971 1876 Bakius
1004 1837 1266 1887 expulerunt,
1298 1835 1425 1872 Goer.
1456 1839 1499 1872 et
1520 1833 1698 1871 Orellius

236 1899 350 1936 uncis
374 1895 643 1934 incluserunt.
705 1895 758 1932 Et
782 1899 897 1932 recte
916 1892 1077 1945 quidem
1101 1893 1368 1943 improbatum
1396 1895 1475 1940 est,
1508 1891 1696 1940 quoniam

233 1959 275 1991 et
314 1953 522 1992 sententia
564 1952 607 1989 id
648 1953 808 2003 respuit
847 1955 890 1988 et
920 1951 1061 1989 oratio.
1123 1950 1223 1987 Nam
1264 1961 1341 1986 nec
1373 1959 1446 1997 pro
1476 1951 1699 1984 naturae

231 2012 321 2048 iure
367 2007 542 2060 simplex
586 2013 806 2046 naturae
843 2006 1083 2045 uocabulum
1124 2010 1263 2057 potest
1306 2004 1489 2054 usurpari
1543 2016 1620 2041 nec
1658 2004 1698 2040 in

232 2072 448 2117 angustum
496 2065 628 2102 locum
668 2065 773 2102 iuris
818 2068 988 2102 naturae
1036 2064 1098 2099 ius
1139 2061 1258 2099 ciuile
1300 2059 1582 2109 concluditur,
1624 2060 1699 2099 sed

233 2123 397 2160 omniuo
425 2123 465 2158 in
498 2133 664 2172 paruum
699 2119 898 2170 quendam
930 2118 1064 2155 locum
1097 2119 1222 2155 totius
1255 2117 1564 2167 disputationis,
1598 2128 1700 2166 quae

231 2182 399 2230 praeter
425 2178 488 2215 ius
513 2181 684 2214 naturae
716 2177 837 2213 etiam
871 2175 985 2225 leges
1006 2173 1356 2225 complectebatur
1380 2174 1572 2223 optimas,
1607 2174 1698 2223 qui·

233 2237 306 2272 bus
338 2234 529 2271 ciuitates
560 2233 647 2282 regi
679 2232 896 2279 deberent,
931 2244 1006 2268 nec
1036 2229 1271 2281 negligebat
1306 2230 1415 2266 iussa
1455 2227 1699 2279 populorum

232 2295 274 2328 et
306 2290 461 2327 romani
493 2287 630 2340 populi
664 2289 750 2326 iura
778 2287 931 2326 ciuilia.
991 2288 1104 2337 Quae
1134 2287 1260 2325 totius
1299 2285 1590 2337 disputationis
1631 2298 1699 2323 ca-

234 2348 319 2398 pita
349 2347 438 2397 ipse
469 2344 666 2395 deinceps
699 2345 909 2382 describit.

347 2402 501 2439 nobis
533 2401 637 2451 est]
669 2401 750 2439 Pro
782 2399 947 2451 uulgato
986 2400 1130 2437 horum
1178 2398 1395 2436 uerborum
1437 2396 1583 2434 ordine
1623 2409 1701 2435 ex-

235 2457 488 2510 plicanda
519 2462 602 2494 est
632 2459 783 2495 nobis
814 2458 962 2495 merito
994 2456 1091 2493 mihi
1124 2455 1231 2493 hunc
1263 2454 1407 2491 uideor
1434 2454 1597 2504 potiore
1631 2466 1700 2491 co-

236 2515 368 2552 dicum
410 2514 656 2551 auctoritate
697 2527 786 2551 cum
828 2513 954 2551 Bakio
994 2513 1242 2550 restituisse.
1305 2508 1563 2548 incommode
1603 2521 1700 2560 pro-

237 2582 387 2608 nomen
418 2582 443 2607 n
462 2569 573 2607 obis
606 2571 763 2608 acuitur
794 2582 859 2620 eo,
894 2568 1000 2620 quod
1030 2572 1240 2620 postremo
1263 2567 1352 2604 loeo
1374 2566 1554 2616 ponitur.
1616 2566 1700 2603 'se-

237 2638 350 2665 mere
384 2631 520 2663 autem
552 2638 643 2663 mox
672 2627 841 2677 Bakius,
882 2627 974 2676 quia
1006 2625 1174 2663 nostri
1207 2621 1386 2674 populi
1419 2623 1526 2677 iura
1561 2620 1702 2658 dicere

237 2682 450 2720 Ciceronis
483 2682 767 2720 consuetudini
800 2683 1047 2721 contrarium
1080 2683 1194 2718 esset
1223 2683 1265 2716 et
1293 2680 1333 2716 in
1366 2677 1457 2715 cod.
1501 2688 1534 2726 γ
1566 2674 1700 2727 paullo

240 2743 335 2776 ante
370 2740 509 2776 iussa
538 2738 719 2789 populi
749 2737 1057 2791 populorum
1091 2737 1284 2786 scriptum
1319 2737 1429 2771 esset
1451 2746 1524 2782 pro
1556 2734 1701 2771 iussa

239 2795 546 2847 populorum
585 2797 713 2844 (quasi
748 2809 843 2833 uero
877 2796 954 2833 hoc
989 2793 1037 2831 ad
1070 2797 1204 2831 nostra
1239 2792 1358 2829 uerba
1389 2787 1572 2842 ualeret)
1603 2801 1702 2827 con-
