1781 3192
411 186 565 225 Lmen
600 183 856 226 TERTiUS.
905 184 1006 223 en.
1041 184 1106 223 ΙΙΙ.
1401 183 1492 223 255

39 303 70 353 §.
103 299 173 341 66.
206 301 341 338 ciuis
373 312 394 337 e
427 312 476 336 re
511 297 716 350 publica
749 298 972 339 maxime.
1033 296 1216 336 Platonis
1242 298 1366 336 uerba
1398 304 1491 336 sunt

37 360 78 397 in
111 358 233 406 ngg.
265 356 329 395 ΙΙΙ.
362 369 399 407 p.
432 357 528 395 701.

155 420 204 451 ut
231 412 311 450 illi
339 435 394 442 —
426 413 497 450 sic
528 409 598 461 hi]
660 410 749 448 Etsi
784 411 836 458 ii,
875 411 941 461 qui
973 410 1245 448 aduersantur
1275 412 1490 461 magistra-

40 472 165 518 tibus,
199 470 437 520 pronomine
470 483 491 519 q
506 470 551 506 ui
586 469 662 505 iam
698 468 825 504 notati
858 474 968 516 sunt,
1001 473 1135 504 tamen
1168 466 1406 506 caelestium
1450 474 1492 506 et

41 528 346 576 magistratuum
379 526 580 575 oppositio
612 524 755 572 efficit,
790 529 831 560 ut
861 537 998 560 eorum
1033 537 1204 574 quoquo,
1244 524 1310 574 qui
1343 525 1492 562 adner-

42 588 196 630 santur‚
222 583 426 632 oppositio
447 580 688 619 luculentius
709 580 975 630 superaddito
1001 582 1239 631 pronomine
1262 580 1490 620 demonstr.

41 638 286 676 declaretur.
340 637 404 675 (ΕΓ.
446 638 530 674 Cic.
574 638 642 674 Ac.
688 633 748 686 H,
782 637 821 675 ἴ).
863 636 923 676 14.
969 635 1224 674 similiter
1263 650 1350 674 uos
1387 651 1490 676 cum

37 694 371 745 perturbare,
413 699 460 730 ut
502 692 582 731 illi
624 706 727 731 rem
762 693 1053 743 publicam,
1088 695 1161 731 sic
1195 706 1284 730 uos
1318 693 1491 744 philo-

39 750 275 801 sophiam
330 752 422 786 iam
474 752 600 787 bene
644 751 995 787 constitutam
1048 748 1263 797 uelitis,
1314 750 1490 802 Empe-

37 806 234 844 doclem
267 829 320 832 ——
352 806 633 857 profertis.
669 806 720 843 de
749 808 819 844 Or.
855 802 911 855 ll,
941 806 1009 846 30.
1043 806 1132 845 130.
1166 806 1292 844 'susm
1320 802 1398 856 ΙΙΙ,
1421 805 1491 846 29.

36 861 323 914 Exemplorum
365 864 520 912 copiam
568 863 803 914 suppeditat
837 863 981 914 wopk.
1015 864 1145 900 het-tt.
1187 862 1298 901 Tull.
1337 876 1379 915 p.
1421 864 1492 904 25.

37 919 100 957 Cf.
135 923 350 970 praeterea
384 918 521 957 Madu.
555 918 606 956 (le
635 920 725 957 Fin.
758 933 797 970 p.
822 918 918 962 743,
944 919 1089 958 matth.
1124 918 1176 956 de
1199 920 1319 959 Anac.
1352 921 1489 971 p.17.

36 973 157 1014 Halm
191 988 262 1027 pro
295 978 405 1012 Sest.
437 988 478 1026 p.
516 973 607 1014 199.

151 1031 278 1069 ordo
310 1032 413 1068 iste
441 1045 494 1068 re
509 1045 525 1066 r
538 1032 632 1081 ιιιιι]
695 1032 812 1070 liunc
835 1032 1050 1068 uerborum
1076 1030 1260 1069 ordinem
1285 1033 1491 1071 immerito

37 1101 59 1125 a
86 1087 209 1128 Goer.
244 1088 335 1126 sch.
373 1088 476 1125 Mos.
511 1088 580 1125 Or.
614 1088 844 1137 neglectum
881 1088 976 1137 (ipsi
1009 1087 1133 1124 ordo
1166 1100 1330 1125 rerum
1362 1090 1489 1138 iste)

34 1144 196 1195 potiore
224 1142 341 1182 codd.
374 1145 616 1180 auctoritate
647 1156 736 1180 cum
770 1143 893 1180 Bakio
922 1145 1122 1182 reuocaui.

151 1200 264 1243 ΙΙΙ.
327 1199 358 1249 §.
392 1198 432 1239 6.
493 1200 635 1236 iusta
666 1200 890 1250 imperia
930 1203 1024 1236 sunt
1064 1212 1135 1247 ea,
1175 1210 1278 1248 qnae
1319 1200 1358 1237 in
1402 1201 1490 1239 iure

36 1261 80 1294 et
117 1253 278 1306 legibus
317 1259 412 1306 sunt
454 1255 586 1306 posita
626 1267 702 1293 nec
743 1267 906 1304 eorum,
948 1255 1014 1305 qui
1051 1256 1284 1306 imperant,
1323 1257 1491 1294 arbitrio

36 1318 238 1363 suscepta.
302 1311 395 1350 Mox
427 1311 526 1350 Dau.
560 1316 601 1348 et
621 1311 745 1350 Goer.
781 1311 968 1362 hisque
991 1324 1065 1362 pro
1087 1313 1222 1361 iisqu
1237 1324 1271 1350 e.
1330 1312 1491 1351 Deinde

35 1369 306 1418 antiquiorem
336 1369 508 1405 sormam
541 1369 671 1404 ciuis
706 1374 749 1405 ut
780 1367 914 1417 legem
947 1368 1119 1405 maxime
1143 1367 1490 1408 accommodatam

37 1436 87 1462 ex
118 1423 240 1462 codd.
273 1425 458 1460 omnibus
488 1424 626 1473 recepi
658 1436 747 1460 cum
777 1425 964 1471 Moser03
997 1425 1125 1461 ceteri
1158 1425 1316 1462 ciues.

152 1492 244 1518 nec
277 1492 299 1517 o
318 1478 635 1529 bedientem]
669 1479 733 1517 Cf.
765 1493 866 1530 qnae
890 1480 941 1517 de
963 1485 1067 1530 part.
1092 1491 1185 1518 nec
1206 1479 1492 1532 dixi11,§.22.

151 1548 278 1585 etin
310 1547 483 1597 noxia]
545 1545 712 1593 Mendi,
756 1545 861 1596 quod
901 1547 940 1583 in
979 1546 1071 1584 cod.
1114 1547 1219 1586 arch.
1261 1546 1366 1597 fuit,
1419 1548 1491 1585 in-

37 1603 264 1653 noxium,
297 1602 544 1655 probabilior
576 1608 639 1639 est
669 1602 878 1640 Gebhardi
920 1604 1119 1640 correctio
1142 1601 1212 1655 ἐξ),
1253 1615 1355 1653 quae
1384 1603 1490 1641 Gzio

36 1657 204 1709 placuit,
236 1661 283 1697 in
317 1661 491 1708 noxia,
525 1671 640 1709 quam
674 1660 907 1696 coniectura
939 1672 960 1696 a
990 1659 1172 1697 Uictorio
1205 1659 1302 1697 inde
1327 1658 1490 1710 uulgata

35 1716 259 1753 noxium.
321 1715 517 1753 Nimirum
552 1715 599 1751 in
632 1716 797 1764 noxia,
831 1715 920 1765 quia
952 1728 1023 1765 pro
1046 1715 1247 1753 adiectiuo
1271 1716 1489 1765 habebant,

37 1770 87 1809 ad
130 1772 374 1809 substantiui
416 1771 586 1808 formam
636 1770 1008 1811 accommodarunt.
1078 1772 1124 1809 ln
1173 1773 1320 1809 noxia
1368 1784 1489 1810 esse

37 1840 128 1865 eum
167 1827 270 1877 dici,
311 1828 402 1878 quia
439 1830 582 1876 noxia,
624 1828 648 1866 i.
690 1840 726 1864 e.
768 1826 967 1865 maleficio
1008 1829 1229 1865 obstrictus
1270 1830 1346 1878 sit,
1388 1830 1488 1866 satis

37 1888 215 1922 constat.
265 1883 329 1921 cf.
361 1882 492 1923 Plaut.
527 1883 653 1922 Mero.
687 1883 757 1933 lv,
791 1883 831 1923 3.
867 1882 932 1924 30.
995 1885 1252 1935 Quapropter
1282 1898 1355 1922 cur
1377 1884 1490 1923 idem

37 1940 221 1979 attributi
252 1940 381 1978 instar
411 1941 595 1990 usurpari
627 1944 821 1990 nequeat,
855 1941 1097 1991 praesertim
1131 1946 1173 1978 et
1202 1939 1372 1991 reliquis
1395 1952 1489 1978 uer-

37 1997 99 2034 bis
129 1998 414 2047 interpositum
448 2002 489 2034 et
520 1997 559 2033 in
590 1995 703 2046 lege,
742 1997 781 2033 in
815 2010 890 2047 qua
921 2001 965 2034 ut
994 1998 1033 2034 in
1075 1996 1317 2034 definitione
1356 1997 1490 2034 breui·

37 2056 122 2091 tate
151 2065 251 2104 opus
285 2058 349 2090 est
375 2053 447 2099 (cf.
480 2052 600 2102 Seyff
641 2052 691 2089 ad
722 2051 836 2090 Lael.
867 2065 906 2104 p.
945 2051 1086 2102 1190,
1118 2066 1197 2090 non
1230 2051 1485 2103 intelligitur.

37 2108 336 2158 Cf.1un.Vu,
365 2107 459 2147 207.
502 2113 708 2146 tenuem
753 2112 805 2146 et
843 2110 961 2146 sine
1001 2108 1239 2160 pondere
1278 2115 1486 2149 terram.

37 2165 125 2204 Cic.
167 2163 218 2202 ad
248 2166 331 2205 Att.
364 2161 408 2214 Ι,
445 2163 509 2204 18.
550 2163 591 2204 5.
633 2177 775 2214 quam
816 2165 1036 2215 ignauus
1079 2178 1130 2203 ac
1171 2165 1284 2202 sine
1325 2165 1487 2202 animo

37 2220 205 2260 miles.
229 2221 279 2259 de
302 2222 371 2261 Or.
398 2216 478 2270 Ill,
503 2219 690 2261 48185.
721 2219 814 2258 illa
839 2223 951 2258 sine
974 2219 1291 2259 interuallis
1314 2220 1489 2272 loqua-

41 2278 190 2314 citas.
231 2276 282 2313 de
313 2277 415 2326 Rep.
451 2273 492 2324 l,
532 2277 598 2316 22.
646 2290 774 2327 quae
825 2277 887 2315 de
932 2277 1040 2315 ista
1088 2275 1488 2316 consultatione

41 2332 244 2382 scripta
277 2333 426 2369 nobis
457 2334 634 2369 summi
660 2345 716 2370 ex
739 2333 960 2371 Graecia
984 2334 1488 2386 sapientissimique

39 2388 279 2426 homines
320 2386 668 2438 reliquerunt.
712 2389 786 2427 Off.
829 2385 873 2438 I,
914 2387 954 2428 8.
993 2388 1059 2430 29.
1100 2391 1284 2441 quibus
1328 2390 1488 2428 rebus

39 2445 298 2496 possimus
328 2442 588 2481 facillime
620 2456 748 2494 eam,
788 2455 932 2495 qnam
964 2445 1224 2495 uolumus,
1257 2445 1486 2498 adipisci

39 2513 147 2539 cum
189 2499 392 2538 honore
433 2505 485 2538 et
524 2499 635 2538 side
672 2502 965 2542 caritatem.
1039 2503 1134 2543 Dan.
1176 2502 1353 2540 coniecit
1397 2514 1489 2541 nec

40 2557 377 2595 obedientem
421 2570 496 2594 nec
538 2557 803 2596 innoxium.
866 2558 961 2596 Mox
1001 2559 1199 2598 uinclis
1234 2559 1336 2597 Gzio
1372 2560 1489 2612 prin-

37 2615 128 2665 cipe
160 2611 330 2664 reliqui3
363 2614 597 2665 superiores
630 2613 874 2654 uinculis.

34 2780 59 2814 h
105 2735 161 2813 df)
196 2735 315 2814 {trani
351 2735 385 2767 in
424 2738 542 2769 annot.
583 2733 659 2768 crit.
704 2735 739 2768 id
781 2735 963 2770 Gulielmo
1007 2737 1216 2772 tribuendo.
1264 2736 1357 2780 qnod
1394 2736 1490 2769 Geb-

63 2792 102 2814 ar
128 2792 139 2814 ι
163 2791 201 2814 es
219 2803 229 2813 .
