1781 3192
455 204 614 244 {ABER
648 203 868 242 l'RlMUS.
922 202 1020 242 Car.
1057 202 1144 239 XX.
1472 198 1532 237 99

52 318 173 369 gandi
219 317 464 368 particulam
508 329 570 354 ne
609 313 728 368 (una
773 319 853 352 est
878 312 979 355 'sol
1018 308 1200 362 diss.?)
1241 312 1437 349 omiserat
1479 315 1522 348 et

52 374 199 424 reliqui
233 374 484 411 deteriorum
518 372 703 410 codicum
733 372 1029 409 correctionem
1073 370 1202 407 secuti
1245 372 1364 405 erant
1402 364 1520 419 (una

58 431 206 468 dere
239 453 293 457 —-
327 430 486 468 Manut.
518 428 579 466 de
609 440 703 466 una
735 440 863 464 re—
888 431 970 464 est
992 424 1162 464 solum
1194 420 1520 474 dissensio?)

53 486 160 535 Quid
193 484 338 523 enim?
371 487 405 523 si
437 498 532 523 una
566 483 627 522 de
655 496 709 521 re
739 484 972 534 scripseris,
1004 495 1099 519 una
1133 480 1241 532 quod
1273 477 1402 517 altero
1425 477 1518 517 1000

59 543 260 592 sequitur,
292 540 341 578 ad
374 553 476 579 rem
510 541 718 592 pertinere
748 551 922 576 necesse
956 542 1020 576 est
1054 538 1313 587 efficiturque
1345 540 1519 573 senten-

54 600 109 636 tia
140 595 233 634 talis
273 597 495 646 quaedam:
539 609 636 634 una
668 596 729 634 de
771 608 848 644 re,
891 607 1020 645 quae
1059 592 1269 645 quidem
1309 591 1369 629 ad
1408 603 1516 628 rem

53 653 347 704 pertineat.
416 653 467 690 At
506 653 688 703 pertinet
730 664 824 688 una
866 651 916 688 ad
950 651 1270 688 dissensionem.
1330 647 1448 696 Quod
1484 648 1517 684 si

53 711 109 746 ita
141 713 232 756 est,
267 721 360 745 111111
393 721 551 759 quoque
583 708 692 759 quod
722 709 858 757 priore
891 707 980 745 loco
1011 708 1188 757 positum
1223 709 1302 752 est,
1349 703 1400 740 ad
1432 702 1518 740 dis-

54 764 285 801 sensionem
318 776 490 802 00005εο
522 770 586 802 051
614 766 851 816 1)01·11001·0;
890 775 1071 813 uereque
1099 761 1248 799 Bakius
1272 759 1375 797 dixit
1408 758 1516 796 dis-

55 820 357 856 sensionem
393 833 535 858 unam
575 823 689 868 (eine
721 821 881 870 einzige
915 815 1515 868 Meinungsverschiedenheit)

54 876 284 913 rectissime
316 875 394 914 dici
428 890 501 928 pro
532 876 889 915 dissensione
922 875 982 913 de
1015 886 1067 912 re
1097 886 1208 911 una.

167 933 375 981 antiqui
418 932 613 983 omnes]
681 932 829 969 Bakius
881 930 946 968 uel
988 934 1031 967 ut
1071 931 1274 967 emineret
1312 927 1516 978 oppositio

55 988 181 1034 (nisi
213 1000 270 1037 qu
286 987 344 1024 1111
377 989 657 1026 honestum
689 991 849 1032 esset)
893 986 959 1024 uel
1001 987 1108 1036 quod
1142 997 1338 1035 nusquam
1371 985 1410 1020 in
1443 982 1517 1020 tali

55 1044 334 1094 disputatione
387 1056 564 1080 omnes
612 1046 865 1093 antiquos
915 1043 1095 1090 diceret,
1147 1041 1221 1078 sed
1272 1038 1517 1090 simpliciter

54 1099 213 1135 Zenoni
243 1104 471 1148 opponeret
496 1100 702 1149 antiquos,
736 1103 779 1135 ut
811 1099 844 1148 §-
869 1098 938 1138 55.
972 1097 1022 1134 de
1040 1098 1133 1135 Fin.
1165 1097 1234 1146 lV,
1267 1095 1306 1135 -1,
1339 1097 1399 1144 8.,
1429 1095 1518 1132 51110

54 1153 237 1191 codicum
281 1155 527 1191 auctoritate
569 1154 875 1192 commendauit
923 1166 1068 1191 omne
1121 1152 1268 1203 quod.
1340 1152 1392 1188 At
1441 1163 1517 1187 nec

51 1222 170 1247 causa
211 1207 288 1246 111111
318 1212 590 1261 perspicitur,
630 1224 702 1248 cur
741 1222 920 1247 omnes
963 1210 1215 1259 antiquos
1258 1207 1397 1244 dicere
1436 1219 1515 1243 non

53 1268 234 1317 potuerit
266 1272 308 1303 et
339 1266 439 1303 dixit
467 1279 566 1304 sane
604 1266 732 1305 Acad.
768 1262 802 1316 I,
846 1266 885 1307 6.
929 1266 995 1306 22.
1038 1266 1202 1302 omnis
1244 1262 1342 1300 illa
1386 1264 1517 1300 anti-

54 1335 148 1372 qua
177 1321 527 1374 philosophia
563 1320 612 1374 (i.
648 1337 685 1362 e.
718 1322 950 1361 Academici
983 1327 1147 1359 ueteres
1176 1327 1218 1358 et
1249 1319 1516 1370 Peripatetici

57 1374 248 1430 omnes),
283 1379 466 1428 itemque
502 1378 554 1416 de
594 1380 682 1419 Diu.
715 1380 744 1428 l,
777 1380 817 1418 2.
851 1379 889 1418 ε’).
932 1389 1215 1427 omnesque
1248 1376 1514 1413 Socratici

54 1432 106 1487 (i.
141 1447 174 1472 e.
205 1434 441 1471 Academici
484 1440 526 1472 et
558 1432 862 1487 Peripatetici).
933 1433 1051 1483 Quod
1091 1432 1182 1470 aliis
1223 1430 1342 1481 locis,
1382 1436 1425 1469 ut
1466 1431 1517 1467 de

55 1491 147 1527 Fin.
188 1489 263 1539 111,
314 1490 373 1529 11.
413 1489 478 1531 36,
527 1492 647 1529 ’1“1150.
691 1491 744 1540 V,
787 1489 853 1530 4¹1.
901 1489 1019 1538 119.,
1057 1490 1158 1526 dicit
1195 1500 1345 1525 omne
1388 1487 1516 1537 quod

56 1547 333 1583 honestum
367 1551 469 1596 est,
501 1547 598 1585 hinc
628 1548 705 1586 hoc
745 1547 945 1597 sequitur,
990 1546 1232 1583 Ciceronem
1276 1544 1340 1582 uel
1374 1548 1515 1581 nostro

53 1601 144 1640 loco
177 1604 237 1639 sic
269 1603 448 1640 scribere
480 1605 678 1653 potuisse,
712 1616 790 1641 non
825 1603 1073 1652 oportuisse.

169 1657 307 1694 nihil
339 1659 500 1695 etiamsi
533 1672 629 1697 uere
661 1660 880 1697 tradiderit
912 1658 1040 1694 Gzius
1073 1669 1165 1694 esse
1208 1658 1247 1693 in
1281 1657 1348 1693 Br.
1383 1661 1425 1692 et
1461 1656 1514 1705 ψ,

53 1727 74 1750 11
107 1712 197 1752 0011.
229 1713 341 1752 arch.
374 1715 554 1752 abfuisse
583 1714 829 1765 reliquorum
864 1713 1050 1751 codicum
1084 1714 1256 1763 insignis
1291 1724 1514 1750 consensus

53 1770 197 1819 arguit.
257 1769 340 1807 Sed
378 1782 454 1808 nec
496 1784 669 1822 unquam
712 1774 750 1809 iu
789 1771 860 1808 tali
901 1772 1085 1807 oratione
1125 1770 1287 1819 negatio
1325 1773 1515 1819 praeter-

53 1827 178 1863 missa
208 1830 272 1863 est
303 1826 448 1873 (Tusc-
492 1827 551 1876 V,
594 1827 631 1867 7.
680 1829 737 1866 18.
783 1827 843 1876 V,
884 1824 919 1864 9.
965 1826 1052 1871 27.)
1091 1838 1166 1862 nec
1202 1829 1342 1875 potest
1382 1826 1514 1862 omitti

55 1882 185 1929 (Kritz
216 1881 265 1918 ad
299 1880 398 1919 Sall.
430 1882 519 1932 Jug.
554 1882 623 1932 54,
655 1884 730 1932 5.),
761 1888 803 1920 ut
835 1883 1040 1920 immerito
1082 1881 1121 1918 id
1154 1881 1371 1918 Turnebus
1402 1881 1514 1918 affir-

55 1937 228 1974 mauerit
265 1937 493 1987 dubiusque
534 1939 682 1977 Bakius
730 1940 926 1976 haeserit.
997 1938 1082 1974 Sed
1128 1939 1220 1986 quia
1271 1943 1313 1974 et
1356 1936 1515 1974 facilius

54 1991 185 2030 nihil
223 1998 319 2030 aute
363 1995 461 2030 nisi
504 1997 636 2033 omitti
675 1997 828 2046 potuit,
873 2006 949 2031 nec
988 1996 1031 2031 in
1073 2005 1174 2030 uoce
1216 1992 1357 2029 nihil
1389 1994 1518 2030 maior

56 2048 250 2099 quaedam
303 2050 362 2086 uis
408 2049 572 2088 dicendi
620 2052 786 2087 uidetur
834 2051 967 2099 posita
1007 2061 1125 2098 esse,
1168 2047 1303 2086 nihil
1343 2048 1515 2086 uoculae

57 2105 154 2142 nisi
185 2106 394 2155 praemisi.
457 2105 600 2143 Cicero
634 2108 721 2157 ipse
751 2106 877 2143 Tusc.
910 2104 956 2153 V,
992 2105 1030 2143 7.
1067 2103 1132 2143 18.
1163 2106 1201 2140 in
1237 2104 1382 2141 eodem
1417 2117 1514 2142 sen-

55 2161 274 2198 tentiarum
305 2161 517 2213 complexu
549 2176 622 2214 pro
654 2164 764 2200 uaria
797 2162 1013 2198 uerborum
1050 2159 1325 2197 acuendorum
1354 2162 1515 2198 ratione

56 2218 283 2267 exceptioni
327 2221 370 2255 et
408 2220 647 2269 praeposuit
686 2216 823 2255 nihil
866 2220 908 2254 et
949 2217 1184 2267 postposuit
1232 2214 1388 2262 (nihil
1435 2218 1515 2254 bo-

57 2285 166 2311 01110
194 2286 323 2323 esse,
353 2275 455 2311 nisi
480 2274 610 2325 quod
643 2275 918 2312 honestum
952 2277 1098 2310 esset
1135 2294 1184 2299 —
1219 2273 1324 2309 nisi
1356 2272 1515 2311 hone-

56 2336 184 2367 stum
220 2330 353 2379 quod
385 2332 480 2380 sit,
513 2329 650 2368 nihil
682 2329 823 2368 aliud
854 2341 972 2366 esse
1003 2330 1225 2375 bonum).

166 2398 376 2437 paruam
409 2387 553 2437 uero]
615 2387 682 2424 Sic
722 2391 836 2424 recte
867 2385 1092 2423 secundum
1124 2383 1318 2423 meliores
1349 2383 1515 2421 codices

54 2454 143 2479 cum
193 2441 339 2493 Steph.
391 2442 499 2480 Man.
552 2443 717 2480 Dauisio
769 2441 936 2490 Bakius3
989 2440 1137 2492 reliqui
1189 2453 1515 2492 perparuam.

56 2498 186 2535 Recte
215 2499 292 2535 iam
325 2498 552 2549 Wagnerus
584 2499 748 2537 laudato
780 2498 868 2536 Cic.
899 2499 973 2538 Ac.
1007 2498 1056 2549 ll,
1088 2496 1157 2538 43.
1194 2495 1288 2537 132.
1331 2493 1519 2549 (omnis

55 2555 196 2592 ratio
235 2556 380 2592 uitae
422 2555 752 2593 definitione
797 2555 981 2592 summi
1021 2555 1147 2592 boni
1188 2554 1518 2601 continetur,

56 2609 116 2648 de
150 2623 244 2661 qua
276 2613 358 2661 qui
391 2611 689 2659 dissident,
721 2610 781 2647 de
814 2611 951 2647 omni
982 2612 1129 2648 uitae
1165 2610 1378 2647 ratione
1417 2608 1518 2646 dis-

60 2665 262 2721 sident)
294 2667 452 2705 attendi
484 2669 598 2705 iubet
629 2667 823 2715 ironiam3
863 2679 955 2703 nam
995 2680 1113 2718 quam
1154 2679 1319 2717 paruam
1360 2666 1518 2704 Atticus

61 2719 164 2760 dixit
195 2726 535 2772 controuersiam,
570 2737 657 2762 eam
692 2724 727 2760 ei
762 2734 946 2773 magnam
979 2736 1071 2761 esse
1104 2722 1236 2760 uideri
1268 2726 1389 2772 atque
1413 2735 1516 2765 eam,

61 2791 134 2826 qua
168 2791 332 2829 prorsus
370 2782 477 2818 inter
518 2794 560 2817 se
603 2778 854 2829 dissideant,
895 2783 935 2816 et
976 2781 1103 2831 ipsius
1143 2780 1263 2817 uerba
1307 2776 1520 2815 declarant

1256 2847 1308 2863 ἐκ
