<?xml version="1.0" encoding="UTF-8"?>
<!DOCTYPE html PUBLIC "-//W3C//DTD XHTML 1.0 Transitional//EN"
    "http://www.w3.org/TR/xhtml1/DTD/xhtml1-transitional.dtd">
<html xmlns="http://www.w3.org/1999/xhtml" xml:lang="en" lang="en">
 <head>
  <title>
</title>
<meta http-equiv="Content-Type" content="text/html;charset=utf-8" />
  <meta name='ocr-system' content='tesseract 3.04.00' />
  <meta name='ocr-capabilities' content='ocr_page ocr_carea ocr_par ocr_line ocrx_word'/>
</head>
<body>
  <div class='ocr_page' id='page_1' title='image "./delegibuslibritr0102ciceuoft_0248.png"; bbox 0 0 1781 3192; ppageno 0'>
   <div class='ocr_carea' id='block_1_1' title="bbox 233 188 1134 229">
    <p class='ocr_par' dir='ltr' id='par_1_1' title="bbox 233 188 1134 229">
     <span class='ocr_line' id='line_1_1' title="bbox 233 188 1134 229; baseline 0.003 -4"><span class='ocrx_word' id='word_1_1' title='bbox 233 188 292 228; x_wconf 72' lang='lat'>42</span> <span class='ocrx_word' id='word_1_2' title='bbox 802 189 870 228; x_wconf 82' lang='lat' dir='ltr'>DE</span> <span class='ocrx_word' id='word_1_3' title='bbox 904 189 1134 229; x_wconf 76' lang='lat' dir='ltr'>LEGIBUS</span> 
     </span>
    </p>
   </div>
   <div class='ocr_carea' id='block_1_2' title="bbox 227 299 1707 2817">
    <p class='ocr_par' dir='ltr' id='par_1_2' title="bbox 227 299 1707 2817">
     <span class='ocr_line' id='line_1_2' title="bbox 239 299 1704 354; baseline 0 -10"><span class='ocrx_word' id='word_1_4' title='bbox 239 309 388 344; x_wconf 88' lang='lat' dir='ltr'>ciarum</span> <span class='ocrx_word' id='word_1_5' title='bbox 420 311 462 341; x_wconf 88' lang='lat' dir='ltr'>et</span> <span class='ocrx_word' id='word_1_6' title='bbox 492 301 742 354; x_wconf 83' lang='lat' dir='ltr'>plebeiarum</span> <span class='ocrx_word' id='word_1_7' title='bbox 776 299 1021 340; x_wconf 81' lang='lat' dir='ltr'>familiarum</span> <span class='ocrx_word' id='word_1_8' title='bbox 1055 301 1274 339; x_wconf 78' lang='lat' dir='ltr'><strong>discrimen</strong></span> <span class='ocrx_word' id='word_1_9' title='bbox 1306 304 1514 353; x_wconf 86' lang='lat' dir='ltr'>pertinere</span> <span class='ocrx_word' id='word_1_10' title='bbox 1562 306 1704 344; x_wconf 79' lang='lat' dir='ltr'>existi-</span> 
     </span>
     <span class='ocr_line' id='line_1_3' title="bbox 238 358 1707 411; baseline -0.001 -10"><span class='ocrx_word' id='word_1_11' title='bbox 238 367 415 410; x_wconf 76' lang='lat' dir='ltr'>marunt,</span> <span class='ocrx_word' id='word_1_12' title='bbox 449 359 687 408; x_wconf 79' lang='lat' dir='ltr'>longissime</span> <span class='ocrx_word' id='word_1_13' title='bbox 719 370 739 395; x_wconf 93' lang='lat' dir='ltr'>a</span> <span class='ocrx_word' id='word_1_14' title='bbox 764 369 862 395; x_wconf 85' lang='lat' dir='ltr'>uero</span> <span class='ocrx_word' id='word_1_15' title='bbox 884 359 1137 396; x_wconf 88' lang='lat' dir='ltr'>aberrarunt.</span> <span class='ocrx_word' id='word_1_16' title='bbox 1190 358 1427 397; x_wconf 81' lang='lat' dir='ltr'>Generatim</span> <span class='ocrx_word' id='word_1_17' title='bbox 1453 359 1632 411; x_wconf 90' lang='lat' dir='ltr'>loquitur</span> <span class='ocrx_word' id='word_1_18' title='bbox 1655 362 1707 400; x_wconf 91' lang='lat' dir='ltr'>de</span> 
     </span>
     <span class='ocr_line' id='line_1_4' title="bbox 239 413 1705 469; baseline -0.001 -12"><span class='ocrx_word' id='word_1_19' title='bbox 239 420 427 458; x_wconf 82' lang='lat' dir='ltr'>omnibus</span> <span class='ocrx_word' id='word_1_20' title='bbox 451 413 696 453; x_wconf 75' lang='lat' dir='ltr'>familiarum</span> <span class='ocrx_word' id='word_1_21' title='bbox 725 415 896 452; x_wconf 78' lang='lat' dir='ltr'>statibus</span> <span class='ocrx_word' id='word_1_22' title='bbox 925 419 1033 460; x_wconf 88' lang='lat' dir='ltr'>(nam</span> <span class='ocrx_word' id='word_1_23' title='bbox 1062 426 1150 452; x_wconf 90' lang='lat' dir='ltr'>cum</span> <span class='ocrx_word' id='word_1_24' title='bbox 1176 419 1344 452; x_wconf 85' lang='lat' dir='ltr'>status</span> <span class='ocrx_word' id='word_1_25' title='bbox 1371 415 1566 454; x_wconf 89' lang='lat' dir='ltr'>uocabulo</span> <span class='ocrx_word' id='word_1_26' title='bbox 1588 420 1705 469; x_wconf 81' lang='lat' dir='ltr'>geni-</span> 
     </span>
     <span class='ocr_line' id='line_1_5' title="bbox 237 470 1706 521; baseline -0.001 -7"><span class='ocrx_word' id='word_1_27' title='bbox 237 481 366 514; x_wconf 84' lang='lat' dir='ltr'>tiuum</span> <span class='ocrx_word' id='word_1_28' title='bbox 398 470 715 512; x_wconf 83' lang='lat' dir='ltr'>familiarum</span> <span class='ocrx_word' id='word_1_29' title='bbox 749 472 938 521; x_wconf 78' lang='lat' dir='ltr'>coniungi</span> <span class='ocrx_word' id='word_1_30' title='bbox 970 475 1149 520; x_wconf 83' lang='lat' dir='ltr'>oportet,</span> <span class='ocrx_word' id='word_1_31' title='bbox 1180 484 1260 508; x_wconf 90' lang='lat' dir='ltr'>non</span> <span class='ocrx_word' id='word_1_32' title='bbox 1286 484 1375 508; x_wconf 91' lang='lat' dir='ltr'>cum</span> <span class='ocrx_word' id='word_1_33' title='bbox 1409 475 1706 521; x_wconf 70' lang='lat' dir='ltr'>agnationi-</span> 
     </span>
     <span class='ocr_line' id='line_1_6' title="bbox 236 525 1705 580; baseline -0.001 -12"><span class='ocrx_word' id='word_1_34' title='bbox 236 535 340 580; x_wconf 84' lang='lat' dir='ltr'>bus‚</span> <span class='ocrx_word' id='word_1_35' title='bbox 373 536 420 569; x_wconf 88' lang='lat' dir='ltr'>ut</span> <span class='ocrx_word' id='word_1_36' title='bbox 451 529 610 579; x_wconf 87' lang='lat' dir='ltr'>quidam</span> <span class='ocrx_word' id='word_1_37' title='bbox 644 525 881 576; x_wconf 76' lang='lat' dir='ltr'>unierunt),</span> <span class='ocrx_word' id='word_1_38' title='bbox 920 528 985 577; x_wconf 92' lang='lat' dir='ltr'>qui</span> <span class='ocrx_word' id='word_1_39' title='bbox 1019 529 1397 576; x_wconf 75' lang='lat' dir='ltr'>agnationibus</span> <span class='ocrx_word' id='word_1_40' title='bbox 1437 529 1458 567; x_wconf 89' lang='lat' dir='ltr'>i.</span> <span class='ocrx_word' id='word_1_41' title='bbox 1501 542 1534 568; x_wconf 87' lang='lat' dir='ltr'>e.</span> <span class='ocrx_word' id='word_1_42' title='bbox 1574 529 1705 567; x_wconf 85' lang='lat' dir='ltr'>uirilis</span> 
     </span>
     <span class='ocr_line' id='line_1_7' title="bbox 237 582 1706 636; baseline -0.002 -9"><span class='ocrx_word' id='word_1_43' title='bbox 237 601 355 626; x_wconf 77' lang='lat' dir='ltr'>sexus</span> <span class='ocrx_word' id='word_1_44' title='bbox 388 588 545 636; x_wconf 79' lang='lat' dir='ltr'>origine</span> <span class='ocrx_word' id='word_1_45' title='bbox 573 582 764 621; x_wconf 82' lang='lat' dir='ltr'>dicuntur</span> <span class='ocrx_word' id='word_1_46' title='bbox 795 583 989 633; x_wconf 77' lang='lat' dir='ltr'>distingui</span> <span class='ocrx_word' id='word_1_47' title='bbox 1019 584 1066 621; x_wconf 91' lang='lat' dir='ltr'>ab</span> <span class='ocrx_word' id='word_1_48' title='bbox 1090 582 1178 620; x_wconf 83' lang='lat' dir='ltr'>aliis</span> <span class='ocrx_word' id='word_1_49' title='bbox 1200 583 1383 633; x_wconf 73' lang='lat' dir='ltr'>familiis,</span> <span class='ocrx_word' id='word_1_50' title='bbox 1417 590 1459 622; x_wconf 90' lang='lat' dir='ltr'>ut</span> <span class='ocrx_word' id='word_1_51' title='bbox 1482 586 1548 635; x_wconf 91' lang='lat' dir='ltr'>qui</span> <span class='ocrx_word' id='word_1_52' title='bbox 1573 587 1706 635; x_wconf 76' lang='lat' dir='ltr'>agnati</span> 
     </span>
     <span class='ocr_line' id='line_1_8' title="bbox 241 640 1705 693; baseline -0.001 -10"><span class='ocrx_word' id='word_1_53' title='bbox 241 650 337 683; x_wconf 87' lang='lat' dir='ltr'>sunt</span> <span class='ocrx_word' id='word_1_54' title='bbox 377 647 405 684; x_wconf 83' lang='lat' dir='ltr'>i.</span> <span class='ocrx_word' id='word_1_55' title='bbox 450 658 483 682; x_wconf 86' lang='lat' dir='ltr'>e.</span> <span class='ocrx_word' id='word_1_56' title='bbox 519 653 594 693; x_wconf 86' lang='lat' dir='ltr'>per</span> <span class='ocrx_word' id='word_1_57' title='bbox 634 640 762 678; x_wconf 87' lang='lat' dir='ltr'>uirilis</span> <span class='ocrx_word' id='word_1_58' title='bbox 799 652 917 677; x_wconf 81' lang='lat' dir='ltr'>sexus</span> <span class='ocrx_word' id='word_1_59' title='bbox 958 652 1156 690; x_wconf 82' lang='lat' dir='ltr'>personas</span> <span class='ocrx_word' id='word_1_60' title='bbox 1209 642 1451 690; x_wconf 71' lang='lat' dir='ltr'>cognatione</span> <span class='ocrx_word' id='word_1_61' title='bbox 1499 644 1705 681; x_wconf 83' lang='lat' dir='ltr'>coniuncti</span> 
     </span>
     <span class='ocr_line' id='line_1_9' title="bbox 240 693 1704 753; baseline -0.001 -15"><span class='ocrx_word' id='word_1_62' title='bbox 240 700 359 753; x_wconf 82' lang='lat' dir='ltr'>(Gai.</span> <span class='ocrx_word' id='word_1_63' title='bbox 402 699 506 740; x_wconf 84' lang='lat' dir='ltr'>lnst.</span> <span class='ocrx_word' id='word_1_64' title='bbox 547 698 584 746; x_wconf 86' lang='grc' dir='ltr'>Ι,</span> <span class='ocrx_word' id='word_1_65' title='bbox 630 697 720 737; x_wconf 71' lang='grc'><strong>156.</strong></span> <span class='ocrx_word' id='word_1_66' title='bbox 768 696 811 745; x_wconf 89' lang='grc'>1,</span> <span class='ocrx_word' id='word_1_67' title='bbox 860 693 976 748; x_wconf 83' lang='grc'>1().),</span> <span class='ocrx_word' id='word_1_68' title='bbox 1025 695 1168 733; x_wconf 87' lang='lat' dir='ltr'>eadem</span> <span class='ocrx_word' id='word_1_69' title='bbox 1211 696 1367 734; x_wconf 82' lang='lat' dir='ltr'>familia</span> <span class='ocrx_word' id='word_1_70' title='bbox 1408 699 1704 737; x_wconf 85' lang='lat' dir='ltr'>contineantur.</span> 
     </span>
     <span class='ocr_line' id='line_1_10' title="bbox 238 752 1581 808; baseline -0.003 -13"><span class='ocrx_word' id='word_1_71' title='bbox 238 759 301 797; x_wconf 76' lang='lat' dir='ltr'>ef.</span> <span class='ocrx_word' id='word_1_72' title='bbox 335 772 436 808; x_wconf 89' lang='lat' dir='ltr'>quae</span> <span class='ocrx_word' id='word_1_73' title='bbox 471 758 523 795; x_wconf 88' lang='lat' dir='ltr'>de</span> <span class='ocrx_word' id='word_1_74' title='bbox 553 754 764 791; x_wconf 88' lang='lat' dir='ltr'>hominum</span> <span class='ocrx_word' id='word_1_75' title='bbox 797 752 1049 802; x_wconf 90' lang='lat' dir='ltr'>deorumque</span> <span class='ocrx_word' id='word_1_76' title='bbox 1083 753 1301 802; x_wconf 79' lang='lat' dir='ltr'>agnatione</span> <span class='ocrx_word' id='word_1_77' title='bbox 1332 752 1416 789; x_wconf 83' lang='lat' dir='ltr'>dixi</span> <span class='ocrx_word' id='word_1_78' title='bbox 1448 753 1482 801; x_wconf 55' lang='grc' dir='ltr'>ᾇ.</span> <span class='ocrx_word' id='word_1_79' title='bbox 1516 753 1581 793; x_wconf 67' lang='grc'>24.</span> 
     </span>
     <span class='ocr_line' id='line_1_11' title="bbox 350 808 1704 861; baseline -0.006 -4"><span class='ocrx_word' id='word_1_80' title='bbox 350 817 521 859; x_wconf 62' lang='grc' dir='ltr'>ῙΊΙῙ.</span> <span class='ocrx_word' id='word_1_81' title='bbox 571 812 602 861; x_wconf 53' lang='grc' dir='ltr'>ᾗ</span> <span class='ocrx_word' id='word_1_82' title='bbox 624 809 688 850; x_wconf 73' lang='grc'>24.</span> <span class='ocrx_word' id='word_1_83' title='bbox 741 809 803 847; x_wconf 88' lang='lat' dir='ltr'>de</span> <span class='ocrx_word' id='word_1_84' title='bbox 827 813 1014 846; x_wconf 85' lang='lat' dir='ltr'>natura</span> <span class='ocrx_word' id='word_1_85' title='bbox 1047 809 1295 858; x_wconf 66' lang='lat' dir='ltr'>hominis]</span> <span class='ocrx_word' id='word_1_86' title='bbox 1346 808 1561 859; x_wconf 75' lang='lat' dir='ltr'>Maduigii,</span> <span class='ocrx_word' id='word_1_87' title='bbox 1581 810 1704 849; x_wconf 89' lang='lat' dir='ltr'>Orel-</span> 
     </span>
     <span class='ocr_line' id='line_1_12' title="bbox 239 865 1703 919; baseline -0.003 -10"><span class='ocrx_word' id='word_1_88' title='bbox 239 872 302 919; x_wconf 73' lang='lat' dir='ltr'>lii,</span> <span class='ocrx_word' id='word_1_89' title='bbox 333 871 446 908; x_wconf 79' lang='lat' dir='ltr'>Bakii</span> <span class='ocrx_word' id='word_1_90' title='bbox 480 869 725 906; x_wconf 75' lang='lat' dir='ltr'>auctoritate</span> <span class='ocrx_word' id='word_1_91' title='bbox 756 865 970 915; x_wconf 80' lang='lat' dir='ltr'>deceptus,</span> <span class='ocrx_word' id='word_1_92' title='bbox 1005 866 1069 914; x_wconf 86' lang='lat' dir='ltr'>qui</span> <span class='ocrx_word' id='word_1_93' title='bbox 1103 871 1197 915; x_wconf 85' lang='lat' dir='ltr'>post</span> <span class='ocrx_word' id='word_1_94' title='bbox 1228 865 1480 916; x_wconf 79' lang='lat' dir='ltr'>Stephanum</span> <span class='ocrx_word' id='word_1_95' title='bbox 1513 871 1556 904; x_wconf 88' lang='lat' dir='ltr'>et</span> <span class='ocrx_word' id='word_1_96' title='bbox 1580 868 1703 905; x_wconf 89' lang='lat' dir='ltr'>Daui-</span> 
     </span>
     <span class='ocr_line' id='line_1_13' title="bbox 238 919 1702 978; baseline -0.003 -13"><span class='ocrx_word' id='word_1_97' title='bbox 238 930 342 965; x_wconf 69' lang='lat' dir='ltr'>sium</span> <span class='ocrx_word' id='word_1_98' title='bbox 377 940 450 978; x_wconf 88' lang='lat' dir='ltr'>pro</span> <span class='ocrx_word' id='word_1_99' title='bbox 481 926 613 964; x_wconf 91' lang='lat' dir='ltr'>omni</span> <span class='ocrx_word' id='word_1_100' title='bbox 648 923 714 961; x_wconf 90' lang='lat' dir='ltr'>uel</span> <span class='ocrx_word' id='word_1_101' title='bbox 747 920 1087 961; x_wconf 85' lang='lat' dir='ltr'>commendarunt</span> <span class='ocrx_word' id='word_1_102' title='bbox 1109 919 1173 958; x_wconf 90' lang='lat' dir='ltr'>uel</span> <span class='ocrx_word' id='word_1_103' title='bbox 1199 920 1420 959; x_wconf 83' lang='lat' dir='ltr'>ediderunt</span> <span class='ocrx_word' id='word_1_104' title='bbox 1449 922 1702 972; x_wconf 84' lang='lat' dir='ltr'>hominis,</span> 
     </span>
     <span class='ocr_line' id='line_1_14' title="bbox 239 977 1703 1035; baseline -0.003 -13"><span class='ocrx_word' id='word_1_105' title='bbox 239 985 334 1035; x_wconf 87' lang='lat' dir='ltr'>quia</span> <span class='ocrx_word' id='word_1_106' title='bbox 368 985 446 1021; x_wconf 85' lang='lat' dir='ltr'>iam</span> <span class='ocrx_word' id='word_1_107' title='bbox 478 994 556 1019; x_wconf 91' lang='lat' dir='ltr'>non</span> <span class='ocrx_word' id='word_1_108' title='bbox 591 979 643 1018; x_wconf 88' lang='lat' dir='ltr'>de</span> <span class='ocrx_word' id='word_1_109' title='bbox 682 984 826 1018; x_wconf 83' lang='lat' dir='ltr'>natura</span> <span class='ocrx_word' id='word_1_110' title='bbox 872 978 1087 1027; x_wconf 84' lang='lat' dir='ltr'>uniuersa,</span> <span class='ocrx_word' id='word_1_111' title='bbox 1131 977 1205 1014; x_wconf 90' lang='lat' dir='ltr'>sed</span> <span class='ocrx_word' id='word_1_112' title='bbox 1250 977 1302 1015; x_wconf 87' lang='grc'>(16</span> <span class='ocrx_word' id='word_1_113' title='bbox 1342 984 1487 1016; x_wconf 82' lang='lat' dir='ltr'>natura</span> <span class='ocrx_word' id='word_1_114' title='bbox 1526 978 1703 1017; x_wconf 85' lang='lat' dir='ltr'>hominis</span> 
     </span>
     <span class='ocr_line' id='line_1_15' title="bbox 238 1033 1703 1089; baseline -0.004 -10"><span class='ocrx_word' id='word_1_115' title='bbox 238 1045 430 1089; x_wconf 71' lang='lat' dir='ltr'>ageretur</span> <span class='ocrx_word' id='word_1_116' title='bbox 491 1051 566 1075; x_wconf 88' lang='lat' dir='ltr'>nec</span> <span class='ocrx_word' id='word_1_117' title='bbox 614 1040 802 1074; x_wconf 88' lang='lat' dir='ltr'>natura</span> <span class='ocrx_word' id='word_1_118' title='bbox 854 1034 1018 1071; x_wconf 87' lang='lat' dir='ltr'>omnis</span> <span class='ocrx_word' id='word_1_119' title='bbox 1072 1037 1186 1071; x_wconf 80' lang='lat' dir='ltr'>recte</span> <span class='ocrx_word' id='word_1_120' title='bbox 1243 1033 1452 1072; x_wconf 71' lang='lat' dir='ltr'>diceretur</span> <span class='ocrx_word' id='word_1_121' title='bbox 1504 1048 1579 1086; x_wconf 88' lang='lat' dir='ltr'>pro</span> <span class='ocrx_word' id='word_1_122' title='bbox 1620 1049 1703 1073; x_wconf 81' lang='lat' dir='ltr'>na-</span> 
     </span>
     <span class='ocr_line' id='line_1_16' title="bbox 234 1089 1701 1142; baseline -0.004 -7"><span class='ocrx_word' id='word_1_123' title='bbox 234 1089 356 1135; x_wconf 86' lang='lat' dir='ltr'>tura</span> <span class='ocrx_word' id='word_1_124' title='bbox 396 1096 667 1142; x_wconf 81' lang='lat' dir='ltr'>uniuersa,</span> <span class='ocrx_word' id='word_1_125' title='bbox 714 1092 756 1129; x_wconf 90' lang='lat' dir='ltr'>in</span> <span class='ocrx_word' id='word_1_126' title='bbox 799 1091 1015 1128; x_wconf 87' lang='lat' dir='ltr'>uerborum</span> <span class='ocrx_word' id='word_1_127' title='bbox 1059 1094 1251 1127; x_wconf 84' lang='lat' dir='ltr'>contextu</span> <span class='ocrx_word' id='word_1_128' title='bbox 1282 1092 1427 1141; x_wconf 85' lang='lat' dir='ltr'>scripsi</span> <span class='ocrx_word' id='word_1_129' title='bbox 1458 1091 1701 1129; x_wconf 85' lang='lat' dir='ltr'>hominis.</span> 
     </span>
     <span class='ocr_line' id='line_1_17' title="bbox 236 1144 1700 1198; baseline -0.005 -7"><span class='ocrx_word' id='word_1_130' title='bbox 236 1154 349 1192; x_wconf 67' lang='lat' dir='ltr'>{dem</span> <span class='ocrx_word' id='word_1_131' title='bbox 399 1153 439 1190; x_wconf 92' lang='lat' dir='ltr'>in</span> <span class='ocrx_word' id='word_1_132' title='bbox 490 1147 709 1189; x_wconf 87' lang='lat' dir='ltr'>uernacula</span> <span class='ocrx_word' id='word_1_133' title='bbox 761 1148 882 1185; x_wconf 85' lang='lat' dir='ltr'>huius</span> <span class='ocrx_word' id='word_1_134' title='bbox 943 1144 1037 1183; x_wconf 88' lang='lat' dir='ltr'>libri</span> <span class='ocrx_word' id='word_1_135' title='bbox 1090 1147 1436 1197; x_wconf 82' lang='lat' dir='ltr'>interpretatione</span> <span class='ocrx_word' id='word_1_136' title='bbox 1482 1149 1700 1198; x_wconf 80' lang='lat' dir='ltr'>Zumptius</span> 
     </span>
     <span class='ocr_line' id='line_1_18' title="bbox 236 1204 1702 1262; baseline -0.005 -14"><span class='ocrx_word' id='word_1_137' title='bbox 236 1209 440 1262; x_wconf 76' lang='lat' dir='ltr'>probauit.</span> <span class='ocrx_word' id='word_1_138' title='bbox 508 1208 621 1256; x_wconf 78' lang='lat' dir='ltr'>Quae</span> <span class='ocrx_word' id='word_1_139' title='bbox 661 1206 740 1243; x_wconf 85' lang='lat' dir='ltr'>etsi</span> <span class='ocrx_word' id='word_1_140' title='bbox 792 1215 866 1254; x_wconf 90' lang='lat' dir='ltr'>per</span> <span class='ocrx_word' id='word_1_141' title='bbox 915 1215 959 1239; x_wconf 91' lang='lat' dir='ltr'>se</span> <span class='ocrx_word' id='word_1_142' title='bbox 1008 1215 1087 1239; x_wconf 90' lang='lat' dir='ltr'>non</span> <span class='ocrx_word' id='word_1_143' title='bbox 1140 1204 1279 1253; x_wconf 82' lang='lat' dir='ltr'>inepta</span> <span class='ocrx_word' id='word_1_144' title='bbox 1329 1208 1396 1240; x_wconf 89' lang='lat' dir='ltr'>est</span> <span class='ocrx_word' id='word_1_145' title='bbox 1443 1205 1702 1241; x_wconf 85' lang='lat' dir='ltr'>coniectura:</span> 
     </span>
     <span class='ocr_line' id='line_1_19' title="bbox 237 1258 1704 1315; baseline -0.005 -11"><span class='ocrx_word' id='word_1_146' title='bbox 237 1271 391 1315; x_wconf 86' lang='lat' dir='ltr'>tamen,</span> <span class='ocrx_word' id='word_1_147' title='bbox 432 1264 523 1315; x_wconf 90' lang='lat' dir='ltr'>quia</span> <span class='ocrx_word' id='word_1_148' title='bbox 563 1267 605 1300; x_wconf 90' lang='lat' dir='ltr'>et</span> <span class='ocrx_word' id='word_1_149' title='bbox 646 1261 832 1299; x_wconf 89' lang='lat' dir='ltr'>aduersis</span> <span class='ocrx_word' id='word_1_150' title='bbox 872 1258 1080 1297; x_wconf 84' lang='lat' dir='ltr'>codicibus</span> <span class='ocrx_word' id='word_1_151' title='bbox 1120 1260 1305 1296; x_wconf 87' lang='lat' dir='ltr'>omuibus</span> <span class='ocrx_word' id='word_1_152' title='bbox 1350 1272 1424 1296; x_wconf 90' lang='lat' dir='ltr'>nec</span> <span class='ocrx_word' id='word_1_153' title='bbox 1465 1261 1704 1297; x_wconf 80' lang='lat' dir='ltr'>necessarie</span> 
     </span>
     <span class='ocr_line' id='line_1_20' title="bbox 238 1315 1702 1367; baseline -0.004 -7"><span class='ocrx_word' id='word_1_154' title='bbox 238 1324 345 1360; x_wconf 83' lang='lat' dir='ltr'>sacta</span> <span class='ocrx_word' id='word_1_155' title='bbox 378 1326 457 1367; x_wconf 85' lang='lat' dir='ltr'>est,</span> <span class='ocrx_word' id='word_1_156' title='bbox 490 1332 577 1357; x_wconf 85' lang='lat' dir='ltr'>eam</span> <span class='ocrx_word' id='word_1_157' title='bbox 610 1331 676 1356; x_wconf 90' lang='lat' dir='ltr'>me</span> <span class='ocrx_word' id='word_1_158' title='bbox 706 1317 915 1367; x_wconf 86' lang='lat' dir='ltr'>recepisse</span> <span class='ocrx_word' id='word_1_159' title='bbox 943 1328 1048 1353; x_wconf 90' lang='lat' dir='ltr'>nunc</span> <span class='ocrx_word' id='word_1_160' title='bbox 1078 1315 1282 1365; x_wconf 84' lang='lat' dir='ltr'>poenitet.</span> <span class='ocrx_word' id='word_1_161' title='bbox 1345 1316 1572 1353; x_wconf 87' lang='lat' dir='ltr'>Uerissime</span> <span class='ocrx_word' id='word_1_162' title='bbox 1602 1328 1702 1354; x_wconf 85' lang='lat' dir='ltr'>sane</span> 
     </span>
     <span class='ocr_line' id='line_1_21' title="bbox 236 1371 1701 1424; baseline -0.005 -7"><span class='ocrx_word' id='word_1_163' title='bbox 236 1378 378 1418; x_wconf 74' lang='lat' dir='ltr'>Mada.</span> <span class='ocrx_word' id='word_1_164' title='bbox 412 1375 651 1414; x_wconf 82' lang='lat' dir='ltr'>Emendatt.</span> <span class='ocrx_word' id='word_1_165' title='bbox 683 1387 724 1424; x_wconf 87' lang='lat' dir='ltr'>p.</span> <span class='ocrx_word' id='word_1_166' title='bbox 757 1375 795 1412; x_wconf 75' lang='grc'>7.</span> <span class='ocrx_word' id='word_1_167' title='bbox 826 1376 1065 1409; x_wconf 84' lang='lat' dir='ltr'>naturam</span> <span class='ocrx_word' id='word_1_168' title='bbox 1098 1385 1295 1409; x_wconf 89' lang='lat' dir='ltr'>omnem</span> <span class='ocrx_word' id='word_1_169' title='bbox 1334 1371 1463 1409; x_wconf 86' lang='lat' dir='ltr'>latine</span> <span class='ocrx_word' id='word_1_170' title='bbox 1505 1371 1586 1410; x_wconf 88' lang='lat' dir='ltr'>dici</span> <span class='ocrx_word' id='word_1_171' title='bbox 1626 1384 1701 1410; x_wconf 91' lang='lat' dir='ltr'>ne-</span> 
     </span>
     <span class='ocr_line' id='line_1_22' title="bbox 237 1428 1700 1485; baseline -0.004 -13"><span class='ocrx_word' id='word_1_172' title='bbox 237 1435 349 1485; x_wconf 76' lang='lat' dir='ltr'>gauit</span> <span class='ocrx_word' id='word_1_173' title='bbox 372 1446 445 1484; x_wconf 87' lang='lat' dir='ltr'>pro</span> <span class='ocrx_word' id='word_1_174' title='bbox 477 1436 664 1469; x_wconf 84' lang='lat' dir='ltr'>natura</span> <span class='ocrx_word' id='word_1_175' title='bbox 696 1430 949 1466; x_wconf 87' lang='lat' dir='ltr'>uniuersa</span> <span class='ocrx_word' id='word_1_176' title='bbox 980 1428 1008 1465; x_wconf 87' lang='lat' dir='ltr'>i.</span> <span class='ocrx_word' id='word_1_177' title='bbox 1040 1440 1076 1464; x_wconf 90' lang='lat' dir='ltr'>e.</span> <span class='ocrx_word' id='word_1_178' title='bbox 1118 1429 1158 1464; x_wconf 91' lang='lat' dir='ltr'>in</span> <span class='ocrx_word' id='word_1_179' title='bbox 1205 1430 1461 1476; x_wconf 80' lang='lat' dir='ltr'>uniuersum,</span> <span class='ocrx_word' id='word_1_180' title='bbox 1502 1429 1700 1478; x_wconf 88' lang='lat' dir='ltr'>quemad-</span> 
     </span>
     <span class='ocr_line' id='line_1_23' title="bbox 236 1485 1700 1535; baseline -0.003 -7"><span class='ocrx_word' id='word_1_181' title='bbox 236 1490 399 1528; x_wconf 90' lang='lat' dir='ltr'>modum</span> <span class='ocrx_word' id='word_1_182' title='bbox 448 1489 474 1525; x_wconf 89' lang='lat' dir='ltr'>ii</span> <span class='ocrx_word' id='word_1_183' title='bbox 514 1487 606 1524; x_wconf 86' lang='lat' dir='ltr'>fere</span> <span class='ocrx_word' id='word_1_184' title='bbox 650 1485 909 1535; x_wconf 88' lang='lat' dir='ltr'>interpretati</span> <span class='ocrx_word' id='word_1_185' title='bbox 951 1487 1095 1532; x_wconf 81' lang='lat' dir='ltr'>erant,</span> <span class='ocrx_word' id='word_1_186' title='bbox 1148 1485 1213 1533; x_wconf 85' lang='lat' dir='ltr'>qui</span> <span class='ocrx_word' id='word_1_187' title='bbox 1253 1485 1389 1522; x_wconf 89' lang='lat' dir='ltr'>omni</span> <span class='ocrx_word' id='word_1_188' title='bbox 1427 1486 1700 1523; x_wconf 83' lang='lat' dir='ltr'>retinuerant.</span> 
     </span>
     <span class='ocr_line' id='line_1_24' title="bbox 232 1540 1698 1595; baseline -0.004 -11"><span class='ocrx_word' id='word_1_189' title='bbox 232 1546 319 1584; x_wconf 84' lang='lat' dir='ltr'>Sed</span> <span class='ocrx_word' id='word_1_190' title='bbox 351 1544 445 1595; x_wconf 88' lang='lat' dir='ltr'>quid</span> <span class='ocrx_word' id='word_1_191' title='bbox 478 1542 642 1580; x_wconf 87' lang='lat' dir='ltr'>tandem</span> <span class='ocrx_word' id='word_1_192' title='bbox 673 1540 876 1592; x_wconf 85' lang='lat' dir='ltr'>impedit,</span> <span class='ocrx_word' id='word_1_193' title='bbox 906 1552 983 1590; x_wconf 89' lang='lat' dir='ltr'>quo</span> <span class='ocrx_word' id='word_1_194' title='bbox 1015 1540 1151 1576; x_wconf 89' lang='lat' dir='ltr'>minus</span> <span class='ocrx_word' id='word_1_195' title='bbox 1182 1545 1366 1578; x_wconf 87' lang='lat' dir='ltr'>naturam</span> <span class='ocrx_word' id='word_1_196' title='bbox 1406 1553 1569 1578; x_wconf 87' lang='lat' dir='ltr'>omnem</span> <span class='ocrx_word' id='word_1_197' title='bbox 1608 1553 1698 1578; x_wconf 89' lang='lat' dir='ltr'>eam</span> 
     </span>
     <span class='ocr_line' id='line_1_25' title="bbox 232 1595 1700 1651; baseline -0.003 -12"><span class='ocrx_word' id='word_1_198' title='bbox 232 1600 525 1651; x_wconf 74' lang='lat' dir='ltr'>intelligamus,</span> <span class='ocrx_word' id='word_1_199' title='bbox 564 1610 666 1649; x_wconf 85' lang='lat' dir='ltr'>quae</span> <span class='ocrx_word' id='word_1_200' title='bbox 700 1596 821 1635; x_wconf 91' lang='lat' dir='ltr'>modo</span> <span class='ocrx_word' id='word_1_201' title='bbox 850 1608 989 1633; x_wconf 86' lang='lat' dir='ltr'>rerum</span> <span class='ocrx_word' id='word_1_202' title='bbox 1028 1599 1171 1633; x_wconf 85' lang='lat' dir='ltr'>natura</span> <span class='ocrx_word' id='word_1_203' title='bbox 1210 1595 1417 1645; x_wconf 81' lang='lat' dir='ltr'>(Weltall)</span> <span class='ocrx_word' id='word_1_204' title='bbox 1459 1602 1603 1634; x_wconf 89' lang='lat' dir='ltr'>uocata</span> <span class='ocrx_word' id='word_1_205' title='bbox 1635 1603 1700 1635; x_wconf 84' lang='lat' dir='ltr'>est</span> 
     </span>
     <span class='ocr_line' id='line_1_26' title="bbox 233 1651 1698 1707; baseline -0.001 -12"><span class='ocrx_word' id='word_1_206' title='bbox 233 1657 400 1707; x_wconf 88' lang='lat' dir='ltr'>(eodem</span> <span class='ocrx_word' id='word_1_207' title='bbox 435 1655 557 1693; x_wconf 89' lang='lat' dir='ltr'>modo</span> <span class='ocrx_word' id='word_1_208' title='bbox 588 1659 758 1692; x_wconf 85' lang='lat' dir='ltr'>uocatur</span> <span class='ocrx_word' id='word_1_209' title='bbox 788 1654 818 1701; x_wconf 86' lang='grc' dir='ltr'>Ι,</span> <span class='ocrx_word' id='word_1_210' title='bbox 852 1653 889 1691; x_wconf 81' lang='lat'>7.</span> <span class='ocrx_word' id='word_1_211' title='bbox 925 1651 990 1691; x_wconf 79' lang='grc'>21.</span> <span class='ocrx_word' id='word_1_212' title='bbox 1019 1657 1206 1690; x_wconf 86' lang='lat' dir='ltr'>natura</span> <span class='ocrx_word' id='word_1_213' title='bbox 1236 1655 1406 1691; x_wconf 91' lang='lat' dir='ltr'>omnis</span> <span class='ocrx_word' id='word_1_214' title='bbox 1439 1662 1477 1692; x_wconf 85' lang='lat' dir='ltr'>et</span> <span class='ocrx_word' id='word_1_215' title='bbox 1502 1653 1567 1702; x_wconf 85' lang='lat' dir='ltr'>ill,</span> <span class='ocrx_word' id='word_1_216' title='bbox 1598 1652 1634 1693; x_wconf 91' lang='lat'>1.</span> <span class='ocrx_word' id='word_1_217' title='bbox 1656 1652 1698 1703; x_wconf 84' lang='lat'>3,</span> 
     </span>
     <span class='ocr_line' id='line_1_27' title="bbox 234 1709 1698 1758; baseline -0.003 -6"><span class='ocrx_word' id='word_1_218' title='bbox 234 1727 406 1752; x_wconf 88' lang='lat' dir='ltr'>rerum</span> <span class='ocrx_word' id='word_1_219' title='bbox 442 1716 622 1750; x_wconf 87' lang='lat' dir='ltr'>natura</span> <span class='ocrx_word' id='word_1_220' title='bbox 653 1711 835 1755; x_wconf 90' lang='lat' dir='ltr'>omnis)</span> <span class='ocrx_word' id='word_1_221' title='bbox 867 1709 1069 1758; x_wconf 86' lang='lat' dir='ltr'>uerbaque</span> <span class='ocrx_word' id='word_1_222' title='bbox 1101 1722 1210 1747; x_wconf 82' lang='lat' dir='ltr'>cum</span> <span class='ocrx_word' id='word_1_223' title='bbox 1245 1709 1304 1746; x_wconf 90' lang='lat' dir='ltr'>de</span> <span class='ocrx_word' id='word_1_224' title='bbox 1335 1715 1530 1748; x_wconf 85' lang='lat' dir='ltr'>natura</span> <span class='ocrx_word' id='word_1_225' title='bbox 1561 1711 1698 1747; x_wconf 90' lang='lat' dir='ltr'>omni</span> 
     </span>
     <span class='ocr_line' id='line_1_28' title="bbox 235 1766 1697 1821; baseline -0.003 -13"><span class='ocrx_word' id='word_1_226' title='bbox 235 1772 509 1821; x_wconf 88' lang='lat' dir='ltr'>quaeritur</span> <span class='ocrx_word' id='word_1_227' title='bbox 553 1769 609 1805; x_wconf 85' lang='lat' dir='ltr'>ita</span> <span class='ocrx_word' id='word_1_228' title='bbox 647 1768 870 1818; x_wconf 77' lang='lat' dir='ltr'>capiamuS,</span> <span class='ocrx_word' id='word_1_229' title='bbox 909 1769 953 1801; x_wconf 84' lang='lat' dir='ltr'>ut</span> <span class='ocrx_word' id='word_1_230' title='bbox 989 1766 1029 1801; x_wconf 90' lang='lat' dir='ltr'>in</span> <span class='ocrx_word' id='word_1_231' title='bbox 1062 1767 1302 1815; x_wconf 81' lang='lat' dir='ltr'>quaestione</span> <span class='ocrx_word' id='word_1_232' title='bbox 1334 1766 1384 1803; x_wconf 92' lang='lat' dir='ltr'>de</span> <span class='ocrx_word' id='word_1_233' title='bbox 1416 1772 1558 1803; x_wconf 86' lang='lat' dir='ltr'>natura</span> <span class='ocrx_word' id='word_1_234' title='bbox 1589 1768 1697 1803; x_wconf 90' lang='lat' dir='ltr'>omni</span> 
     </span>
     <span class='ocr_line' id='line_1_29' title="bbox 233 1821 1696 1873; baseline -0.003 -9"><span class='ocrx_word' id='word_1_235' title='bbox 233 1824 486 1864; x_wconf 88' lang='lat' dir='ltr'>instituenda</span> <span class='ocrx_word' id='word_1_236' title='bbox 527 1824 631 1862; x_wconf 86' lang='lat' dir='ltr'>hanc</span> <span class='ocrx_word' id='word_1_237' title='bbox 676 1835 835 1873; x_wconf 86' lang='lat' dir='ltr'>quoque</span> <span class='ocrx_word' id='word_1_238' title='bbox 887 1821 938 1858; x_wconf 92' lang='lat' dir='ltr'>de</span> <span class='ocrx_word' id='word_1_239' title='bbox 981 1821 1159 1859; x_wconf 85' lang='lat' dir='ltr'>hominis</span> <span class='ocrx_word' id='word_1_240' title='bbox 1212 1827 1302 1859; x_wconf 91' lang='lat' dir='ltr'>ortu</span> <span class='ocrx_word' id='word_1_241' title='bbox 1355 1822 1696 1872; x_wconf 80' lang='lat' dir='ltr'>disceptationem</span> 
     </span>
     <span class='ocr_line' id='line_1_30' title="bbox 236 1877 1697 1932; baseline -0.005 -11"><span class='ocrx_word' id='word_1_242' title='bbox 236 1890 440 1932; x_wconf 81' lang='lat' dir='ltr'>tamquam</span> <span class='ocrx_word' id='word_1_243' title='bbox 481 1879 591 1918; x_wconf 91' lang='lat' dir='ltr'>illius</span> <span class='ocrx_word' id='word_1_244' title='bbox 630 1885 789 1931; x_wconf 87' lang='lat' dir='ltr'>partem</span> <span class='ocrx_word' id='word_1_245' title='bbox 823 1882 1034 1916; x_wconf 78' lang='lat' dir='ltr'>tractatam</span> <span class='ocrx_word' id='word_1_246' title='bbox 1065 1890 1157 1915; x_wconf 71' lang='lat' dir='ltr'>esse</span> <span class='ocrx_word' id='word_1_247' title='bbox 1187 1882 1402 1929; x_wconf 81' lang='lat' dir='ltr'>putemus3</span> <span class='ocrx_word' id='word_1_248' title='bbox 1434 1878 1476 1916; x_wconf 87' lang='lat' dir='ltr'>id</span> <span class='ocrx_word' id='word_1_249' title='bbox 1507 1877 1615 1927; x_wconf 90' lang='lat' dir='ltr'>quod</span> <span class='ocrx_word' id='word_1_250' title='bbox 1648 1890 1697 1915; x_wconf 90' lang='lat' dir='ltr'>eo</span> 
     </span>
     <span class='ocr_line' id='line_1_31' title="bbox 233 1934 1696 1987; baseline -0.004 -11"><span class='ocrx_word' id='word_1_251' title='bbox 233 1940 511 1985; x_wconf 78' lang='lat' dir='ltr'>confirmatur,</span> <span class='ocrx_word' id='word_1_252' title='bbox 545 1937 653 1987; x_wconf 87' lang='lat' dir='ltr'>quod</span> <span class='ocrx_word' id='word_1_253' title='bbox 685 1937 812 1974; x_wconf 85' lang='lat' dir='ltr'>Stoici</span> <span class='ocrx_word' id='word_1_254' title='bbox 844 1935 949 1971; x_wconf 80' lang='lat' dir='ltr'>hanc</span> <span class='ocrx_word' id='word_1_255' title='bbox 992 1935 1115 1971; x_wconf 82' lang='lat' dir='ltr'>totius</span> <span class='ocrx_word' id='word_1_256' title='bbox 1155 1935 1405 1984; x_wconf 87' lang='lat' dir='ltr'>quaestionis</span> <span class='ocrx_word' id='word_1_257' title='bbox 1445 1939 1604 1984; x_wconf 88' lang='lat' dir='ltr'>partem</span> <span class='ocrx_word' id='word_1_258' title='bbox 1649 1934 1696 1970; x_wconf 92' lang='lat' dir='ltr'>ab</span> 
     </span>
     <span class='ocr_line' id='line_1_32' title="bbox 237 1989 1696 2044; baseline -0.003 -12"><span class='ocrx_word' id='word_1_259' title='bbox 237 1996 427 2032; x_wconf 83' lang='lat' dir='ltr'>uniuersa</span> <span class='ocrx_word' id='word_1_260' title='bbox 467 1993 538 2031; x_wconf 86' lang='lat' dir='ltr'>illa</span> <span class='ocrx_word' id='word_1_261' title='bbox 579 1994 820 2044; x_wconf 87' lang='lat' dir='ltr'>quaestione</span> <span class='ocrx_word' id='word_1_262' title='bbox 860 2004 939 2027; x_wconf 90' lang='lat' dir='ltr'>non</span> <span class='ocrx_word' id='word_1_263' title='bbox 985 1994 1269 2028; x_wconf 83' lang='lat' dir='ltr'>secernebant.</span> <span class='ocrx_word' id='word_1_264' title='bbox 1341 1990 1400 2028; x_wconf 84' lang='lat' dir='ltr'>lta</span> <span class='ocrx_word' id='word_1_265' title='bbox 1446 2003 1525 2027; x_wconf 90' lang='lat' dir='ltr'>non</span> <span class='ocrx_word' id='word_1_266' title='bbox 1576 1989 1696 2027; x_wconf 88' lang='lat' dir='ltr'>modo</span> 
     </span>
     <span class='ocr_line' id='line_1_33' title="bbox 236 2046 1696 2099; baseline -0.003 -11"><span class='ocrx_word' id='word_1_267' title='bbox 236 2052 540 2098; x_wconf 82' lang='lat' dir='ltr'>necessariam,</span> <span class='ocrx_word' id='word_1_268' title='bbox 572 2049 648 2087; x_wconf 85' lang='lat' dir='ltr'>sed</span> <span class='ocrx_word' id='word_1_269' title='bbox 679 2061 731 2086; x_wconf 87' lang='lat' dir='ltr'>ne</span> <span class='ocrx_word' id='word_1_270' title='bbox 764 2053 896 2099; x_wconf 86' lang='lat' dir='ltr'>aptam</span> <span class='ocrx_word' id='word_1_271' title='bbox 931 2046 1094 2096; x_wconf 81' lang='lat' dir='ltr'>quidem</span> <span class='ocrx_word' id='word_1_272' title='bbox 1137 2060 1227 2084; x_wconf 87' lang='lat' dir='ltr'>esse</span> <span class='ocrx_word' id='word_1_273' title='bbox 1270 2051 1383 2097; x_wconf 87' lang='lat' dir='ltr'>patet</span> <span class='ocrx_word' id='word_1_274' title='bbox 1412 2046 1524 2084; x_wconf 73' lang='lat' dir='ltr'>ssakii</span> <span class='ocrx_word' id='word_1_275' title='bbox 1554 2049 1696 2084; x_wconf 81' lang='lat' dir='ltr'>conie-</span> 
     </span>
     <span class='ocr_line' id='line_1_34' title="bbox 233 2104 1697 2155; baseline -0.003 -11"><span class='ocrx_word' id='word_1_276' title='bbox 233 2112 387 2144; x_wconf 84' lang='lat' dir='ltr'>cturam</span> <span class='ocrx_word' id='word_1_277' title='bbox 419 2108 460 2143; x_wconf 89' lang='lat' dir='ltr'>si</span> <span class='ocrx_word' id='word_1_278' title='bbox 495 2107 786 2155; x_wconf 84' lang='lat' dir='ltr'>quaeritur.</span> <span class='ocrx_word' id='word_1_279' title='bbox 849 2104 1141 2151; x_wconf 73' lang='lat' dir='ltr'>Quaeritur</span> <span class='ocrx_word' id='word_1_280' title='bbox 1183 2109 1316 2140; x_wconf 83' lang='lat' dir='ltr'>autem</span> <span class='ocrx_word' id='word_1_281' title='bbox 1361 2105 1526 2153; x_wconf 83' lang='lat' dir='ltr'>antiqua</span> <span class='ocrx_word' id='word_1_282' title='bbox 1560 2109 1624 2140; x_wconf 86' lang='lat' dir='ltr'>est</span> <span class='ocrx_word' id='word_1_283' title='bbox 1655 2108 1697 2140; x_wconf 83' lang='lat' dir='ltr'>et</span> 
     </span>
     <span class='ocr_line' id='line_1_35' title="bbox 233 2159 1695 2210; baseline -0.002 -11"><span class='ocrx_word' id='word_1_284' title='bbox 233 2163 466 2200; x_wconf 85' lang='lat' dir='ltr'>necessaria</span> <span class='ocrx_word' id='word_1_285' title='bbox 499 2163 701 2198; x_wconf 76' lang='lat' dir='ltr'>correctio</span> <span class='ocrx_word' id='word_1_286' title='bbox 734 2159 870 2197; x_wconf 90' lang='lat' dir='ltr'>mendi</span> <span class='ocrx_word' id='word_1_287' title='bbox 904 2159 1058 2196; x_wconf 79' lang='lat' dir='ltr'>ueteris</span> <span class='ocrx_word' id='word_1_288' title='bbox 1090 2172 1111 2207; x_wconf 92' lang='lat' dir='ltr'>q</span> <span class='ocrx_word' id='word_1_289' title='bbox 1127 2165 1438 2207; x_wconf 82' lang='lat' dir='ltr'>uaeruntur3</span> <span class='ocrx_word' id='word_1_290' title='bbox 1471 2172 1562 2196; x_wconf 87' lang='lat' dir='ltr'>nam</span> <span class='ocrx_word' id='word_1_291' title='bbox 1589 2159 1695 2210; x_wconf 91' lang='lat' dir='ltr'>quod</span> 
     </span>
     <span class='ocr_line' id='line_1_36' title="bbox 233 2214 1695 2267; baseline -0.001 -12"><span class='ocrx_word' id='word_1_292' title='bbox 233 2217 346 2267; x_wconf 82' lang='lat' dir='ltr'>olim,</span> <span class='ocrx_word' id='word_1_293' title='bbox 380 2218 471 2267; x_wconf 89' lang='lat' dir='ltr'>quia</span> <span class='ocrx_word' id='word_1_294' title='bbox 493 2217 691 2267; x_wconf 86' lang='lat' dir='ltr'>deinceps</span> <span class='ocrx_word' id='word_1_295' title='bbox 715 2217 834 2253; x_wconf 86' lang='lat' dir='ltr'>etiam</span> <span class='ocrx_word' id='word_1_296' title='bbox 861 2216 898 2252; x_wconf 92' lang='lat' dir='ltr'>in</span> <span class='ocrx_word' id='word_1_297' title='bbox 924 2214 1130 2252; x_wconf 78' lang='lat' dir='ltr'>codicibus</span> <span class='ocrx_word' id='word_1_298' title='bbox 1163 2216 1345 2253; x_wconf 88' lang='lat' dir='ltr'>uideram</span> <span class='ocrx_word' id='word_1_299' title='bbox 1379 2214 1557 2254; x_wconf 89' lang='lat' dir='ltr'>solent</span> <span class='ocrx_word' id='word_1_300' title='bbox 1587 2228 1695 2264; x_wconf 81' lang='lat' dir='ltr'>esse,</span> 
     </span>
     <span class='ocr_line' id='line_1_37' title="bbox 231 2271 1695 2323; baseline -0.002 -11"><span class='ocrx_word' id='word_1_301' title='bbox 231 2273 513 2312; x_wconf 81' lang='lat' dir='ltr'>commendaui</span> <span class='ocrx_word' id='word_1_302' title='bbox 537 2285 644 2310; x_wconf 89' lang='lat' dir='ltr'>cum</span> <span class='ocrx_word' id='word_1_303' title='bbox 672 2271 933 2310; x_wconf 89' lang='lat' dir='ltr'>denatura</span> <span class='ocrx_word' id='word_1_304' title='bbox 956 2272 1087 2308; x_wconf 91' lang='lat' dir='ltr'>omni</span> <span class='ocrx_word' id='word_1_305' title='bbox 1114 2278 1387 2321; x_wconf 81' lang='lat' dir='ltr'>quaerunt,</span> <span class='ocrx_word' id='word_1_306' title='bbox 1420 2272 1695 2323; x_wconf 87' lang='lat' dir='ltr'>disputare</span> 
     </span>
     <span class='ocr_line' id='line_1_38' title="bbox 232 2327 1694 2380; baseline -0.001 -12"><span class='ocrx_word' id='word_1_307' title='bbox 232 2329 416 2368; x_wconf 86' lang='lat' dir='ltr'>solent</span> <span class='ocrx_word' id='word_1_308' title='bbox 457 2330 639 2380; x_wconf 88' lang='lat' dir='ltr'>apertius</span> <span class='ocrx_word' id='word_1_309' title='bbox 672 2329 711 2368; x_wconf 85' lang='lat' dir='ltr'>h.</span> <span class='ocrx_word' id='word_1_310' title='bbox 743 2327 770 2367; x_wconf 88' lang='lat' dir='ltr'>l.</span> <span class='ocrx_word' id='word_1_311' title='bbox 800 2328 962 2366; x_wconf 83' lang='lat' dir='ltr'>Stoicos</span> <span class='ocrx_word' id='word_1_312' title='bbox 993 2329 1124 2365; x_wconf 89' lang='lat' dir='ltr'>notari</span> <span class='ocrx_word' id='word_1_313' title='bbox 1158 2330 1399 2377; x_wconf 82' lang='lat' dir='ltr'>arbitratus,</span> <span class='ocrx_word' id='word_1_314' title='bbox 1444 2328 1488 2366; x_wconf 90' lang='lat' dir='ltr'>id</span> <span class='ocrx_word' id='word_1_315' title='bbox 1527 2330 1694 2366; x_wconf 90' lang='lat' dir='ltr'>minime</span> 
     </span>
     <span class='ocr_line' id='line_1_39' title="bbox 233 2383 1694 2436; baseline -0.001 -12"><span class='ocrx_word' id='word_1_316' title='bbox 233 2399 338 2424; x_wconf 85' lang='lat' dir='ltr'>nunc</span> <span class='ocrx_word' id='word_1_317' title='bbox 379 2398 455 2436; x_wconf 84' lang='lat' dir='ltr'>ego</span> <span class='ocrx_word' id='word_1_318' title='bbox 486 2385 768 2436; x_wconf 85' lang='lat' dir='ltr'>probauerim‚</span> <span class='ocrx_word' id='word_1_319' title='bbox 805 2385 899 2435; x_wconf 87' lang='lat' dir='ltr'>quia</span> <span class='ocrx_word' id='word_1_320' title='bbox 938 2396 1013 2420; x_wconf 82' lang='lat' dir='ltr'>nee</span> <span class='ocrx_word' id='word_1_321' title='bbox 1053 2397 1219 2435; x_wconf 86' lang='lat' dir='ltr'>usquam</span> <span class='ocrx_word' id='word_1_322' title='bbox 1264 2385 1327 2422; x_wconf 81' lang='lat' dir='ltr'>his</span> <span class='ocrx_word' id='word_1_323' title='bbox 1373 2387 1414 2423; x_wconf 91' lang='lat' dir='ltr'>in</span> <span class='ocrx_word' id='word_1_324' title='bbox 1453 2383 1569 2422; x_wconf 87' lang='lat' dir='ltr'>libris</span> <span class='ocrx_word' id='word_1_325' title='bbox 1611 2389 1694 2423; x_wconf 86' lang='lat' dir='ltr'>tam</span> 
     </span>
     <span class='ocr_line' id='line_1_40' title="bbox 233 2440 1691 2493; baseline -0.001 -13"><span class='ocrx_word' id='word_1_326' title='bbox 233 2446 375 2493; x_wconf 82' lang='lat' dir='ltr'>aperte</span> <span class='ocrx_word' id='word_1_327' title='bbox 417 2446 614 2480; x_wconf 84' lang='lat' dir='ltr'>notantur</span> <span class='ocrx_word' id='word_1_328' title='bbox 652 2445 694 2478; x_wconf 88' lang='lat' dir='ltr'>et</span> <span class='ocrx_word' id='word_1_329' title='bbox 731 2440 1078 2491; x_wconf 85' lang='lat' dir='ltr'>disputantur</span> <span class='ocrx_word' id='word_1_330' title='bbox 1116 2441 1223 2492; x_wconf 88' lang='lat' dir='ltr'>quod</span> <span class='ocrx_word' id='word_1_331' title='bbox 1264 2443 1450 2492; x_wconf 88' lang='lat' dir='ltr'>sequitur</span> <span class='ocrx_word' id='word_1_332' title='bbox 1485 2442 1691 2493; x_wconf 88' lang='lat' dir='ltr'>passiuam</span> 
     </span>
     <span class='ocr_line' id='line_1_41' title="bbox 232 2496 1693 2547; baseline -0.001 -12"><span class='ocrx_word' id='word_1_333' title='bbox 232 2498 418 2535; x_wconf 83' lang='lat' dir='ltr'>eiusdem</span> <span class='ocrx_word' id='word_1_334' title='bbox 460 2499 573 2535; x_wconf 86' lang='lat' dir='ltr'>uerbi</span> <span class='ocrx_word' id='word_1_335' title='bbox 614 2498 785 2535; x_wconf 82' lang='lat' dir='ltr'>formam</span> <span class='ocrx_word' id='word_1_336' title='bbox 835 2498 962 2547; x_wconf 80' lang='lat' dir='ltr'>magis</span> <span class='ocrx_word' id='word_1_337' title='bbox 1009 2510 1125 2547; x_wconf 89' lang='lat' dir='ltr'>quam</span> <span class='ocrx_word' id='word_1_338' title='bbox 1178 2500 1354 2536; x_wconf 88' lang='lat' dir='ltr'>actiuam</span> <span class='ocrx_word' id='word_1_339' title='bbox 1403 2496 1693 2536; x_wconf 81' lang='lat' dir='ltr'>commendare</span> 
     </span>
     <span class='ocr_line' id='line_1_42' title="bbox 232 2551 1693 2605; baseline -0.001 -14"><span class='ocrx_word' id='word_1_340' title='bbox 232 2554 412 2592; x_wconf 89' lang='lat' dir='ltr'>uidetur.</span> <span class='ocrx_word' id='word_1_341' title='bbox 484 2554 677 2592; x_wconf 85' lang='lat' dir='ltr'>Ceterum</span> <span class='ocrx_word' id='word_1_342' title='bbox 728 2551 898 2605; x_wconf 84' lang='lat' dir='ltr'>pluralis</span> <span class='ocrx_word' id='word_1_343' title='bbox 942 2555 1103 2591; x_wconf 87' lang='lat' dir='ltr'>numeri</span> <span class='ocrx_word' id='word_1_344' title='bbox 1144 2567 1219 2605; x_wconf 91' lang='lat' dir='ltr'>pro</span> <span class='ocrx_word' id='word_1_345' title='bbox 1268 2552 1465 2604; x_wconf 82' lang='lat' dir='ltr'>singulari</span> <span class='ocrx_word' id='word_1_346' title='bbox 1510 2552 1693 2604; x_wconf 88' lang='lat' dir='ltr'>ponendi</span> 
     </span>
     <span class='ocr_line' id='line_1_43' title="bbox 231 2606 1691 2661; baseline 0 -14"><span class='ocrx_word' id='word_1_347' title='bbox 231 2621 347 2648; x_wconf 87' lang='lat' dir='ltr'>error</span> <span class='ocrx_word' id='word_1_348' title='bbox 375 2609 511 2648; x_wconf 85' lang='lat' dir='ltr'>facilis</span> <span class='ocrx_word' id='word_1_349' title='bbox 537 2610 616 2648; x_wconf 88' lang='lat' dir='ltr'>suit</span> <span class='ocrx_word' id='word_1_350' title='bbox 641 2614 683 2647; x_wconf 87' lang='lat' dir='ltr'>et</span> <span class='ocrx_word' id='word_1_351' title='bbox 703 2612 866 2661; x_wconf 89' lang='lat' dir='ltr'>saepius</span> <span class='ocrx_word' id='word_1_352' title='bbox 888 2622 909 2647; x_wconf 89' lang='lat' dir='ltr'>a</span> <span class='ocrx_word' id='word_1_353' title='bbox 932 2607 1108 2647; x_wconf 86' lang='lat' dir='ltr'>librariis</span> <span class='ocrx_word' id='word_1_354' title='bbox 1126 2612 1366 2648; x_wconf 88' lang='lat' dir='ltr'>commissus</span> <span class='ocrx_word' id='word_1_355' title='bbox 1386 2612 1451 2647; x_wconf 83' lang='lat' dir='ltr'>est</span> <span class='ocrx_word' id='word_1_356' title='bbox 1471 2606 1527 2661; x_wconf 84' lang='lat'>(1,</span> <span class='ocrx_word' id='word_1_357' title='bbox 1547 2609 1581 2658; x_wconf 54' lang='grc' dir='ltr'>ᾗ.</span> <span class='ocrx_word' id='word_1_358' title='bbox 1598 2607 1691 2661; x_wconf 83' lang='grc'><strong>62.)</strong></span> 
     </span>
     <span class='ocr_line' id='line_1_44' title="bbox 230 2665 1692 2715; baseline -0.001 -12"><span class='ocrx_word' id='word_1_359' title='bbox 230 2671 273 2704; x_wconf 89' lang='lat' dir='ltr'>et</span> <span class='ocrx_word' id='word_1_360' title='bbox 322 2665 474 2703; x_wconf 81' lang='lat' dir='ltr'>codicis</span> <span class='ocrx_word' id='word_1_361' title='bbox 523 2667 633 2706; x_wconf 86' lang='lat' dir='ltr'>arch.</span> <span class='ocrx_word' id='word_1_362' title='bbox 685 2665 876 2704; x_wconf 88' lang='lat' dir='ltr'>mendum</span> <span class='ocrx_word' id='word_1_363' title='bbox 925 2665 1104 2703; x_wconf 90' lang='lat' dir='ltr'>solent</span> <span class='ocrx_word' id='word_1_364' title='bbox 1151 2672 1289 2704; x_wconf 87' lang='lat' dir='ltr'>natum</span> <span class='ocrx_word' id='word_1_365' title='bbox 1336 2677 1429 2703; x_wconf 87' lang='lat' dir='ltr'>esse</span> <span class='ocrx_word' id='word_1_366' title='bbox 1477 2670 1593 2715; x_wconf 90' lang='lat' dir='ltr'>patet</span> <span class='ocrx_word' id='word_1_367' title='bbox 1643 2677 1692 2702; x_wconf 84' lang='lat' dir='ltr'>ex</span> 
     </span>
     <span class='ocr_line' id='line_1_45' title="bbox 228 2720 1689 2773; baseline -0.001 -14"><span class='ocrx_word' id='word_1_368' title='bbox 228 2720 340 2759; x_wconf 84' lang='lat' dir='ltr'>sole</span> <span class='ocrx_word' id='word_1_369' title='bbox 357 2729 371 2759; x_wconf 87' lang='lat' dir='ltr'>t</span> <span class='ocrx_word' id='word_1_370' title='bbox 400 2728 475 2771; x_wconf 61' lang='grc' dir='ltr'><strong>(τις</strong></span> <span class='ocrx_word' id='word_1_371' title='bbox 510 2735 613 2772; x_wconf 89' lang='lat' dir='ltr'>quae</span> <span class='ocrx_word' id='word_1_372' title='bbox 644 2722 842 2773; x_wconf 81' lang='lat' dir='ltr'>particula</span> <span class='ocrx_word' id='word_1_373' title='bbox 886 2720 1115 2772; x_wconf 86' lang='lat' dir='ltr'>copulatiua</span> <span class='ocrx_word' id='word_1_374' title='bbox 1155 2722 1315 2773; x_wconf 87' lang='lat' dir='ltr'>pridem</span> <span class='ocrx_word' id='word_1_375' title='bbox 1359 2735 1379 2758; x_wconf 84' lang='lat' dir='ltr'>a</span> <span class='ocrx_word' id='word_1_376' title='bbox 1421 2722 1517 2758; x_wconf 88' lang='lat' dir='ltr'>uiris</span> <span class='ocrx_word' id='word_1_377' title='bbox 1556 2721 1689 2758; x_wconf 84' lang='lat' dir='ltr'>doctis</span> 
     </span>
     <span class='ocr_line' id='line_1_46' title="bbox 227 2777 1687 2817; baseline -0.001 -2"><span class='ocrx_word' id='word_1_378' title='bbox 227 2783 269 2815; x_wconf 90' lang='lat' dir='ltr'>ut</span> <span class='ocrx_word' id='word_1_379' title='bbox 301 2779 533 2816; x_wconf 86' lang='lat' dir='ltr'>necessaria</span> <span class='ocrx_word' id='word_1_380' title='bbox 565 2783 630 2817; x_wconf 87' lang='lat' dir='ltr'>est</span> <span class='ocrx_word' id='word_1_381' title='bbox 656 2784 847 2817; x_wconf 83' lang='lat' dir='ltr'>reuocata</span> <span class='ocrx_word' id='word_1_382' title='bbox 878 2783 920 2816; x_wconf 88' lang='lat' dir='ltr'>et</span> <span class='ocrx_word' id='word_1_383' title='bbox 945 2782 1102 2816; x_wconf 87' lang='lat' dir='ltr'>tentata</span> <span class='ocrx_word' id='word_1_384' title='bbox 1125 2780 1202 2817; x_wconf 86' lang='lat' dir='ltr'>iam</span> <span class='ocrx_word' id='word_1_385' title='bbox 1227 2779 1429 2817; x_wconf 83' lang='lat' dir='ltr'>correctio</span> <span class='ocrx_word' id='word_1_386' title='bbox 1453 2782 1516 2816; x_wconf 90' lang='lat' dir='ltr'>est</span> <span class='ocrx_word' id='word_1_387' title='bbox 1536 2777 1687 2815; x_wconf 90' lang='lat' dir='ltr'>mendo</span> 
     </span>
    </p>
   </div>
  </div>
 </body>
</html>
