1781 3192
241 164 331 204 234
813 165 881 204 DE
914 165 1149 206 LEGiBUS

251 280 545 331 pertinentem.
579 276 643 315 Cf.
673 277 706 326 ξ.
732 276 800 318 60.
835 276 972 316 Bentl.
1002 278 1054 316 ad
1077 279 1182 318 Hor.
1215 279 1301 318 Sat.
1329 280 1360 330 l,
1395 279 1431 320 4.
1465 282 1529 323 78,
1554 285 1714 324 Germ..

253 335 302 373 ad
339 335 426 374 Cic.
459 334 548 371 Par.
581 346 619 384 p.
653 331 749 373 320.

367 392 513 428 ascia
551 393 640 427 erat
680 388 874 428 dolabrae
914 403 1042 441 genus
1085 390 1135 429 ad
1175 389 1286 442 ligna
1324 392 1519 444 polienda
1559 399 1715 447 aptum.

256 451 354 488 Cum
407 451 542 484 autem
581 444 707 484 Plinii
753 451 890 485 aetate
936 447 1003 486 uel
1041 449 1174 500 pictos
1221 462 1315 487 esse
1354 463 1474 500 rogos
1517 464 1566 489 ex
1604 453 1716 491 Plin-

253 507 307 544 H.
337 504 390 542 N.
422 502 589 552 XXXV,
624 503 663 541 7.
695 508 985 554 cognoscatur,
1024 517 1099 542 nec
1131 506 1239 555 picta
1270 519 1364 543 esse
1393 506 1502 557 ligna
1536 511 1620 546 ueri
1659 511 1715 546 si-

252 559 349 600 mile
380 559 449 609 sit,
481 561 559 598 nisi
592 572 695 610 quae
726 559 851 611 polita
883 566 1045 600 essent:
1078 566 1192 599 recte
1223 562 1318 600 hinc
1348 563 1576 614 Wagner-us
1609 565 1715 604 hanc

255 618 328 657 ΧΠ
360 617 586 655 tabularum
618 615 753 666 legem
785 620 1017 668 posteriore
1049 624 1184 656 aetate
1216 618 1474 658 obsoleuisse
1504 621 1677 673 colligit.

368 672 690 723 Extenuato]
753 674 883 711 Recte
915 674 1078 722 Bakius,
1119 680 1163 712 ut
1194 681 1289 712 ante
1320 675 1547 725 Wagnerus
1578 680 1714 716 uerbis

255 735 543 772 extenuato
576 734 743 768 sumtu
776 732 955 768 tribus
981 732 1198 768 riciniis
1221 752 1276 759 —-
1299 736 1350 769 et
1380 733 1557 772 decem
1592 735 1715 772 tibi-

253 790 463 827 cinibus
494 788 598 825 hanc
633 787 710 824 uim
732 788 931 825 subiecit:
968 792 1169 838 „sumtu
1203 793 1504 840 extenuato,
1534 796 1587 829 ut
1609 793 1714 829 tria

255 850 454 885 tantum
497 845 695 881 ricinia
733 843 1173 895 relinquerentur
1211 850 1263 882 et
1301 844 1481 883 decem
1530 849 1713 886 tibici-

255 902 399 941 nes-‘⁶
460 901 677 940 Ricinia
710 905 844 938 autem
875 914 954 939 non
997 906 1093 938 sunt
1136 906 1300 951 uestes,
1344 904 1488 951 quibus
1527 909 1713 942 mortuus

252 958 563 1007 inuolueretur,
613 962 657 994 ut
699 957 828 1008 wytt.
874 962 916 996 et
956 958 1063 995 Mos.
1106 959 1453 1009 interpretantur,
1498 961 1573 999 sed
1619 967 1714 998 sunt

248 1022 390 1055 uestes
421 1015 662 1063 muliebreS,
695 1027 795 1064 quae
828 1028 905 1052 una
937 1027 1027 1052 cum
1055 1019 1215 1052 mortuo
1248 1016 1606 1056 comburebantur.
1645 1017 1712 1056 Cf.

248 1075 357 1113 Non.
389 1086 428 1123 p.
458 1070 542 1112 542
581 1069 747 1122 p.549.
800 1076 849 1109 ut
897 1070 1009 1109 dum
1060 1083 1214 1122 supra
1267 1075 1452 1109 terram
1503 1078 1710 1123 essent,

249 1130 445 1169 ricinis
491 1127 778 1179 lugerent,
831 1128 1023 1166 sunere
1071 1128 1187 1178 ipso
1233 1132 1287 1164 ut
1331 1127 1500 1178 pullis
1546 1128 1710 1180 pallis

252 1187 487 1226 amictae.
525 1190 566 1222 et
603 1184 721 1222 Fest.
765 1197 796 1224 s.
835 1198 872 1225 u.
914 1185 1171 1222 recinium
1214 1182 1522 1236 (Recinium
1563 1197 1712 1224 omne

248 1244 631 1283 uestimentum
668 1240 983 1291 quadratum.
1053 1240 1146 1290 Ili,
1189 1241 1276 1290 qui
1317 1239 1593 1279 duodecim
1635 1244 1711 1280 in-

250 1299 539 1351 terpretati
572 1303 711 1346 sunt,
744 1296 924 1335 dixere
948 1301 1120 1346 togam
1147 1295 1379 1345 uirilem,
1412 1310 1504 1347 qua
1529 1297 1710 1337 mulie-

249 1369 336 1395 res
360 1356 665 1401 utebantur,
698 1358 1026 1403 praetextam
1051 1352 1205 1390 clauo
1230 1352 1548 1407 purpureo).
1584 1356 1710 1394 Eum·-

248 1425 326 1465 que
385 1416 526 1449 uestes
575 1422 802 1460 purpureas
853 1422 941 1447 cum
1000 1412 1160 1446 mortuo
1215 1411 1505 1447 concremandi
1553 1425 1710 1451 morem

246 1470 460 1508 confirmat
493 1468 615 1505 etiam
650 1466 765 1516 Uirg.
798 1466 902 1504 Aen.
926 1465 996 1514 Vi,
1029 1465 1126 1505 221.
1162 1469 1204 1502 et
1225 1465 1340 1504 Seru.
1375 1465 1425 1503 ad
1456 1466 1496 1504 h.
1520 1466 1550 1506 l.
1600 1469 1709 1517 Quas

245 1525 418 1577 amplius
456 1530 541 1562 tres
582 1535 670 1561 cum
711 1528 873 1560 mortuo
914 1523 1164 1560 concremari
1207 1527 1249 1559 et
1280 1521 1442 1560 Solonis
1472 1521 1537 1561 lex
1571 1522 1709 1577 (Plut.

245 1583 330 1622 Sol.
374 1596 410 1620 c.
444 1581 514 1622 21.
545 1594 586 1630 p.
620 1577 717 1619 359.
753 1578 835 1632 R.)
879 1584 920 1617 et
962 1579 1032 1616 ΧΙΙ
1074 1584 1307 1616 uetuerunt.
1370 1579 1435 1617 Cf.
1478 1580 1588 1631 Lips.
1629 1582 1707 1633 Ep.

247 1642 414 1690 Quaest.
456 1636 500 1688 I,
538 1637 573 1677 7.
618 1636 797 1674 Kirchm.
838 1636 891 1674 de
932 1636 1036 1673 Fun.
1070 1632 1156 1685 III,
1190 1649 1224 1673 c.
1256 1634 1296 1674 5.
1365 1636 1478 1684 Quae
1517 1650 1606 1675 cum
1649 1640 1708 1676 ita

245 1699 343 1745 sint,
375 1709 426 1734 ne
453 1693 586 1734 uincla
616 1692 779 1744 quidem
819 1706 909 1730 cum
945 1693 1071 1742 Wytt.
1107 1698 1149 1729 et
1180 1693 1287 1729 Mos.
1327 1691 1502 1742 intelligi
1531 1698 1706 1743 possunt

244 1754 415 1801 fasciae,
449 1752 593 1801 quibus
626 1747 829 1799 obligatus
872 1750 927 1786 sit
964 1753 1166 1787 mortuus.
1228 1748 1334 1785 Sunt
1374 1750 1535 1798 potius,
1576 1754 1621 1787 ut
1658 1763 1706 1788 ex

245 1811 373 1849 Festo
399 1808 551 1857 elucet,
584 1806 688 1844 claui
715 1806 908 1856 purpurei
931 1806 1090 1842 riciniis
1115 1805 1333 1856 praetexti.
1396 1806 1508 1853 Quae
1529 1804 1708 1843 uincla

245 1867 326 1905 dici
357 1878 479 1917 posse
511 1864 659 1902 iniuria
693 1862 819 1900 Gzius
851 1860 1080 1900 contendit.
1143 1862 1402 1912 Quapropter
1429 1862 1593 1912 probari
1624 1873 1704 1899 non

242 1927 384 1976 potest
416 1935 462 1960 ea
494 1919 632 1958 mendi
664 1920 881 1968 correctio,
915 1930 1018 1969 quae
1048 1917 1260 1970 plerisque
1290 1915 1469 1968 placuit,
1512 1922 1562 1956 et
1594 1919 1706 1956 uin-

244 1979 343 2019 clis
372 1988 640 2031 purpurae
673 1976 819 2026 (Rath.
859 1976 1062 2013 uinctis
1105 1976 1365 2026 purpura).
1429 1973 1493 2012 Ad
1534 1980 1706 2013 senten-

241 2039 340 2075 tiam
383 2037 522 2074 uerius
563 2033 830 2072 coniecerunt
869 2032 1085 2070 Turnebus
1126 2038 1176 2069 et
1219 2029 1387 2068 clauis
1428 2043 1702 2082 purpurae,

242 2094 396 2132 Lbinus
429 2097 478 2130 et
509 2090 679 2129 clauis
713 2089 1017 2139 purpureiS,
1061 2088 1248 2125 Dauisius
1289 2088 1494 2124 riciniis
1533 2086 1703 2125 claua-

240 2151 308 2187 tis
338 2160 585 2200 purpura.
648 2144 732 2182 Sed
765 2151 808 2183 ut
839 2143 976 2181 mendi
1010 2143 1131 2181 simul
1161 2145 1274 2194 origo
1315 2141 1564 2180 luculentius
1603 2156 1701 2194 cog-

240 2208 450 2254 noscatur,
485 2216 572 2241 cum
608 2201 797 2239 Rubenio
830 2200 881 2238 de
912 2213 957 2238 re
985 2204 1090 2239 uest.
1125 2200 1154 2248 i,
1188 2199 1223 2238 7.
1259 2199 1382 2236 scribi
1414 2197 1548 2237 malim
1582 2201 1702 2238 rici-

240 2263 344 2301 niis
393 2273 501 2299 cum
552 2257 718 2297 clauis
767 2270 1044 2308 purpurae.
1117 2256 1179 2294 Cf.
1222 2256 1304 2292 Cic.
1352 2256 1429 2295 Off.
1470 2255 1510 2305 l,
1552 2254 1592 2296 8.
1634 2256 1701 2297 25.

243 2317 529 2357 delectant
564 2314 842 2365 magnifici
883 2318 1165 2365 apparatus
1213 2315 1469 2362 uitaeque
1521 2311 1701 2351 cultus

242 2389 348 2414 cum
384 2372 654 2423 elegantia
689 2376 739 2408 et
771 2372 938 2421 copia.
1011 2370 1227 2408 Postrema
1269 2367 1424 2419 syllaba
1465 2369 1617 2407 omissa
1653 2382 1702 2407 ex

238 2430 407 2482 reliquis
439 2430 592 2468 litteris
625 2426 824 2466 cunicla
855 2426 977 2465 facile
999 2432 1138 2465 natum
1162 2431 1227 2464 est
1259 2424 1456 2475 uincla3
1489 2438 1566 2476 quo
1589 2426 1699 2464 facto

237 2488 377 2527 addita
411 2492 475 2525 est
503 2484 703 2538 particula
736 2489 799 2523 et.

350 2541 685 2592 tibicinibus]
750 2542 922 2580 Ursinus
956 2541 1006 2579 ad
1038 2541 1166 2592 Legg.
1199 2544 1242 2578 et
1272 2537 1380 2577 SCta
1409 2551 1450 2590 p.
1483 2535 1578 2578 254.
1606 2535 1698 2576 lau-

237 2599 345 2638 datis
379 2599 513 2639 Gellio
546 2598 642 2648 XX,
675 2598 717 2638 2.
749 2603 790 2636 et
821 2598 953 2636 Nonio
986 2611 1004 2636 s
1049 2611 1089 2636 u.
1122 2598 1371 2635 siticines
1406 2607 1446 2646 p.
1480 2593 1547 2634 54.
1589 2594 1698 2633 male

238 2658 415 2696 coniecit
460 2656 743 2703 siticines3
793 2668 884 2693 nam
935 2659 976 2693 et
1029 2655 1153 2692 tibiae
1199 2655 1238 2691 in
1285 2653 1395 2690 omni
1437 2651 1582 2689 funere
1631 2650 1698 2690 uel

236 2714 645 2764 magnificentissimo
680 2712 976 2764 usurpabantur
1005 2710 1280 2755 (cs.Kirc}1m.
1313 2709 1366 2746 de
1388 2709 1493 2747 Fun.
1516 2707 1565 2747 Η.
1599 2721 1633 2747 c.
1652 2708 1695 2748 5.

231 2783 272 2821 p.
305 2768 394 2820 90.)
435 2776 477 2810 et
517 2769 775 2809 siticines
817 2770 846 2807 ii
889 2772 1047 2808 tantum
1087 2767 1426 2816 nominabantur,
1470 2765 1536 2815 qui
1586 2764 1693 2817 apud
