1781 3192
543 184 702 224 LIBER
738 185 956 226 Flemus,
1003 186 1104 225 Car».
1138 186 1167 225 Ι.
1562 187 1589 224 9

127 298 246 335 detur
279 310 366 335 cum
400 298 592 336 irrisione
627 296 814 347 quadam,
848 298 954 347 quod
988 311 1078 336 cum
1113 299 1188 347 eis,
1221 310 1320 348 quae
1353 296 1462 335 dicta
1494 303 1588 336 sunt

126 366 202 392 nec
231 354 527 405 improbantur,
558 354 820 391 coniunctum
844 355 911 403 sit,
943 355 1122 403 itemque
1154 360 1205 391 et
1237 352 1463 404 quidem,
1497 367 1586 391 cum

126 409 281 461 aliquid
312 411 368 448 ita
400 409 653 459 conceditur,
683 414 726 447 ut
756 408 878 447 simul
914 408 1120 449 eleuetur.
1179 409 1245 449 Cf.
1289 422 1390 461 quae
1422 409 1506 448 dixi
1536 409 1588 447 ad

130 466 197 515 ΙΙΙ,
234 466 299 506 10.
332 465 402 506 24.

242 523 363 560 'rite
396 521 597 572 noster]
645 521 878 559 Pronomen
912 525 1097 559 noster
1138 523 1178 558 in
1220 524 1395 560 uetustis
1427 522 1586 572 luntae,

127 579 342 629 Stephani,
374 578 551 616 Manutii
583 576 701 616 editt.
733 578 811 614 iam
847 589 1083 628 expressum
1124 582 1168 614 ιιι
1199 583 1312 616 recte
1351 583 1589 617 reuocatum

125 647 148 671 a
169 633 294 671 Bakio
319 635 566 684 existimem,
597 632 864 685 plurimorum
902 635 1231 684 optimorumque
1269 634 1457 672 codicum
1488 635 1590 673 facit

125 690 363 739 auctoritas,
399 691 465 740 qui
497 694 566 728 aut
595 691 798 739 integrum
832 702 1058 742 pronomen
1090 694 1258 738 tenent,
1292 696 1360 728 aut
1391 703 1488 728 non
1521 689 1587 728 uel

125 747 301 784 nostri
333 747 421 784 eius
451 745 543 784 loco
577 747 844 784 substituunt.
907 746 1100 784 Ceterum
1132 757 1207 795 pro
1242 746 1363 784 Tite
1396 760 1443 784 ex
1466 746 1586 785 codd.

124 803 159 839 Ε
191 806 233 840 et
263 800 345 840 Gd.
379 802 420 852 2,
455 803 598 852 quibus
625 801 767 853 procul
798 803 922 840 dubio
962 802 1126 840 accedit
1157 804 1202 851 δ,
1241 804 1427 853 recipere
1459 803 1588 841 debe-

124 858 214 896 bam
247 858 442 897 Attice.
474 858 539 896 Cf.
571 858 603 908 §.
642 858 678 898 1.
711 864 882 896 manet
913 870 1066 908 uero,
1094 859 1281 898 Attice
1311 864 1515 897 noster.

237 913 501 965 periculo]
536 913 844 952 Periculum
886 915 1026 963 (einen
1061 915 1295 964 Versuch),
1333 928 1454 966 quem
1487 916 1589 953 sim-

125 970 292 1022 pliciter
322 969 507 1008 libellum
539 982 631 1008 esse
662 969 769 1009 male
798 971 1013 1008 Ernestius
1048 972 1119 1021 ait,
1152 984 1317 1010 carmen
1351 984 1466 1010 suum
1498 985 1588 1010 mo-

125 1026 244 1064 deste
268 1031 402 1075 uocat,
435 1028 621 1076 quoniam
655 1026 712 1075 id,
746 1032 791 1065 ut
822 1029 958 1065 onmia
989 1040 1059 1064 sua
1090 1031 1294 1077 poemata,
1324 1029 1478 1078 ingenii
1510 1040 1589 1079 pe-

123 1081 331 1120 riclitandi
372 1095 492 1119 causa
532 1081 790 1121 condiderat.
851 1085 964 1131 Quae
1003 1082 1170 1132 qnidem
1211 1083 1415 1121 modestia
1443 1085 1482 1121 in
1516 1085 1588 1122 ci-

123 1150 272 1178 cerone
303 1150 355 1176 ne
388 1141 473 1175 tum
507 1136 668 1188 quidem
706 1138 891 1176 miranda
934 1143 1071 1187 esset,
1113 1141 1147 1177 si
1191 1141 1300 1177 serio
1343 1152 1434 1177 eum
1468 1139 1589 1178 aliter

124 1195 304 1233 sensisse
345 1199 570 1232 constaret.
646 1195 838 1242 Quamuis
883 1195 989 1232 enim
1031 1193 1225 1233 lubenter
1259 1195 1424 1233 laudem
1471 1209 1587 1234 suam

125 1250 214 1288 aliis
245 1251 414 1299 tribuat,
444 1254 582 1288 tamen
615 1263 780 1302 semper
806 1250 897 1288 sere
919 1250 1110 1289 modeste
1135 1251 1187 1289 de
1213 1264 1258 1290 se
1280 1253 1368 1303 ipse
1390 1252 1586 1302 loquitur.

121 1307 290 1345 Inficeta
331 1311 395 1344 est
435 1308 671 1345 coniectura
702 1321 723 1344 a
755 1308 866 1345 Uict.
896 1307 1043 1358 Steph.
1075 1307 1190 1345 Man.
1232 1314 1403 1359 recepta
1435 1321 1491 1360 op
1507 1323 1530 1346 ιι
1545 1322 1587 1346 s-

124 1362 258 1413 culo,
291 1375 366 1401 uec
399 1374 497 1400 uero
528 1361 611 1401 ullo
643 1363 765 1401 modo
794 1363 1018 1414 probabilis
1052 1370 1119 1402 aut
1150 1364 1456 1415 wyttenbachii
1490 1379 1587 1403 con-

123 1423 279 1459 iectura
309 1417 583 1456 uersiculo
618 1425 686 1457 aut
709 1419 820 1457 Bakii
853 1421 898 1457 in
933 1421 1033 1457 isto
1066 1420 1350 1469 miraculo3
1381 1434 1457 1459 nec
1481 1424 1588 1459 enim

123 1476 175 1514 de
195 1488 271 1513 uno
289 1473 491 1512 uersiculo
512 1487 587 1513 nec
607 1475 715 1513 dere
730 1477 818 1527 ipsa
833 1488 968 1514 sermo
982 1481 1059 1525 est,
1084 1476 1158 1514 sed
1172 1477 1223 1515 de
1236 1479 1294 1515 rei
1313 1479 1587 1516 enarratione.

237 1536 290 1568 ut
321 1544 342 1567 a
373 1530 554 1580 po'etaj
596 1532 662 1581 qui
699 1531 801 1569 licet
832 1534 995 1569 omnino
1028 1534 1247 1571 ueritatem
1282 1535 1395 1584 sequi
1425 1534 1587 1583 debeat,

125 1586 323 1639 quaedam
354 1590 490 1624 tamen
524 1587 752 1624 concedere
785 1586 909 1625 debet
941 1587 1225 1627 delectationi.

237 1648 289 1680 ut
322 1656 342 1679 a
371 1642 536 1692 teste]
580 1644 644 1693 qui
688 1643 751 1680 uel
792 1645 831 1680 in
872 1645 1050 1681 minimis
1091 1646 1306 1683 ueritatem
1358 1649 1472 1697 sequi
1512 1660 1587 1684 nec

130 1698 214 1737 ulla
244 1700 282 1736 in
314 1711 358 1735 re
390 1698 568 1748 tingendi
600 1699 792 1736 libertate
823 1701 879 1737 uti
912 1700 1052 1738 debet.

237 1767 343 1792 cum
386 1754 602 1805 Egeria]
658 1753 841 1806 Colloqui
876 1768 920 1794 se
952 1755 1072 1794 noctu
1106 1771 1193 1795 cum
1228 1758 1377 1808 Egeria
1407 1760 1587 1811 nympha

121 1813 251 1850 Numa
284 1811 476 1849 Romanis
508 1816 770 1862 persuaserat
801 1814 968 1863 eiusque
1000 1813 1207 1852 admonitu
1250 1827 1295 1851 se
1327 1815 1466 1853 facere
1498 1829 1587 1853 om-

123 1870 202 1907 nia.
236 1868 325 1905 Liu.
357 1864 392 1916 Ι,
421 1865 482 1906 19.
514 1868 614 1907 Hor.
646 1867 720 1919 Ep.
756 1864 813 1917 ΙΙ,
837 1868 903 1908 27.
936 1870 1014 1908 Οιι.
1047 1871 1149 1908 Met.
1175 1868 1278 1920 XV,
1301 1869 1401 1911 484.
1425 1885 1586 1922 sqq.—

122 1922 281 1960 Pileum
313 1923 533 1973 Tarquinio
561 1924 704 1962 Prisco
726 1924 896 1962 Romam
921 1927 1096 1977 primum
1122 1925 1358 1965 aduenienti
1385 1929 1432 1965 ab
1454 1927 1588 1979 aquila

123 1991 215 2018 esse
247 1980 480 2030 impositum
525 1985 567 2017 et
597 1993 618 2017 a
650 1982 822 2031 coniuge
863 1981 960 2019 inde
992 1995 1161 2032 regnum
1202 1996 1294 2021 esse
1326 1983 1586 2034 piaedictum

122 2035 288 2073 tradunt
319 2035 410 2074 Liu.
434 2035 465 2084 Ι,
491 2034 560 2075 34¹.
582 2037 678 2076 Aur.
699 2038 808 2075 [ict.
842 2038 893 2075 de
927 2039 998 2077 uir.
1020 2038 1076 2076 ill.
1097 2037 1137 2079 6.
1160 2038 1280 2079 Dion
1302 2038 1396 2077 lIal.
1416 2035 1498 2090 ΙΙΙ,
1516 2039 1587 2080 47.

127 2093 238 2142 Apex
269 2095 405 2129 a.1tem
439 2089 518 2129 suit
547 2091 681 2144 pileus
724 2092 829 2131 altus
869 2095 909 2131 in
950 2095 1120 2144 figuram
1163 2100 1297 2133 metae
1338 2096 1586 2147 fastigiatus.

118 2149 238 2186 Dion.
270 2147 365 2185 Hal.
398 2143 457 2196 ΙΙ,
486 2147 554 2188 70.

235 2204 267 2253 §-
291 2203 332 2244 5.
394 2204 770 2256 obse1uandas]
805 2206 1035 2258 Utrumque
1053 2207 1266 2246 Ciceronis
1287 2208 1585 2247 consuetudine

122 2262 323 2298 firmatum
357 2264 422 2297 est
453 2266 494 2299 et
525 2274 745 2299 seruare
775 2261 822 2300 le
843 2276 932 2314 ges
965 2269 1009 2301 et
1040 2264 1345 2303 obseruare.
1406 2266 1471 2303 Cf.
1497 2266 1587 2304 Cic.

123 2316 175 2353 de
208 2316 279 2354 Or.
312 2312 349 2365 I,
384 2316 450 2355 21.
482 2315 548 2357 97.
592 2316 673 2355 Off.
707 2314 765 2368 ΙΙ,
804 2319 870 2359 11.
901 2318 972 2359 40.
1005 2319 1055 2357 ad
1084 2320 1201 2358 Fam.
1234 2317 1294 2370 ΙΙ,
1331 2321 1391 2361 17.
1424 2321 1464 2361 2.
1526 2322 1586 2360 Ad

123 2372 274 2408 factum
307 2384 394 2421 mag,
383 2373 435 2408 is
481 2371 608 2421 illud,
638 2373 688 2410 ad
719 2375 894 2413 animum
925 2376 1003 2414 hoc
1028 2381 1206 2428 spectat.
1266 2378 1357 2416 Hoc
1376 2376 1467 2416 loco
1501 2380 1586 2415 ob-

125 2439 308 2465 seruan
323 2403 410 2465 daos
441 2432 580 2466 tuetur
601 2428 816 2468 meliorum
841 2431 1025 2470 codicum
1050 2435 1286 2484 auctoritas,
1309 2435 1452 2484 quibus
1474 2434 1584 2472 haud

123 2485 242 2535 pauci
273 2483 472 2522 accedunt
503 2483 766 2524 deteiiorum.

227 2541 420 2592 quippe
453 2553 555 2579 cum
586 2543 635 2578 in
669 2541 784 2592 illa]
809 2543 897 2581 Duo
915 2544 1027 2583 haud
1044 2547 1127 2584 scio
1146 2558 1195 2583 an
1213 2547 1292 2583 iam
1311 2546 1350 2584 in
1370 2546 1459 2585 cod.
1474 2547 1586 2585 arch.

122 2595 279 2634 fuerint
321 2600 491 2648 peccata
535 2601 578 2634 et
621 2599 669 2635 in
715 2600 964 2651 praepositio
1004 2607 1101 2640 ante
1139 2600 1235 2640 illa
1273 2603 1425 2641 omissa
1464 2608 1506 2640 et
1535 2605 1585 2640 in

123 2652 220 2690 hac
252 2655 450 2704 scriptum
481 2666 555 2705 pro
597 2655 645 2691 in
683 2654 787 2695 hoc
847 2656 1076 2708 Utrumque
1116 2659 1265 2696 merito
1305 2659 1462 2709 pridem
1492 2672 1580 2696 corn

123 2713 279 2747 rectum
324 2714 404 2747 est.
474 2708 647 2760 Reliqua
690 2711 733 2748 in
775 2710 895 2752 codd.
936 2719 1031 2752 sunt
1069 2715 1256 2765 integra,
1293 2714 1391 2753 licet
1432 2728 1454 2752 a
1483 2716 1584 2752 uiris

126 2763 260 2803 doctis
279 2767 392 2804 uarie
413 2767 496 2805 sint
517 2770 689 2806 tentata.
743 2768 793 2805 Et
810 2767 960 2808 Bakius
977 2771 1140 2820 quidem
1167 2772 1365 2810 coniecit:
1398 2772 1547 2822 quipp
1563 2781 1585 2806 e
