1781 3192
379 197 533 234 Limen
568 193 868 233 SECUNDUS.
920 195 1017 234 (ῙΑΡ.
1056 194 1153 233 Vlll.
1416 194 1492 232 151

43 312 271 363 poteris,
314 320 589 355 occurres;
644 307 686 342 si
730 318 828 342 non
870 307 1138 357 potueriS,
1179 306 1276 343 hoc
1314 319 1495 344 conso-

42 365 260 418 labere).

158 426 302 459 esset
335 419 424 458 ins.
457 431 510 458 sc.
553 419 584 455 si
626 417 832 469 perfectas
876 416 1000 454 edere
1044 417 1209 455 uellem.
1271 418 1493 457 lndicatiuo

43 483 147 527 est,
198 490 313 528 quem
360 476 530 513 Rathius
574 473 850 521 desiderauit,
900 486 978 509 non
1018 486 1110 510 usus
1153 479 1218 511 est
1258 480 1493 525 propterea,

44 536 135 586 quia
175 533 346 571 subiecti
386 530 516 568 locum
558 543 636 568 non
680 534 795 566 tenet
827 530 1017 565 uniuersa
1049 529 1183 570 legum
1217 531 1492 580 perfectarum

43 590 290 628 edendarum
334 588 446 623 notio
489 586 568 639 (ita
605 585 742 623 addito
784 586 1027 635 pronomine
1066 586 1143 622 dic-i
1178 589 1357 636 oportuit
1386 601 1493 626 nam

43 647 93 683 id
124 644 330 694 quidem
374 643 467 680 inf.
510 641 638 695 est),
681 640 753 678 sed
795 639 1014 691 singularis
1046 641 1182 691 legum
1218 644 1494 692 perfectarum

41 715 61 738 a
93 712 137 737 se
165 698 415 737 edendarum
447 701 575 736 notio.
635 696 750 746 Quod
785 699 877 747 quia
910 709 954 734 se
984 710 1063 735 non
1089 703 1373 748 suscepturum
1400 713 1493 737 esse

42 756 212 804 dixerat,
257 754 521 793 conditionali
554 755 751 791 orationis
783 754 911 791 forma
944 766 1039 791 usus
1072 759 1150 792 est.
1211 755 1410 793 Similiter
1442 756 1494 793 de

42 813 131 850 Diu.
156 811 205 861 ll,
231 811 268 850 ὃ.
301 809 363 849 14.
397 808 566 861 (nulla
599 811 730 846 enim
761 816 871 847 arte
905 808 1008 847 alia
1043 810 1088 847 id
1110 822 1204 848 nec
1225 813 1494 862 sapientia

42 869 178 905 scire
208 867 502 918 potuisset)
535 872 704 917 propter
737 871 972 915 conceptam
1006 868 1064 903 rei
1098 880 1176 904 non
1213 880 1333 905 uerae
1357 871 1493 906 notio-

40 936 130 961 nem
164 923 264 960 dixit
294 923 584 973 posuisset,
616 935 693 959 non
723 924 918 972 potuit3
950 924 1132 973 itemque
1164 936 1237 973 pro
1262 926 1398 973 Quint.
1428 925 1492 974 16,

39 979 108 1019 52.
151 977 416 1016 conditionali
461 980 654 1016 orationis
694 978 825 1016 forma
866 992 960 1015 usus
1003 984 1067 1016 est
1108 979 1378 1030 (deberes,
1412 995 1492 1019 non

40 1034 246 1085 debes),
281 1040 322 1072 ut
353 1037 514 1084 grauius
547 1034 700 1085 aliquid
728 1048 807 1072 non
840 1035 974 1073 fuisse
1007 1036 1271 1085 significaret,
1315 1037 1422 1088 quod
1456 1040 1493 1075 ei

37 1091 298 1129 concederet.

149 1149 318 1192 ῘῚΙΙ.
371 1146 404 1195 §—
439 1144 499 1185 19.
547 1146 844 1197 Separatim
877 1160 1020 1185 nemo
1045 1147 1146 1198 cet.]
1192 1148 1354 1186 Primus
1378 1155 1492 1188 recte

39 1204 178 1243 Madu.
211 1204 329 1241 huius
360 1201 439 1240 loci
469 1207 510 1240 et
549 1202 767 1253 explicauit
805 1206 1050 1241 seutentiam
1091 1210 1134 1242 et
1172 1207 1294 1242 uerba
1336 1208 1492 1244 cousti-

38 1263 126 1300 tuit.
206 1260 308 1297 Cum
359 1260 465 1296 enim
513 1260 746 1309 superiores
796 1260 1048 1310 interpretes
1101 1274 1122 1298 a
1168 1262 1305 1298 uerbis
1361 1275 1493 1300 neue

38 1330 200 1355 nouos
247 1328 394 1353 nouam
443 1316 688 1353 sententiam
739 1317 922 1366 incipere
970 1319 1136 1367 eiusque
1184 1319 1353 1355 uerbum
1400 1331 1493 1356 esse

40 1374 245 1411 dixissent
284 1371 501 1409 colunto
550 1384 626 1408 nec
677 1384 867 1410 sermone
907 1372 1018 1411 saluo
1060 1386 1136 1411 nec
1175 1375 1405 1423 sententia,
1448 1388 1493 1412 ac

39 1430 233 1479 deinceps
267 1428 516 1464 deteriorum
551 1427 671 1465 codd.
704 1430 828 1465 uerba
859 1435 1166 1467 constructa
1197 1443 1217 1466 a
1246 1432 1492 1480 patribus

39 1486 182 1523 itidem
233 1496 428 1535 peruersa
477 1485 683 1520 sententia
730 1484 777 1520 ad
829 1486 952 1522 uerba
1002 1484 1218 1523 delubra
1259 1486 1492 1525 habento

40 1541 294 1589 retulissent,
338 1541 449 1589 quasi
490 1552 604 1588 uero,
642 1553 742 1589 quae
778 1541 882 1578 facta
923 1555 943 1578 a
982 1543 1163 1592 patribus
1205 1547 1360 1592 essent,
1401 1542 1493 1594 lege

41 1603 111 1635 aut
131 1600 241 1635 iussu
265 1601 435 1647 possent
457 1595 599 1646 dirigi:
622 1598 775 1647 primus
800 1597 938 1635 Madu.
965 1599 1086 1635 uerba
1108 1610 1239 1636 neue
1262 1612 1387 1637 nouo
1403 1612 1420 1637 s
1438 1623 1491 1627 —

40 1654 279 1692 adscitos
324 1650 373 1688 ad
416 1653 538 1688 uerba
577 1655 789 1703 superiora
829 1654 885 1691 ita
923 1656 1134 1704 pertinere
1175 1654 1492 1706 demonstrauit,

40 1715 83 1747 ut
121 1710 283 1760 species
325 1706 429 1744 duae
470 1707 665 1757 deorum,
714 1722 812 1758 quos
863 1712 1084 1761 separatim
1135 1724 1254 1748 nemo
1294 1712 1490 1762 haberet,

39 1766 335 1804 denotarentur
383 1765 587 1814 uerbaque
629 1766 874 1815 priuatim
919 1765 1130 1804 colunto
1173 1780 1262 1805 cum
1305 1767 1490 1819 reliquis,

39 1823 330 1873 integrioribus
370 1819 450 1857 illis
494 1819 654 1869 quidem
692 1822 733 1858 in
771 1822 890 1860 codd.
928 1821 1184 1873 melioribus,
1224 1826 1419 1862 correctis
1451 1826 1491 1862 in

39 1878 337 1924 deterioribus,
387 1876 670 1925 coniungenda
720 1891 810 1915 esse
857 1879 1055 1917 ostendit.
1132 1882 1243 1928 Quae
1293 1880 1491 1931 Maduigii

37 1937 141 1972 ratio
180 1932 247 1971 uel
289 1934 461 1970 maxime
501 1934 759 1970 contii-matur
798 1935 884 1984 ipsa
922 1935 1040 1972 huius
1080 1934 1186 1985 legis
1216 1937 1492 1987 explicatione
1543 1960 1547 1966 ι

39 1992 70 2040 ᾧ.
104 1990 179 2037 25;
220 2002 297 2039 qua
335 1989 509 2038 primum
550 1988 646 2038 quid
685 1990 931 2027 incommodi
965 1992 1114 2028 habeat
1144 1994 1362 2043 separatim
1397 1990 1563 2031 suos7*

40 2052 108 2084 aut
147 2058 273 2083 nouos
315 2048 385 2081 aut
420 2045 599 2081 aduenas
638 2046 664 2081 i.
699 2057 733 2084 e.
775 2045 1025 2096 alienigenas
1068 2047 1168 2085 deos
1205 2049 1381 2098 habere,
1422 2063 1492 2087 ex-

38 2101 187 2154 plicat3
220 2100 372 2138 deinde
402 2102 592 2151 priuatim
627 2113 698 2138 eos
731 2102 830 2140 deos
864 2103 942 2140 coli
974 2102 1137 2153 placere
1169 2104 1285 2154 dicit,
1317 2107 1380 2155 qui
1415 2107 1493 2143 rite

39 2172 61 2195 a
100 2159 283 2210 patribus
326 2158 483 2207 accepti
520 2158 625 2205 sint,
665 2159 699 2194 si
742 2159 817 2208 ipsi
860 2159 954 2197 huic
984 2158 1064 2209 legi
1096 2162 1329 2210 paruerint;
1368 2163 1491 2199 tertio

39 2213 216 2264 denique
267 2211 357 2250 loco
407 2213 459 2250 de
502 2212 683 2250 delubris
732 2214 921 2264 disserit,
971 2218 1151 2265 quaein
1195 2218 1359 2254 urbibus
1401 2230 1492 2255 esse

38 2275 231 2322 oportere
263 2268 376 2306 dicit.
442 2265 640 2319 Idemque
670 2269 901 2308 luculenter
940 2270 1010 2309 illa
1052 2272 1374 2322 demonstrauit,
1414 2287 1492 2311 nec

37 2332 193 2364 setne
227 2324 295 2362 uel
327 2325 434 2374 quod
468 2325 651 2375 plerique
683 2327 904 2364 secundum
940 2327 1059 2366 codd.
1094 2328 1199 2367 dett.
1223 2331 1492 2380 scripserunt,

38 2385 153 2420 siue
185 2394 278 2419 esse
314 2380 528 2419 ferendum
571 2382 938 2433 corrigendumque
979 2396 1072 2422 esse
1111 2397 1264 2435 neue,
1306 2386 1346 2423 id
1385 2386 1492 2436 quod

39 2443 133 2476 ante
174 2442 217 2475 et
246 2438 421 2475 Rathius
463 2443 504 2474 et
533 2437 720 2476 Ilandius
762 2437 888 2484 (llall.
927 2439 1033 2490 Allg.
1074 2441 1322 2480 Literatnrz.
1369 2442 1491 2482 1610.

38 2495 126 2541 71.)
166 2493 531 2531 commendauerat
552 2496 618 2541 ÷÷),
673 2499 715 2532 et
752 2496 922 2532 uerbum
965 2497 1128 2547 aliquod
1167 2499 1360 2536 omissum
1402 2511 1493 2536 esse

38 2552 76 2588 in
116 2549 289 2588 relatiua
330 2549 402 2587 illa
444 2551 651 2587 sententia
691 2564 818 2600 quos
867 2553 972 2590 rite
1013 2566 1034 2591 a
1075 2555 1330 2605 patribus.
1404 2555 1494 2593 Hoc

34 2612 172 2646 autem
206 2606 335 2643 fuisse
366 2607 709 2657 acceperint,
740 2605 970 2645 luculenter
999 2611 1248 2661 perspicitur
1278 2623 1327 2649 ex
1354 2612 1493 2649 uerbis

39 2664 120 2710 eis,
158 2663 300 2712 quibus
342 2663 379 2699 iu
412 2661 504 2711 lege
538 2662 776 2713 explicanda
807 2676 902 2701 usus
935 2671 1021 2703 est:
1053 2679 1165 2705 nain
1198 2681 1219 2705 a
1249 2669 1492 2719 patribus

133 2781 165 2822 ⁸)
192 2782 292 2815 Idem
317 2784 359 2817 A.
386 2784 430 2818 G.
459 2784 624 2826 Zumptio
652 2784 831 2826 placuisse
858 2785 975 2819 uideo.
