1781 3192
457 193 615 232 LmER
649 191 948 231 SECUNDUS.
1005 191 1104 231 Cap.
1140 191 1211 231 lv.
1483 189 1564 229 15¹

105 307 313 358 opinatur,
345 304 395 343 ad
429 304 492 354 id,
534 303 640 356 quod
673 316 794 355 supra
827 300 871 355 I,
912 305 948 344 7.
991 303 1203 343 exordium
1243 306 1406 354 captum
1446 303 1500 340 sit
1540 317 1562 341 a

104 362 203 400 diis.
265 358 358 400 Illic
386 375 407 399 a
440 361 518 399 diis
550 362 837 412 proficiscitur,
879 366 923 398 ut
954 361 1121 399 deorum
1155 365 1294 398 mente
1325 360 1561 397 uniuersum

102 418 294 457 mundum
321 417 595 455 administrari
624 416 897 466 demonstret,
931 430 1010 455 non
1036 430 1138 467 rem,
1165 429 1279 467 quam
1305 416 1345 453 in
1373 415 1559 453 manibus

103 475 270 523 habeat,
302 475 430 525 ipsam
465 486 732 525 aggressurus
764 473 931 511 deorum
966 472 1155 511 auxilium
1192 470 1395 523 implorat.

213 530 314 572 lv.
371 529 402 579 ᾧ.
435 529 475 569 8.
522 529 750 567 labamur
781 542 966 568 errore
997 531 1261 567 sermonis
1295 527 1391 577 cet.]
1438 524 1559 566 Nulla

103 587 146 624 h.
178 584 206 623 l.
241 585 475 636 corrigendi
508 587 748 623 necessitas.
810 586 1006 637 Superius
1035 586 1295 623 sermonis
1322 581 1560 621 uocabulum

101 653 334 679 sermonem
376 643 608 679 uniuersum
641 642 858 692 significat,
889 648 932 680 ut
964 640 1155 679 similiter
1184 639 1334 677 dicitur
1356 640 1481 678 '1¹11sc.
1507 638 1560 688 V,

99 696 168 737 32.
203 696 273 736 91.
313 711 498 735 errore
536 699 797 735 sermonis
838 698 937 736 labi
982 700 1009 736 i.
1052 711 1089 734 e.
1132 709 1296 745 errare,
1339 697 1430 745 quia
1471 706 1560 732 ser-

100 766 260 791 monem
294 767 373 792 non
407 756 505 792 satis
532 756 738 804 cognitum
771 754 984 792 habemus.
1046 753 1169 791 Cuius
1193 765 1336 803 parum
1363 750 1561 788 definitae

99 812 330 848 sententiae
362 809 593 861 explicandi
626 812 756 860 gratia
782 810 967 861 adiungit
989 810 1113 847 haec:
1145 810 1230 859 ign
1247 818 1559 857 oremusque

99 867 197 903 uim
246 868 508 904 sermonis
557 868 698 916 eius,
747 880 838 916 quo
897 869 1009 904 iura
1058 866 1205 903 nobis
1252 861 1561 901 definienda

98 923 232 971 sint,
273 924 312 960 in
353 924 496 973 quibus
539 935 771 961 sermonem
811 922 893 961 dici
933 927 1102 973 apparet
1139 934 1257 971 eum,
1299 933 1376 970 quo
1412 920 1454 957 in
1494 919 1558 956 his

95 977 252 1027 legibus
285 980 585 1016 constituendis
620 984 771 1029 utatur,
804 980 830 1017 i.
866 992 902 1016 e.
944 978 1250 1030 philosophie-0,
1296 977 1360 1027 qui
1394 974 1558 1026 quidem

97 1033 261 1071 differat
293 1048 313 1072 a
345 1048 536 1072 sermone
568 1036 820 1085 quotidiano,
853 1048 931 1085 quo
960 1034 1046 1072 lex
1079 1032 1310 1085 appelletur
1350 1031 1407 1082 id,
1451 1029 1559 1081 quod

97 1103 118 1126 a
150 1089 300 1140 populo
329 1093 471 1128 seitum
506 1095 548 1128 et
581 1093 847 1129 constitutum
889 1092 941 1128 sit
962 1089 1025 1144 ii).
1078 1090 1140 1127 Cf.
1176 1086 1232 1128 ΙΙ.
1267 1089 1300 1138 ᾗ.
1334 1087 1374 1128 9.
1435 1087 1558 1125 Simi-

96 1144 196 1182 liter
229 1158 363 1183 sermo
397 1147 655 1196 quotidianus
694 1147 961 1197 distinguitur
992 1160 1013 1184 a
1042 1145 1327 1197 philosophico
1371 1142 1480 1182 Lael.
1514 1142 1555 1191 6,

95 1201 164 1241 21.
198 1206 240 1239 et
269 1203 309 1239 in
342 1215 525 1253 prooem.
557 1202 609 1239 ad
640 1202 729 1240 Par.
765 1204 794 1253 ἦ.
820 1201 858 1242 Li.
902 1216 961 1240 an
993 1201 1097 1240 alia
1128 1200 1374 1252 quaedam
1409 1203 1559 1237 esset

95 1257 305 1295 erudita
354 1260 379 1297 i.
421 1271 456 1299 e.
508 1258 826 1310 philosophica,
877 1258 979 1296 alia
1029 1257 1316 1309 popularis
1363 1257 1555 1294 oratio.

94 1314 199 1352 Hinc
230 1313 351 1352 facile
381 1327 461 1352 non
492 1317 693 1365 ingratam
725 1317 985 1353 iterationem
1030 1316 1070 1352 h.
1101 1313 1130 1354 l,
1168 1312 1425 1364 deprehendi
1465 1312 1555 1349 elu-

93 1378 185 1420 cet,
225 1369 382 1421 qualem
424 1370 614 1421 plerique
663 1373 913 1423 interpretes
965 1372 1041 1408 sibi
1098 1369 1428 1421 deprehendisse
1476 1369 1557 1406 uisi

94 1432 204 1464 sunt.
266 1427 324 1464 De
369 1439 437 1475 ea,
481 1440 596 1477 quam
638 1433 744 1479 part.
786 1441 881 1478 que
923 1428 962 1464 h.
995 1426 1023 1465 l.
1055 1427 1180 1463 habet
1211 1427 1290 1463 uim
1324 1423 1557 1476 complendi

93 1481 189 1519 uide
220 1482 347 1532 Seyff.
380 1483 430 1519 ad
463 1482 574 1521 Lael.
602 1497 647 1534 p.
680 1482 770 1523 143.
842 1484 1020 1521 Temere
1062 1483 1186 1532 igitur
1225 1482 1326 1519 Dau.
1370 1486 1412 1518 et
1452 1481 1554 1518 Ern.

95 1539 355 1576 sermonis
401 1540 615 1590 superius,
662 1539 841 1577 Orellius
892 1544 934 1576 et
976 1539 1125 1576 Bakius
1173 1539 1378 1588 posterius
1423 1536 1554 1575 deleri

95 1592 330 1642 noluerunt,
365 1600 408 1632 ut
440 1596 552 1632 eius
586 1597 840 1647 pronominis
873 1608 1000 1645 genus
1033 1599 1223 1631 neutrum
1258 1600 1381 1631 esset.
1430 1593 1554 1643 Wag-

92 1662 218 1686 nerus
251 1650 393 1687 itidem
427 1654 662 1702 posteriore
695 1654 898 1689 sermonis
931 1651 1127 1689 uocabulo
1161 1649 1300 1687 deleto
1325 1664 1346 1700 q
1360 1663 1416 1688 ua
1443 1663 1554 1688 com-

91 1706 318 1754 mendauit,
351 1712 394 1743 ut
424 1707 474 1744 ad
501 1706 668 1757 legem
700 1708 743 1745 id
775 1709 1018 1746 referretur.
1080 1706 1198 1755 Quod
1229 1707 1321 1756 quia
1352 1707 1440 1744 fieri
1471 1719 1552 1744 non

89 1774 214 1813 posse
238 1762 483 1801 Schuetzius
508 1765 653 1814 sensit,
682 1765 715 1802 is
737 1763 893 1815 legis,
926 1777 1017 1814 qua
1041 1775 1115 1814 pro
1143 1764 1425 1812 sermonis,
1455 1775 1551 1812 quo

91 1817 406 1859 commendauit.
468 1819 659 1858 Krausius
684 1820 862 1871 denique
891 1820 921 1859 l.
946 1819 972 1861 l.
1003 1833 1044 1871 p.
1069 1817 1168 1859 468.
1193 1820 1372 1857 coniecit
1393 1820 1552 1857 nomi-

90 1887 169 1911 nis
199 1886 335 1923 elus,
368 1888 482 1924 quo.

150 1927 159 1930 ”
204 1934 254 1966 et
286 1936 369 1967 est
401 1931 524 1981 ista]
576 1930 686 1970 Male
714 1933 813 1971 Dau.
847 1930 1086 1983 particulam
1119 1935 1172 1968 et
1203 1929 1370 1982 expulit.
1422 1931 1553 1968 Nimi-

89 1998 177 2022 rum
210 1986 357 2036 probat
383 1989 572 2037 Quintus,
606 1989 713 2037 quod
744 1989 907 2026 Marcus
939 2002 983 2026 se
1012 1988 1213 2026 facturum
1249 2000 1343 2025 esse
1377 1986 1552 2038 dixerat,

92 2047 135 2078 et
164 2042 356 2092 adiungit
385 2045 505 2080 istam
538 2050 692 2082 rectam
729 2044 904 2082 docendi
939 2046 1043 2082 uiam
1078 2056 1183 2083 esse.

200 2099 491 2150 principem
522 2099 667 2137 illam
699 2099 890 2150 legem]
953 2100 1062 2138 Uide
1094 2096 1125 2139 I.
1157 2113 1192 2137 c.
1226 2098 1264 2139 6.

202 2177 261 2202 ex
289 2178 412 2216 qua,
457 2165 565 2217 quod
607 2166 791 2205 codicum
833 2168 1014 2205 omnium
1052 2172 1131 2216 est,
1171 2170 1285 2203 recte
1324 2177 1370 2202 se
1411 2165 1551 2215 habet,

87 2232 165 2257 nec
204 2222 365 2272 probari
397 2227 553 2274 potest,
586 2223 693 2274 quod
724 2228 820 2275 post
850 2224 1060 2262 Dauisium
1093 2223 1226 2260 denuo
1259 2221 1406 2258 Bakius
1440 2235 1553 2259 com-

87 2277 319 2315 mendauit:
353 2291 411 2316 ex
444 2292 550 2329 quo,
612 2281 699 2329 Quo
731 2280 896 2330 quidem
930 2292 1051 2317 eausa
1081 2279 1352 2327 indicaretur,
1385 2290 1455 2315 cur
1485 2277 1550 2315 lex

86 2331 173 2383 illa,
213 2347 330 2384 quam
373 2334 427 2372 dii
459 2336 600 2385 generi
632 2337 808 2374 humano
843 2336 1074 2384 dedissent,
1116 2335 1279 2373 laudata
1312 2339 1439 2371 esset.
1483 2333 1550 2372 Cf.

88 2388 141 2426 de
172 2390 263 2428 Fin.
299 2390 350 2440 V,
387 2389 452 2431 14.
485 2389 549 2430 39.
610 2393 661 2430 At
697 2392 774 2430 hoc
809 2391 900 2431 loco
938 2391 1071 2443 legem
1112 2392 1223 2430 illam
1257 2391 1339 2428 dici
1371 2392 1551 2441 oportuit

89 2450 224 2484 natam
266 2459 359 2485 esse
404 2460 451 2484 ex
491 2452 631 2485 mente
673 2450 808 2486 omnia
847 2450 1008 2487 ratione
1037 2450 1222 2499 cogentis
1256 2447 1345 2495 dei3
1387 2459 1433 2484 ac
1464 2451 1549 2485 tum

87 2502 279 2554 demum,
323 2517 395 2541 cur
427 2508 542 2541 recte
581 2503 745 2542 laudata
792 2511 929 2557 esset,
970 2505 1147 2557 intelligi
1189 2505 1337 2557 potuit.
1405 2499 1550 2554 Itaque

178 2646 209 2688 ')
231 2648 368 2681 Parum
404 2652 501 2681 recte
528 2649 591 2682 Or.
627 2652 663 2681 et
683 2647 860 2681 Krausius
899 2653 1034 2694 negant
1069 2650 1150 2684 iura
1186 2647 1330 2683 definiri
1369 2658 1549 2682 sermone.

86 2691 157 2732 Qui
183 2691 261 2725 iura
286 2693 424 2735 definit,
450 2705 617 2727 sermone
645 2698 767 2727 utatur
794 2705 941 2727 necesse
975 2699 1041 2729 est.
1091 2697 1217 2730 Cicero
1253 2695 1366 2740 igitur
1400 2695 1435 2727 in
1472 2694 1548 2726 iure

85 2737 332 2790 constituendo
370 2751 536 2773 somnone
577 2739 831 2783 philosophico
864 2745 979 2783 utens,
1014 2741 1084 2775 hoc
1114 2753 1279 2776 sermone
1306 2741 1385 2774 iura
1410 2739 1547 2773 definit.

84 2791 152 2813 non
181 2788 324 2820 usitato.

1270 2846 1326 2882 9*
