1781 3192
479 199 636 237 {ABER
668 198 888 237 Fuluus.
938 199 1034 238 Cir.
1065 199 1127 238 vi.
1480 199 1536 237 31

78 313 174 350 iecit
203 315 382 350 nostra
414 314 552 361 iura,
585 323 677 361 pop
693 310 762 348 uli
803 324 850 347 ex
887 311 1233 361 interpretatione
1267 315 1403 348 natum
1439 325 1533 351 esse

76 369 324 407 existimans

192 427 294 469 VI.
355 425 389 473 ᾧ.
428 422 488 463 18.
557 424 662 461 Non
705 423 776 459 ita
817 422 914 472 est!
1000 424 1077 460 Pro
1118 421 1281 474 uulgato
1321 424 1537 462 uerborum

80 481 223 518 ordine
258 494 351 518 non
387 485 464 518 est
496 481 565 518 ita
594 493 682 518 cum
721 479 899 516 Victorio
934 485 974 516 et
998 480 1120 517 Bakio
1153 480 1262 517 huuc
1294 481 1455 518 restitui
1489 493 1539 519 ex

80 538 201 577 codd.
234 549 322 574 cum
355 536 559 588 plurimis,
592 541 675 573 tum
709 536 887 585 optimis.
951 537 1036 573 Non
1073 537 1179 573 enim
1222 538 1387 574 omnino
1429 539 1536 587 quic-

81 607 199 643 quam
232 604 324 630 esse
355 598 542 643 negatur,
576 590 701 630 ueluti
735 591 802 640 ΙΙΙ,
844 592 883 630 7.
922 592 985 631 17.
1030 592 1082 629 de
1114 593 1195 630 off.
1241 593 1270 640 Ι,
1312 592 1382 633 45.
1426 592 1540 643 158,

80 649 153 687 sed
191 651 266 686 ita
299 660 390 686 esse
423 653 617 699 negatur,
659 653 701 685 ut
739 653 858 685 autea
899 647 1053 685 (lictum
1094 649 1148 685 sit
1179 648 1368 686 adiuncta
1400 651 1542 693 statim

80 706 354 743 correctione.
417 704 535 754 Quod
567 705 644 742 etsi
679 703 745 741 uel
777 706 836 740 sic
866 706 986 742 scribi
1017 705 1152 755 potuit
1182 717 1206 741 n
1223 718 1283 742 on
1326 710 1405 743 est
1446 707 1539 756 ita,

82 760 422 813 quemadmodum
454 763 618 813 scripsit
649 762 737 812 ipse
776 774 849 811 pro
883 759 1046 798 (liuent.
1079 758 1147 810 59,
1186 759 1275 802 162.
1310 758 1428 815 (non
1458 767 1541 800 est

79 820 177 866 ita;
219 816 292 855 sed
333 817 595 855 —uoluit
637 831 745 855 eum
777 816 986 867 aliquid
1021 822 1290 867 acceptum
1320 818 1539 856 referre

78 873 413 912 liberalitati
447 872 618 926 suae),
652 880 696 911 ut
736 875 909 925 primum
957 872 1202 924 simpliciter
1242 875 1320 913 hoc
1359 876 1415 912 ita
1446 887 1540 913 esse

78 934 298 981 negaretur
335 944 379 969 ac
420 930 571 968 deiude
612 932 812 968 correctio
855 930 1148 980 adiungeretur
1195 930 1539 981 praecedentibus

80 989 216 1026 uerbis
252 986 432 1025 nondum
464 987 664 1025 indicata:
692 987 769 1024 hoc
800 990 938 1024 tamen
969 985 1059 1024 loco
1091 989 1388 1026 correctionem
1424 990 1541 1039 sequi

80 1046 155 1081 iam
208 1044 297 1094 ipso
353 1044 568 1081 uerborum
621 1042 767 1081 ordine
817 1043 997 1080 indicare
1045 1042 1187 1081 uoluit.
1273 1046 1419 1095 Attigit
1464 1046 1542 1083 hoc

78 1100 298 1137 discrimen
329 1111 448 1149 quem
479 1098 626 1136 Bakius
659 1098 841 1137 laudauit
880 1098 1064 1136 llandius
1105 1098 1225 1137 Turs.
1254 1099 1317 1140 111.
1359 1114 1400 1152 p.
1440 1100 1539 1141 493.

77 1158 143 1196 Ac
173 1167 246 1205 pro
281 1159 353 1203 at,
394 1154 502 1205 quod
542 1168 591 1192 ex
631 1155 905 1192 deterioribus
945 1152 1188 1193 translatum
1231 1161 1295 1194 est
1335 1158 1456 1195 etiam
1500 1159 1540 1196 in

78 1211 196 1252 codd.
244 1210 558 1260 ABC11.65.,
614 1219 818 1249 seruatum
868 1216 932 1248 est
971 1212 1011 1248 in
1041 1207 1223 1250 E6Gd.
1256 1212 1293 1252 2.
1362 1214 1541 1253 Temere

80 1268 211 1308 deleri
242 1267 285 1305 id
317 1266 446 1306 uoluit
474 1268 664 1306 Ratliius.
724 1268 786 1305 De
818 1267 896 1305 hoc
931 1268 1208 1306 Romanorum
1240 1281 1332 1319 res,
1365 1284 1469 1321 quae
1498 1272 1541 1310 in

79 1324 247 1365 aliarum
286 1336 423 1363 rerum
462 1323 595 1363 locum
636 1325 958 1372 substituuntur,
1006 1324 1255 1363 annectendi
1294 1339 1409 1365 more
1448 1341 1540 1365 cum

77 1380 213 1431 multi,
245 1378 306 1435 (v.
334 1380 486 1419 Jordan
514 1394 589 1434 pro
620 1380 741 1420 caeo.
777 1380 847 1432 20,
881 1381 968 1428 58.)
1001 1384 1087 1420 tum
1110 1382 1237 1433 Seyff.
1270 1381 1467 1423 disseruit
1490 1384 1541 1423 ad

79 1437 192 1478 Lael.
220 1451 262 1488 p.
299 1436 391 1478 182.

194 1494 477 1542 ignoratio
508 1494 641 1532 iuris
672 1493 924 1546 litigiosa
957 1494 1057 1545 est]
1126 1495 1278 1545 Quinto
1319 1495 1540 1537 affirmanti

84 1563 171 1600 eos,
204 1550 272 1599 qui
302 1551 365 1588 ius
397 1563 479 1588 non
511 1564 559 1589 ex
589 1550 705 1588 fonte
735 1555 940 1603 repetant,
972 1551 1046 1589 sed
1067 1551 1225 1603 singula
1251 1557 1407 1592 tantum
1452 1556 1541 1593 iura

82 1621 104 1645 a
133 1603 293 1660 populis
323 1607 550 1645 constituta
580 1606 767 1658 tradant,
809 1607 1148 1659 quemadmodum
1187 1610 1216 1647 ii
1246 1609 1441 1660 fecerint,
1473 1612 1542 1662 qui

82 1675 208 1714 usque
241 1675 289 1700 eo
320 1663 385 1702 ius
416 1662 539 1702 ciuile
570 1666 826 1715 scripserint,
857 1678 939 1702 non
970 1671 1052 1703 tam
1083 1666 1264 1704 iustitiae
1307 1679 1424 1717 quam
1454 1667 1543 1707 liti-

80 1718 203 1771 gandi
235 1719 321 1757 uias
351 1719 535 1769 tradere,
564 1719 642 1757 hoe
674 1733 754 1758 non
788 1720 996 1769 concedit,
1040 1721 1113 1759 sed
1142 1723 1282 1773 potius
1313 1724 1413 1762 iuris
1443 1726 1544 1763 ciui-

79 1775 130 1815 lis
161 1776 459 1826 ignorationem
491 1774 711 1814 multarum
742 1775 876 1815 litium
908 1791 1070 1815 causam
1096 1790 1188 1816 esse
1212 1777 1326 1819 dicit.
1388 1780 1543 1820 Teme-

77 1834 227 1872 ruriam
250 1834 375 1883 igitur
406 1844 501 1871 esse
529 1836 646 1884 patet
675 1834 788 1872 Bakii
814 1835 1092 1873 coniecturam
1124 1848 1176 1873 ac
1206 1836 1386 1887 potius
1413 1836 1543 1877 haec

80 1890 214 1929 iuris
243 1890 538 1939 ignoratio,
571 1902 713 1938 quam
744 1891 976 1928 scientia
1008 1895 1104 1929 est.

190 1955 283 1996 hoc
311 1956 604 2010 posterius]
665 1957 746 1996 Pro
792 1972 865 2008 eo,
906 1957 1014 2009 quod
1056 1957 1189 1997 adhuc
1218 1958 1426 2010 uulgatum
1458 1966 1539 2011 est,

79 2019 205 2056 haec
245 2029 333 2054 cum
376 2013 541 2051 Dauisio
582 2018 624 2051 et
658 2015 785 2053 Bakio
827 2027 876 2052 ex
908 2013 1028 2053 codd.
1063 2019 1105 2052 et
1134 2014 1323 2067 plurimis
1357 2021 1399 2054 et
1429 2019 1541 2069 opti-

81 2075 156 2112 mis
208 2072 369 2112 restitui
416 2070 525 2120 hoc,
576 2074 619 2107 ut
664 2084 890 2123 pronomen
939 2070 990 2108 ad
1035 2070 1114 2109 hoc
1160 2085 1281 2110 unum
1309 2074 1542 2124 pertineret

79 2130 374 2181 ignorationem
414 2126 514 2164 iuris
555 2127 692 2178 potius
732 2141 851 2179 quam
890 2127 1105 2166 scientiam
1153 2128 1379 2180 litigiosam
1428 2143 1541 2170 esse.

81 2185 198 2226 ldem
229 2184 421 2237 Zumptio
452 2181 574 2220 uideo
605 2185 819 2235 probatum
851 2197 960 2223 esse.

192 2252 497 2292 doctissimi
552 2253 652 2290 uiri
711 2251 903 2291 dicuntur
956 2250 1195 2304 philosophi
1249 2250 1421 2307 (eodem
1470 2267 1539 2293 eos

80 2312 248 2350 nomine
292 2307 472 2361 appellat
511 2306 565 2345 de
606 2308 686 2348 Off.
718 2309 767 2347 ΙΙ.
811 2309 876 2349 17.
917 2308 984 2350 60.
1019 2305 1101 2359 ΙΙΙ,
1146 2308 1179 2349 1.
1208 2307 1246 2349 3.
1285 2309 1337 2349 de
1368 2311 1440 2350 Or.
1475 2312 1542 2361 ΙΙΙ,

86 2369 151 2417 15,
181 2365 250 2406 57.
280 2366 374 2404 Par.
408 2365 460 2414 V,
495 2363 531 2402 i.
564 2364 595 2414 ξ.
630 2362 726 2418 33.)
769 2368 810 2402 et
846 2366 973 2403 Stoici
1015 2365 1205 2418 quidem,
1251 2380 1352 2418 quos
1392 2369 1433 2406 in
1465 2368 1544 2406 hac

83 2424 136 2462 de
168 2435 326 2461 summa
355 2419 449 2472 lege
480 2419 759 2472 disputatione
790 2423 990 2472 sequitur.

193 2489 334 2527 ratio
375 2501 568 2527 summa
606 2489 776 2526 insita
813 2488 861 2526 in
901 2493 1089 2528 natura
1128 2494 1192 2529 est
1224 2491 1310 2542 ipsa
1341 2493 1446 2530 ratio
1478 2492 1543 2531 di-

20 2589 24 2593 ,
81 2548 198 2596 uina,
240 2558 357 2596 quam
388 2558 463 2597 per
492 2548 620 2583 totam
658 2548 842 2582 naturam
880 2544 1066 2584 diffusam
1118 2559 1212 2585 esse
1253 2547 1381 2586 Stoici
1429 2548 1544 2588 dice-

80 2615 192 2664 bant,
224 2614 453 2652 Stoicorum
486 2597 646 2661 λόγος
679 2595 850 2660 ὂρὲός,
879 2598 1058 2650 κοινὸς
1086 2600 1256 2664 νόμος.
1320 2615 1386 2654 Cf.
1427 2617 1544 2668 Diog.

80 2681 218 2719 Laert.
239 2676 340 2731 VII,
361 2680 431 2721 80.
456 2665 481 2715 ὂ
508 2666 686 2716 ποτικὸς
707 2665 863 2728 νόμος
884 2667 973 2717 διὰ
1004 2665 1223 2718 πάντων
1254 2669 1541 2733 ἐρχόμενος.

83 2736 171 2775 Cic.
203 2737 296 2776 Nat.
329 2737 602 2779 Deor.1.14.
643 2736 712 2779 36.
743 2737 866 2776 aliis
898 2743 1067 2778 autem
1097 2739 1255 2779 libris
1285 2743 1544 2779 rationem

83 2792 332 2843 quandam
370 2807 461 2847 per
499 2796 721 2834 omnium
764 2799 998 2835 naturam
1049 2809 1218 2836 rerum
1265 2798 1546 2849 pertinen—-
