1781 3192
359 199 513 236 Limen
548 196 848 234 siinrtwmms.
897 196 999 235 Car.
1033 194 1177 232 XMV.
1418 190 1505 229 257

42 325 137 351 esse
170 312 398 349 factitatum
432 310 531 347 satis
561 312 732 347 constat.
788 308 854 345 (ΣΥ.
885 307 1057 345 Beckeri
1092 303 1233 344 Gallus
1258 299 1314 342 II.
1346 311 1387 355 p.
1410 302 1505 342 276.

42 370 230 418 Denique
274 380 346 418 pro
387 365 624 413 tollitur,
666 365 757 414 quia
797 371 838 400 et
880 365 1010 414 ipsum
1053 362 1156 413 legis
1200 373 1293 398 esse
1338 360 1505 397 uerbum

44 426 260 476 sequeutia
291 423 536 471 ostendunt,
566 421 738 459 Manutii
782 422 1016 457 coniectura
1059 418 1274 457 tollitor
1315 421 1381 454 est
1419 428 1507 453 am-

44 480 284 536 plectenda.

158 549 215 574 ne
244 533 530 583 sumtuosa]
593 533 720 570 Recte
754 532 856 569 ham·
880 531 1019 569 Madu.
1055 533 1092 569 in
1118 530 1355 568 Emendatt.
1379 526 1508 580 p.80.

48 597 101 633 ita
133 595 428 641 interpretatus
462 597 540 638 est,
576 595 617 627 ut
642 590 777 626 uerbis
811 602 832 625 n
849 602 870 625 e
904 594 1176 626 sumtuosa
1208 586 1508 637 respersio,

46 662 106 687 ne.
136 647 320 695 longae
354 658 580 683 coronae
613 659 706 683 nec
739 657 961 681 acerrae
992 644 1106 693 leges
1137 643 1306 680 indicari
1334 642 1509 690 diceret,

47 717 150 755 quae
184 704 277 753 sibi,
312 711 353 740 ut
387 702 434 740 ad
465 701 619 752 reliqua
651 701 865 750 tenderet,
909 699 1237 751 praetereundae
1268 712 1360 736 esse
1393 698 1511 734 uide-

46 765 205 799 rentur.
268 761 308 796 ln
343 773 420 809 qua
452 759 797 809 interpretatione
840 759 933 807 quia
972 770 1045 808 pro
1086 770 1181 794 nee
1221 757 1344 793 tertio
1386 755 1508 791 etiam

44 816 134 855 loco
175 814 317 853 uoeula
366 829 424 852 ne
475 828 574 866 opus
616 820 756 863 esset,
797 814 944 851 Bakius
992 814 1169 851 coniecit
1218 825 1312 849 nec
1361 814 1512 848 sumt.

43 885 182 923 resp.
216 884 307 909 nec
339 871 533 921 longae
566 893 612 899 —
651 875 1099 923 praetereuntur.
1161 870 1228 907 At.
1263 867 1314 907 cf.
1350 868 1437 905 Liu.
1462 866 1511 914 ΙΙ,

45 928 112 970 32.
153 930 528 979 conspirasse,
579 940 640 964 ne
683 940 857 964 manus
898 926 952 964 ad
995 939 1048 964 os
1091 926 1257 963 cibum
1300 925 1515 961 ferrent

45 998 140 1024 nec
173 998 226 1022 os
257 986 529 1034 acciperet
550 997 644 1020 nec
668 984 857 1021 dentes
882 982 1239 1020 conficerent.
1273 982 1440 1030 Zumpt.
1464 978 1514 1017 ad

47 1041 134 1080 Cic.
153 1041 271 1080 Verr.
292 1041 359 1090 ΙΙΙ,
379 1042 419 1080 b'.
444 1039 507 1080 14'.
559 1040 703 1078 Mirum
729 1041 1066 1090 praeteritionem
1091 1036 1513 1075 confinxeruntGoer.

46 1098 144 1137 Sch.
176 1097 384 1145 moseum,
421 1098 489 1146 qui
521 1094 684 1133 uoculas
712 1108 876 1132 ne-ne
908 1108 987 1132 non
1022 1095 1126 1145 legis
1156 1107 1250 1131 esse
1280 1094 1432 1144 opinati
1464 1090 1515 1128 ad

47 1155 217 1193 uerbum
254 1152 497 1191 retulerunt.
562 1152 774 1189 Dauisius:
806 1164 867 1189 ne
896 1149 1091 1201 longae
1122 1162 1339 1188 acerrae
1372 1161 1516 1185 usur-

47 1215 259 1263 pant‹›1·;
290 1210 499 1247 Manutius
530 1208 908 1259 praeferantur
933 1220 1006 1258 pro
1041 1210 1483 1258 praetereuntur.

161 1265 387 1318 partam]
451 1266 690 1302 coniectura
722 1265 959 1302 necessaria
999 1263 1098 1301 inde
1137 1277 1157 1300 a
1191 1263 1384 1300 'l'urnebo
1428 1258 1518 1298 uul-

48 1327 155 1375 gata.
199 1322 264 1360 Cf.
304 1321 416 1360 Plin.
457 1321 511 1359 Η.
551 1321 601 1359 Ν.
636 1320 742 1370 xxi,
775 1319 815 1360 3.
849 1320 887 1361 5.
962 1321 1056 1369 Qui
1096 1332 1340 1357 coronam
1378 1318 1518 1368 parit

49 1383 168 1432 ipse
220 1379 521 1429 pecuniane
575 1378 721 1426 eius,
774 1377 997 1414 uirtutis
1047 1389 1171 1426 ergo
1219 1375 1400 1412 duitor
1455 1374 1516 1410 ei.

52 1438 202 1485 Quam
248 1435 389 1471 serui
429 1435 618 1483 equine
661 1433 1010 1481 meruissent,
1055 1433 1279 1484 pecunia
1319 1434 1518 1481 partam

52 1490 176 1541 lege
224 1490 327 1527 diei
359 1501 506 1526 nemo
540 1488 832 1526 dubitauit.
896 1490 1018 1536 Quis
1059 1501 1184 1539 ergo
1218 1483 1414 1525 honos?
1456 1486 1519 1523 Ut

54 1549 152 1600 ipsi
186 1551 389 1584 mortuo
421 1545 847 1596 parentibusque
878 1546 1015 1593 eius,
1061 1545 1170 1583 dum
1204 1545 1350 1581 intus
1380 1543 1520 1594 posi-

53 1610 135 1642 tus
167 1606 312 1640 esset
343 1602 550 1638 forisue
584 1601 846 1650 serretur,
889 1602 999 1638 sine
1027 1601 1219 1638 fraude
1253 1605 1403 1638 esset
1432 1600 1520 1636 im-

53 1660 246 1712 posita.
308 1657 598 1709 imprudenter
630 1656 855 1707 Wagnerus
897 1658 1091 1708 probauit
1131 1658 1269 1695 [Trsini
1308 1657 1521 1695 coniectu-

55 1729 140 1754 ram
174 1714 225 1752 ad
259 1714 359 1764 Leg.
390 1726 431 1764 p.
463 1713 568 1753 25&
598 1713 984 1764 parentalibus.

169 1769 455 1820 credoque]
520 1770 768 1807 l’artieulam
811 1784 904 1820 que
947 1784 967 1808 a
1010 1771 1133 1808 Goer.
1178 1770 1276 1807 Seh.
1312 1768 1401 1807 Mos
1448 1768 1520 1805 Or.

57 1830 247 1867 omissam
282 1828 431 1864 merito
465 1840 512 1863 ex
544 1825 783 1864 melioribus
806 1827 928 1864 codd.
952 1827 1100 1864 Bakius
1132 1827 1355 1865 reuocauit.
1410 1826 1521 1873 Quae

57 1887 164 1924 enim
206 1884 375 1921 affertur
405 1896 548 1931 eausa,
589 1896 660 1920 cur
700 1882 738 1920 id
776 1884 947 1920 uetitum
982 1896 1075 1921 esse
1109 1883 1322 1931 uideatur,
1362 1894 1408 1918 ea
1440 1893 1521 1918 non

57 1942 107 1979 ad
148 1940 469 1993 praecedentem
509 1939 672 1990 legem,
717 1938 791 1976 sed
833 1939 883 1976 ad
925 1946 1165 1989 sequentem
1209 1940 1404 1990 pertinet.
1476 1937 1519 1974 ln

59 2000 134 2036 hac
175 2002 313 2034 autem
355 1998 602 2034 transitione
645 1997 693 2033 ab
738 1994 815 2034 alia
853 2008 898 2033 re
935 1995 985 2034 ad
1018 1995 1134 2035 aliam
1168 2001 1274 2049 part.
1307 2006 1403 2046 que
1433 1992 1522 2031 fre-

58 2054 326 2107 quentissima
359 2059 439 2091 est.
472 2053 535 2090 cf.
567 2049 624 2090 Il.
660 2052 693 2102 ᾗ.
728 2052 797 2092 20.

168 2121 372 2158 fierent
402 2120 592 2157 funera
616 2120 688 2170 ἢ]
750 2120 901 2158 Lecti
942 2118 1121 2169 intelligi
1155 2131 1234 2156 non
1269 2121 1444 2170 possunt
1475 2117 1520 2165 ii,

59 2179 204 2230 quibus
237 2178 436 2227 imagines
468 2176 670 2227 praeferri
703 2175 799 2214 olim
832 2178 1096 2228 putabantur.
1157 2176 1247 2212 Non
1280 2174 1400 2212 lectis
1425 2172 1522 2211 illae

60 2235 279 2284 impositae
328 2232 701 2284 praeferebantur,
753 2233 826 2271 sed
869 2235 916 2271 ab
969 2233 1201 2269 hominibus
1256 2232 1524 2283 gestabantur

63 2301 220 2337 eorum,
253 2301 422 2338 qnorum
457 2295 597 2326 essent
628 2290 844 2340 imagines,
878 2288 1109 2328 simillimis.
1153 2288 1296 2339 Poljb.
1330 2284 1418 2337 Vl,
1452 2286 1521 2326 53.

64 2345 222 2383 Eiehst.
255 2344 306 2381 de
338 2346 487 2394 imagg.
520 2345 639 2382 Rom.
702 2348 805 2383 Sunt
837 2347 958 2396 igitur
984 2344 1081 2383 lecti
1109 2346 1152 2395 ii,
1193 2347 1258 2396 qui
1290 2346 1366 2396 ipsi
1411 2356 1521 2380 mor-

68 2407 136 2439 tuo
175 2405 478 2438 sternerentur.
541 2401 620 2438 lam
651 2402 683 2439 si
724 2399 862 2452 plures
901 2401 998 2440 lecti
1046 2403 1359 2450 sternebantur,
1408 2398 1523 2451 plura

65 2458 186 2496 etiam
220 2458 412 2495 funera
452 2457 541 2495 fieri
581 2470 753 2495 necesse
796 2463 898 2496 erat.
959 2457 1042 2496 Sed
1072 2458 1182 2496 illam
1216 2460 1345 2509 ipsam
1379 2468 1521 2494 uocem

64 2513 252 2552 funera
284 2512 439 2562 audire,
471 2513 512 2550 id
546 2513 653 2564 quod
674 2514 913 2565 quibusdam
941 2517 1070 2553 uisum
1096 2521 1175 2565 est,
1210 2514 1519 2565 haudquaquam

63 2571 178 2609 licet.
241 2571 382 2620 ltaque
415 2571 496 2619 eis,
537 2572 601 2620 qui
647 2584 734 2608 eam
778 2571 980 2610 excidisse
1010 2571 1199 2609 dixerunt
1231 2569 1310 2625 (cf.
1345 2570 1438 2608 Urs.
1473 2568 1523 2606 ad

64 2629 190 2678 Legg.
234 2640 276 2679 p.
310 2623 433 2680 255.)
475 2627 530 2664 ita
569 2629 796 2678 assentior,
835 2634 880 2667 ut
919 2641 1001 2667 non
1042 2634 1138 2667 ante
1175 2628 1404 2678 fierent,
1447 2625 1523 2664 sed

166 2750 199 2791 Ἴ
223 2750 259 2782 in
301 2753 421 2783 annot.
459 2749 536 2782 crit.
579 2750 717 2784 omissa
756 2754 837 2784 sunt
878 2751 1009 2786 uerba:
1055 2752 1156 2786 codd.
1195 2762 1318 2785 omnes
1360 2750 1524 2793 plures

67 2795 696 2839 fierentlectiqueplnres
