1781 3192
255 200 344 238 1711
819 199 890 238 ΒΕ
923 199 1154 239 LEGIBUS

258 315 354 349 ante
378 308 582 359 Dauisius,
606 309 671 359 qui
698 310 896 348 coniecit:
927 323 1142 361 operum
1166 311 1486 350 rusticorum
1511 313 1561 350 in
1584 326 1714 352 com-

256 366 457 406 modum
491 370 710 416 tempus
764 366 828 403 Ut
860 366 1041 404 sacris.
1071 366 1158 404 lib.
1194 371 1273 404 cet.
1324 366 1406 404 Sed
1434 367 1582 405 Halmii
1607 372 1712 408 coni.

259 423 421 461 uidetur
448 422 557 458 iusto
589 420 811 459 uiolentior
840 433 946 459 esse.
1007 422 1181 460 Leniore
1207 424 1432 460 mutatione
1457 424 1713 462 conieceram

257 481 296 516 in
330 477 463 514 Jahnii
496 478 598 517 Anu.
636 476 754 517 1845.
787 490 828 528 p.
857 478 952 517 532.
985 482 1142 528 atque
1174 477 1230 515 ad
1262 483 1463 530 tempus
1510 484 1571 518 ut.
1633 479 1713 517 Sed

255 534 443 584 quoniam
484 533 524 570 in
567 533 645 570 hoc
687 534 862 571 transitu
905 535 952 571 ab
1001 534 1084 571 alia
1128 532 1222 584 lege
1269 534 1319 572 ad
1368 535 1541 572 similem
1596 535 1715 572 aliam

255 587 400 626 melius
442 601 487 626 se
527 590 653 626 habet
685 587 804 642 (uide
847 603 949 639 quae
991 603 1081 628 mox
1122 589 1250 627 dixit:
1282 603 1502 641 cumque
1533 590 1714 629 Uesta.

253 645 285 695 ᾧ.
306 643 371 684 30.
404 642 838 696 descriptioque)
857 650 961 696 part.
996 658 1109 696 que,
1141 650 1261 696 atque
1282 646 1346 684 ad
1380 646 1445 684 nel
1472 652 1522 683 at
1547 651 1714 697 propter

255 700 573 752 praecedentem
609 699 788 738 litteram
823 699 848 737 ἷι
881 702 1001 739 facile
1034 703 1166 740 omitti
1193 704 1340 753 potuit,
1373 702 1714 753 quemadmodum

255 759 449 795 omissum
484 761 547 793 est
579 752 658 794 ΙΙΙ.
688 757 719 807 ᾗ
753 755 821 806 34,
853 756 980 795 multo
1012 759 1111 795 mihi
1144 758 1392 808 probabilior
1422 758 1584 796 uidetur
1615 771 1715 796 con·

254 814 409 851 iectura
439 825 510 861 ea,
539 825 654 861 quam
689 815 838 864 recepi.
899 813 971 851 Ad
1002 820 1215 865 tempus
1247 827 1319 863 pro
1348 819 1500 853 statuto
1527 819 1715 864 tempore

255 869 405 906 dicitur
444 868 495 905 ad
540 869 620 908 Att.
658 868 763 918 ΧΙΙΙ,
804 868 869 910 45.
913 868 953 909 2.
1014 870 1132 910 Verr.
1167 866 1200 919 l,
1233 868 1302 909 54.
1342 869 1436 910 141.
1497 870 1716 908 Sacrifi-

253 926 453 962 ciorum
487 929 621 962 autem
654 923 945 963 libamenta
976 925 1084 976 quod
1123 926 1239 974 dicit,
1280 925 1322 964 id
1360 927 1459 964 mini
1495 939 1575 964 non
1616 927 1713 963 item

254 985 298 1018 nt
331 980 452 1018 Baldo
485 979 729 1031 Ilalmioqne
771 981 977 1035 displicsst.
1042 978 1300 1033 lnterpretor
1343 995 1403 1032 ea,
1444 995 1545 1032 quae
1576 983 1615 1020 in
1649 996 1714 1019 sa-

256 1035 475 1074 crificando
521 1035 727 1086 libantur,
790 1043 912 1088 atque
953 1039 1180 1088 genitiuum
1237 1039 1326 1089 ipsa
1375 1039 1571 1076 orationis
1616 1051 1715 1076 cou-

255 1093 456 1131 cinnitate
488 1092 765 1131 commendari
807 1094 1011 1133 existimo.
1074 1095 1316 1145 Zumptius,
1359 1096 1425 1145 qui
1465 1096 1524 1131 sic
1563 1096 1713 1132 uertit:

252 1148 321 1186 die
364 1147 493 1199 Opfer
537 1148 612 1185 des
653 1149 989 1186 Gottesdienstes
1045 1150 1124 1187 und
1170 1151 1327 1200 jungen
1382 1150 1558 1199 Vielies,
1607 1148 1714 1187 male

252 1205 401 1242 fetus
435 1217 483 1241 ex
517 1204 716 1242 uocabulo
749 1204 1042 1243 libamenta
1075 1206 1258 1256 pendere
1291 1205 1503 1243 iudicauit.

365 1259 738 1298 intercalandi
770 1260 871 1311 est]
922 1263 1026 1299 Ante
1049 1260 1248 1299 Julianam
1275 1264 1366 1299 anni
1391 1262 1712 1312 descriptionem

252 1317 527 1355 Romanorum
570 1329 696 1353 annus
737 1316 890 1353 lunaris
934 1322 1022 1354 erat
1063 1317 1143 1356 355
1186 1318 1344 1355 dierum
1423 1318 1501 1366 Qui
1538 1323 1581 1356 nt
1610 1331 1713 1355 anno

255 1374 591 1423 aequipararetur
642 1371 874 1421 solstitiali,
926 1372 1239 1410 intercalatione
1288 1387 1388 1424 opus
1439 1378 1558 1424 erat,
1613 1387 1714 1424 quae

251 1428 444 1466 mandata
477 1431 564 1464 erat
598 1428 872 1477 pontificibus.
931 1428 1080 1465 Eorum
1115 1434 1249 1466 antem
1282 1430 1384 1466 adeo
1425 1430 1523 1466 fasti
1565 1431 1713 1467 turbati

252 1490 346 1523 sunt
376 1482 651 1533 negligentia,
696 1488 737 1520 nt
770 1484 937 1521 Caesari
982 1488 1125 1535 postea
1167 1484 1217 1521 ad
1260 1484 1358 1522 solis
1400 1487 1713 1523 conuersionem

252 1554 339 1578 cum
382 1540 475 1576 anni
515 1539 793 1589 descriptione
837 1539 1136 1577 conciliandam
1181 1540 1232 1581 67
1278 1541 1367 1578 dies
1408 1546 1551 1578 essent
1582 1543 1713 1579 inter-

252 1595 428 1634 calandi.
490 1595 564 1632 Dio
597 1596 696 1633 Cass
741 1596 883 1646 XLIII,
916 1596 984 1635 213.
1019 1596 1141 1634 cens.
1175 1611 1208 1634 c.
1243 1596 1312 1636 20.
1345 1598 1461 1635 Suet.
1497 1598 1617 1636 Caes.
1646 1596 1712 1638 40.

251 1654 444 1691 Fastos
476 1652 653 1688 —iam
686 1652 891 1702 pridem
928 1653 1062 1689 uitio
1088 1654 1408 1703 pontificum
1433 1666 1524 1703 per
1550 1655 1714 1691 inter-

252 1708 462 1747 calandi
496 1705 774 1745 licentiam
809 1708 934 1746 adeo
974 1710 1246 1757 turbatos,
1288 1713 1337 1745 ut
1378 1722 1542 1759 neque
1585 1722 1712 1746 mes-

252 1766 375 1802 sium
422 1764 591 1800 seriae
633 1765 828 1801 aestati
876 1777 968 1801 nec
1011 1764 1394 1801 uindemiarum
1438 1769 1711 1802 auctumno

251 1825 634 1870 competerent.
696 1819 813 1867 Quod
845 1820 989 1856 Cicero
1020 1825 1153 1856 antem
1197 1820 1235 1858 h.
1268 1819 1282 1856 l
1330 1819 1608 1869 negligentiae
1639 1822 1712 1857 tri-

255 1878 356 1926 buit,
398 1875 438 1913 id
480 1875 545 1912 alii
586 1876 808 1926 scriptores
851 1874 915 1912 uel
956 1877 1114 1923 gratiae
1156 1874 1221 1912 nel
1260 1875 1353 1913 odio
1397 1875 1462 1912 uel
1495 1876 1711 1927 cupiditati

250 1932 320 1970 uel
360 1930 493 1969 fraudi
534 1932 729 1971 tribuunt.
792 1932 912 1971 CenS.
947 1929 975 1969 l.
1009 1932 1038 1969 l.
1081 1931 1207 1970 Macr.
1240 1927 1275 1980 Ι,
1314 1929 1372 1971 14.
1414 1932 1546 1970 Amm.
1588 1932 1710 1971 Marc.

251 1989 321 2037 26,
358 1987 392 2027 1.
435 1986 544 2025 Plut.
581 1987 698 2025 Caes.
731 1985 800 2027 59.
847 1989 950 2038 App.
986 1988 1023 2024 B.
1059 1987 1106 2025 C.
1137 1983 1194 2036 Il,
1234 1985 1323 2027 15-1.

366 2043 818 2093 consitendarnm]
882 2044 1009 2080 Uetus
1051 2048 1114 2081 est
1154 2044 1342 2080 monachi
1386 2045 1425 2080 in
1468 2042 1556 2082 cod.
1597 2043 1711 2082 arch.

252 2102 451 2138 eorrectio
486 2099 946 2147 conffltendarum,
980 2113 1095 2149 quain
1121 2101 1313 2149 Zumptio
1345 2098 1549 2150 placuisse
1576 2101 1711 2139 miror.
1774 2119 1775 2138 1

251 2157 375 2193 Cuius
416 2168 464 2192 ex
497 2157 619 2192 uariis
653 2155 1034 2203 emendationibus,
1078 2168 1176 2205 quas
1220 2156 1296 2191 uiri
1341 2156 1449 2192 docti
1485 2168 1712 2206 proposue-

251 2216 369 2261 runt,
410 2210 895 2260 conficiendarum,
929 2224 1030 2261 qnae
1070 2211 1282 2248 Schess'ero
1325 2210 1477 2261 placuit
1518 2218 1560 2249 et
1592 2212 1711 2261 Wyt-

251 2267 485 2315 tenbachio,
516 2266 988 2316 conferendarum,
1032 2280 1148 2317 quam
1184 2279 1231 2303 ex
1264 2269 1430 2317 antiquo
1461 2267 1566 2305 libro
1601 2268 1710 2305 Man.

253 2324 422 2362 duxisse
452 2336 496 2360 se
528 2321 652 2371 dixit,
686 2323 1169 2361 conseruandarniu
1193 2323 1374 2372 Dauisii‚
1408 2324 1712 2375 concipien-

253 2380 426 2418 darum
459 2379 675 2428 Wagner-i,
708 2379 1205 2417 constituendarum
1246 2381 1385 2416 neseio
1418 2381 1549 2428 cuius,
1593 2379 1712 2417 deni-

253 2450 330 2486 que
363 2434 801 2474 continendarum
838 2436 967 2485 Bakii,
1000 2434 1109 2473 nulla
1138 2435 1359 2486 probabilis
1384 2439 1459 2475 est.
1520 2436 1712 2474 Proxime

251 2493 352 2530 mihi
381 2493 432 2530 ad
465 2505 604 2529 nerum
638 2492 834 2530 accedere
867 2492 1030 2529 uidetur
1052 2492 1179 2542 Lipsii
1205 2494 1440 2529 coniectura
1464 2505 1564 2529 cum
1595 2491 1711 2528 fide

252 2549 588 2595 tuendarnm3
622 2561 738 2597 quani
771 2551 826 2586 ita
858 2549 1001 2600 probo,
1033 2552 1075 2585 nt
1109 2552 1246 2585 tamen
1279 2549 1405 2585 uerba
1436 2560 1542 2585 cum
1583 2547 1710 2596 fide,

254 2606 400 2654 quibus
452 2606 650 2641 orationis
697 2606 949 2642 concinnitas
1000 2603 1180 2653 tollitur,
1230 2602 1458 2642 omittenda
1505 2616 1711 2641 censeam.

251 2662 352 2699 Nam
397 2660 656 2698 sacerdotnm
697 2674 777 2699 non
818 2662 1028 2699 minimum
1060 2662 1282 2712 patriarum
1315 2658 1556 2708 religionum
1590 2664 1710 2696 tuen-

255 2716 397 2754 darum
429 2717 609 2754 officinm
639 2723 740 2756 erat.
803 2717 1255 2766 Contuendarum,
1296 2716 1402 2766 quod
1443 2717 1632 2766 proprius
1661 2714 1711 2752 ad
1754 2730 1762 2762 γ

255 2774 393 2812 mendi
429 2772 738 2812 similitudinem
773 2774 948 2824 accedit,
977 2775 1054 2811 etsi
1100 2774 1213 2812 Fest.
1248 2785 1279 2811 S.
1313 2785 1352 2809 u.
1386 2777 1505 2809 tuor
1543 2785 1585 2823 p.
1616 2769 1711 2811 271.
1753 2768 1759 2803 ἱ
