1743 3202
632 220 930 254 PRAEFATIO.
1414 222 1506 254 xm*

40 328 101 365 ius
132 326 424 374 constitutum3
454 323 496 362 id
524 322 630 374 quod
663 335 711 361 ex
741 324 891 374 insigni
922 324 1086 374 generis
1118 323 1284 361 humani
1315 322 1508 362 similitu-

40 397 136 435 dine
166 393 329 434 elucere
362 391 487 440 dicit,
528 402 631 441 quae
661 390 758 429 inde
789 396 1085 443 cognoscatur,
1135 389 1242 443 quod
1283 394 1324 428 et
1358 404 1437 429 una
1466 393 1508 429 in

41 476 184 502 omnes
218 461 351 501 ualeat
392 458 575 496 definitio
617 463 659 496 et
697 461 826 497 oratio
868 459 1016 498 eadem
1056 461 1111 498 sit
1141 461 1182 497 in
1213 461 1427 511 omnibus,
1467 465 1509 499 et

41 544 182 569 omnes
211 534 353 568 natura
384 527 562 565 docente
587 524 637 563 ad
661 527 855 563 uirtutem
877 529 1038 578 possint
1065 529 1300 579 peruenire,
1333 534 1375 567 et
1398 528 1509 566 idem

41 612 183 638 omnes
214 599 336 636 etiam
367 596 407 632 in
440 595 575 645 prauis
609 594 806 644 sentiant,
837 598 879 632 et
910 598 1024 632 recte
1047 593 1225 645 denique
1251 595 1419 634 uiuendi
1441 609 1509 634 ra-

43 668 99 705 tio
141 666 331 703 homines
371 661 518 700 reddat
559 660 769 699 meliores.
824 661 854 712 ξ.
888 660 1070 702 28-32.
1132 662 1239 700 Hinc
1276 663 1356 700 iam
1389 675 1510 701 omne

37 745 166 785 genus
205 732 414 770 hominum
453 731 563 768 inter
602 742 648 768 se
684 729 885 766 sociatum
929 732 971 766 et
1001 728 1190 766 homines
1222 729 1273 767 ad
1305 731 1368 768 ius
1400 732 1510 768 inter

38 813 84 839 se
131 796 512 838 communicandum
566 802 711 836 natura
767 796 900 834 factos
958 809 1051 835 esse
1101 799 1281 838 conficit.
1355 798 1510 848 Quibus

39 870 147 908 enim
170 870 275 906 ratio
301 867 395 905 data
423 866 492 916 sit,
525 865 673 903 iisdem
706 869 863 902 rectam
890 862 1025 903 datam
1049 878 1140 904 esse
1162 868 1379 916 rationem,
1413 877 1510 916 ergo

39 940 81 973 et
110 934 244 986 legem
277 938 319 972 et
348 933 430 971 ius.
462 934 495 984 ξ.
531 931 714 974 32—34'.
775 934 910 983 Atque
942 934 1039 973 hinc
1071 934 1200 985 effici,
1234 948 1323 972 cum
1350 934 1413 971 uir
1444 946 1511 971 sa-

39 1005 157 1055 piens
190 1003 295 1040 hanc
332 1006 414 1040 tam
445 1000 529 1040 late
568 1000 757 1038 diffusam
797 999 1131 1040 beneuolentiam
1171 1003 1212 1040 in
1255 1003 1385 1040 uirum
1423 999 1511 1052 pari

39 1071 194 1108 uirtute
225 1069 456 1120 praeditum
488 1067 736 1118 contulerit,
769 1081 907 1105 ueram
949 1066 1060 1106 illam
1094 1071 1333 1118 amicitiam,
1362 1070 1403 1105 in
1436 1081 1512 1118 qua

38 1140 182 1174 cuncta
212 1137 353 1173 amicis
385 1137 467 1172 sint
495 1137 619 1186 paria.
652 1135 686 1185 ᾗ.
719 1134 786 1175 34.
845 1135 927 1172 lam
966 1149 1054 1173 cum
1097 1149 1151 1189 ex·
1175 1137 1238 1174 his
1280 1140 1322 1173 et
1359 1136 1511 1184 Quinto

38 1208 81 1243 et
109 1205 243 1243 Attico
275 1206 374 1243 satis
408 1204 571 1242 elucere
602 1201 833 1251 uideretur,
866 1203 906 1239 in
938 1207 1084 1240 natura
1118 1216 1212 1242 esse
1237 1205 1299 1241 ius
1328 1204 1511 1255 positum

36 1285 172 1325 neque
204 1273 251 1310 ab
284 1284 332 1310 ea
362 1272 505 1310 diuelli
537 1282 660 1323 posse
694 1268 775 1307 ullo
808 1269 958 1308 modo:
990 1272 1157 1310 Marcus
1189 1276 1353 1321 tamen,
1386 1283 1438 1308 ne
1470 1271 1511 1307 in

37 1353 83 1380 re
111 1344 229 1378 tanta
259 1353 339 1377 non
367 1341 473 1378 benc
515 1340 680 1392 prouisa
723 1344 765 1377 et
804 1338 1030 1390 diligenter
1072 1339 1281 1392 explorata
1311 1338 1513 1390 principia

38 1409 225 1462 posuisse
275 1407 509 1458 uideretur,
551 1409 713 1446 Stoicos
752 1414 914 1446 secutus
953 1409 1031 1446 hoc
1067 1410 1200 1460 ipsum
1241 1413 1387 1445 natura
1418 1418 1512 1443 esse

38 1479 103 1516 ius
134 1477 353 1527 separatim
392 1475 591 1527 disputat,
625 1477 672 1513 iis
705 1475 816 1513 istud
849 1488 894 1513 se
917 1477 1182 1527 probaturum
1206 1487 1300 1514 esse
1324 1486 1511 1525 sperans,

44 1545 110 1594 qui
145 1544 279 1581 omnia
309 1548 421 1581 reeta
454 1550 575 1594 atque
606 1544 780 1581 honesta
810 1556 885 1594 per
907 1557 952 1582 se
977 1544 1209 1596 expetenda
1233 1546 1397 1594 putent,
1429 1553 1510 1578 non

43 1613 118 1661 iis,
164 1612 229 1661 qui
264 1613 394 1649 onmia
442 1610 655 1663 uoluptate
686 1610 941 1662 ponderent,
985 1617 1027 1649 et
1064 1612 1327 1650 Academiam
1367 1622 1513 1648 recen-

43 1684 149 1728 tem,
190 1679 331 1716 haruin
374 1680 554 1717 omnium
585 1692 719 1716 rerum
751 1680 1123 1730 perturbatricem,
1157 1684 1200 1718 ut
1232 1677 1381 1728 sileat,
1415 1690 1512 1715 exo-

43 1759 151 1784 rans.
187 1745 218 1795 ᾗ
251 1744 437 1786 35-40.
507 1748 658 1784 matura
691 1751 822 1784 autem
859 1759 951 1784 esse
982 1748 1044 1784 ius
1076 1748 1313 1799 comprobat
1335 1749 1511 1798 prinlum

43 1827 114 1864 eo,
155 1813 262 1864 quod
294 1812 495 1851 scelerum
529 1815 567 1851 iu
602 1815 788 1853 homines
824 1815 1164 1866 impietatumque
1205 1813 1316 1852 nulla
1348 1814 1511 1851 omnino

43 1883 95 1918 sit
129 1882 322 1932 expiati0‚
353 1882 549 1932 impiique
581 1896 661 1920 non
693 1888 775 1920 tam
809 1883 1002 1931 iudiciis,
1037 1895 1140 1933 quae
1179 1881 1382 1933 quondam
1414 1894 1513 1918 nus-

44 1960 161 1999 quam
192 1948 363 1997 fuerint,
396 1952 438 1985 et
467 1948 593 1987 hodie
624 1949 893 1988 multifariam
925 1948 1037 1986 nulla
1067 1950 1174 2000 sint,
1211 1963 1329 2000 quam
1361 1962 1513 1999 angore

44 2016 324 2054 conscientiae
365 2014 606 2066 fraudisque
647 2018 827 2056 cruciatu
882 2016 1162 2067 exagitentur3
1213 2015 1364 2054 deinde
1406 2015 1513 2068 quod

44 2083 122 2133 ipsi
164 2083 278 2133 impii
326 2083 421 2119 iusti
471 2084 534 2120 sui
587 2082 740 2122 doloris
788 2098 948 2124 causam
999 2084 1156 2134 fingant
1201 2082 1511 2122 defensionem-

42 2162 119 2201 que
162 2164 184 2188 a
227 2153 396 2187 naturae
440 2151 527 2188 iure
570 2149 704 2202 aliquo
748 2157 969 2203 quaerant3
1014 2156 1100 2190 tum
1145 2164 1216 2202 eo,
1261 2151 1393 2203 quod,
1434 2153 1511 2191 nisi

43 2223 186 2270 natura
217 2229 309 2255 esse
339 2218 402 2255 ius
435 2219 729 2269 existimemus,
764 2224 832 2258 aut
870 2233 993 2258 nemo
1025 2221 1078 2258 sit
1110 2221 1313 2270 iniustus,
1346 2224 1416 2258 aut
1446 2221 1511 2257 in-

42 2287 149 2325 cauti
179 2287 337 2337 potius,
378 2286 444 2336 qui
478 2285 741 2338 deprehendi
774 2300 821 2326 se
853 2290 896 2326 in
924 2286 1085 2325 scelere
1113 2289 1337 2339 patiantur,
1369 2288 1512 2326 iniusti

44 2354 127 2390 siut
159 2351 392 2403 appellandi
427 2351 646 2405 callidique
679 2356 821 2405 simuS,
852 2368 933 2394 non
963 2356 1076 2406 boni,
1109 2357 1143 2393 si
1175 2355 1353 2394 utilitate
1380 2355 1513 2407 aliqua

46 2423 167 2470 atque
206 2419 366 2468 fructu,
404 2423 450 2457 ut
487 2422 582 2459 boni
620 2423 699 2460 uiri
742 2425 894 2475 simus,
937 2423 1199 2463 adducamur.
1247 2425 1281 2476 {x.
1314 2421 1512 2466 40—4'2.

44 2485 233 2536 Denique
265 2487 301 2524 si
330 2487 392 2524 ius
425 2500 505 2526 non
538 2492 681 2528 natura
712 2503 820 2544 esse,
852 2493 928 2531 sed
961 2493 1126 2545 scriptis
1166 2492 1325 2545 legibus
1357 2494 1512 2532 consti-

43 2553 105 2590 tui
147 2554 452 2605 existimemus,
495 2560 759 2606 tyrannorum
801 2574 959 2614 quoque
999 2560 1116 2612 leges
1155 2563 1284 2601 iustas
1317 2575 1409 2601 esse
1437 2562 1512 2600 ha-

46 2620 215 2670 bendas>
246 2621 289 2658 id
313 2622 420 2673 quod
446 2624 663 2663 absurdum
690 2627 767 2677 sit3
793 2634 912 2680 atque
936 2631 971 2668 si
994 2631 1152 2669 iustitia
1174 2631 1229 2669 sit
1251 2631 1512 2682 obtempera-

45 2689 297 2745 tiovscriptis
329 2688 487 2741 legibus
519 2694 804 2745 institutisque
832 2697 1093 2750 populorum,
1126 2703 1169 2738 nt
1195 2699 1390 2751 Epicurei
1422 2699 1512 2736 fere

49 2753 210 2807 dicant,
258 2755 539 2808 neglecturum
580 2765 950 2816 perrupturumque
989 2779 1083 2806 esse
1123 2766 1238 2818 leges
1275 2779 1392 2817 eum,
1445 2766 1511 2816 qui
