<?xml version="1.0" encoding="UTF-8"?>
<!DOCTYPE html PUBLIC "-//W3C//DTD XHTML 1.0 Transitional//EN"
    "http://www.w3.org/TR/xhtml1/DTD/xhtml1-transitional.dtd">
<html xmlns="http://www.w3.org/1999/xhtml" xml:lang="en" lang="en">
 <head>
  <title>
</title>
<meta http-equiv="Content-Type" content="text/html;charset=utf-8" />
  <meta name='ocr-system' content='tesseract 3.04.00' />
  <meta name='ocr-capabilities' content='ocr_page ocr_carea ocr_par ocr_line ocrx_word'/>
</head>
<body>
  <div class='ocr_page' id='page_1' title='image "./delegibuslibritr0102ciceuoft_0285.png"; bbox 0 0 1781 3192; ppageno 0'>
   <div class='ocr_carea' id='block_1_1' title="bbox 436 210 1520 252">
    <p class='ocr_par' dir='ltr' id='par_1_1' title="bbox 436 210 1520 252">
     <span class='ocr_line' id='line_1_1' title="bbox 436 210 1520 252; baseline -0.004 0"><span class='ocrx_word' id='word_1_1' title='bbox 436 213 592 252; x_wconf 60' lang='lat' dir='ltr'><strong>Limen</strong></span> <span class='ocrx_word' id='word_1_2' title='bbox 628 211 847 250; x_wconf 60' lang='lat' dir='ltr'><strong>PmMFS.</strong></span> <span class='ocrx_word' id='word_1_3' title='bbox 901 213 998 251; x_wconf 72' lang='grc' dir='ltr'><strong>(ΣΛν.</strong></span> <span class='ocrx_word' id='word_1_4' title='bbox 1037 210 1141 251; x_wconf 67' lang='lat' dir='ltr'><strong>XVI.</strong></span> <span class='ocrx_word' id='word_1_5' title='bbox 1463 210 1520 248; x_wconf 77' lang='lat'><strong>79</strong></span> 
     </span>
    </p>
   </div>
   <div class='ocr_carea' id='block_1_2' title="bbox 54 322 1522 2858">
    <p class='ocr_par' dir='ltr' id='par_1_2' title="bbox 57 322 1522 657">
     <span class='ocr_line' id='line_1_2' title="bbox 58 322 1517 377; baseline -0.003 -11"><span class='ocrx_word' id='word_1_6' title='bbox 58 326 337 377; x_wconf 65' lang='lat' dir='ltr'><strong>Similiterque</strong></span> <span class='ocrx_word' id='word_1_7' title='bbox 369 325 432 364; x_wconf 90' lang='lat' dir='ltr'><strong>uel</strong></span> <span class='ocrx_word' id='word_1_8' title='bbox 469 325 675 363; x_wconf 85' lang='lat' dir='ltr'><strong>idcirco</strong></span> <span class='ocrx_word' id='word_1_9' title='bbox 709 324 841 375; x_wconf 72' lang='lat' dir='ltr'><strong>qiuotl</strong></span> <span class='ocrx_word' id='word_1_10' title='bbox 875 323 938 361; x_wconf 78' lang='lat' dir='ltr'><strong>uel</strong></span> <span class='ocrx_word' id='word_1_11' title='bbox 973 324 1170 362; x_wconf 85' lang='lat' dir='ltr'><strong>idcirco</strong></span> <span class='ocrx_word' id='word_1_12' title='bbox 1201 324 1313 374; x_wconf 89' lang='lat' dir='ltr'><strong>quia</strong></span> <span class='ocrx_word' id='word_1_13' title='bbox 1351 322 1517 364; x_wconf 88' lang='lat' dir='ltr'><strong>dicitur.</strong></span> 
     </span>
     <span class='ocr_line' id='line_1_3' title="bbox 57 377 1518 435; baseline -0.005 -12"><span class='ocrx_word' id='word_1_14' title='bbox 57 388 223 435; x_wconf 74' lang='lat' dir='ltr'><strong>Zumpt.</strong></span> <span class='ocrx_word' id='word_1_15' title='bbox 259 384 307 421; x_wconf 85' lang='lat' dir='ltr'><strong>ad</strong></span> <span class='ocrx_word' id='word_1_16' title='bbox 342 383 460 421; x_wconf 89' lang='lat' dir='ltr'><strong>Verr.</strong></span> <span class='ocrx_word' id='word_1_17' title='bbox 496 377 575 431; x_wconf 81' lang='grc' dir='ltr'>ΙΙΙ,</span> <span class='ocrx_word' id='word_1_18' title='bbox 608 381 676 421; x_wconf 64' lang='grc'><strong>64.</strong></span> <span class='ocrx_word' id='word_1_19' title='bbox 720 381 810 420; x_wconf 69' lang='grc'><strong>150.</strong></span> <span class='ocrx_word' id='word_1_20' title='bbox 875 380 1115 431; x_wconf 73' lang='lat' dir='ltr'><strong>Eodemque</strong></span> <span class='ocrx_word' id='word_1_21' title='bbox 1147 392 1299 430; x_wconf 68' lang='lat' dir='ltr'><strong>genere</strong></span> <span class='ocrx_word' id='word_1_22' title='bbox 1330 380 1518 417; x_wconf 88' lang='lat' dir='ltr'><strong>contine-</strong></span> 
     </span>
     <span class='ocr_line' id='line_1_4' title="bbox 58 436 1521 490; baseline -0.004 -10"><span class='ocrx_word' id='word_1_23' title='bbox 58 448 122 480; x_wconf 91' lang='lat' dir='ltr'><strong>tur</strong></span> <span class='ocrx_word' id='word_1_24' title='bbox 153 440 269 489; x_wconf 83' lang='lat' dir='ltr'><strong>illud,</strong></span> <span class='ocrx_word' id='word_1_25' title='bbox 302 439 408 490; x_wconf 90' lang='lat' dir='ltr'><strong>quod</strong></span> <span class='ocrx_word' id='word_1_26' title='bbox 442 443 534 490; x_wconf 86' lang='lat' dir='ltr'><strong>post</strong></span> <span class='ocrx_word' id='word_1_27' title='bbox 568 451 625 475; x_wconf 92' lang='lat' dir='ltr'><strong>eo</strong></span> <span class='ocrx_word' id='word_1_28' title='bbox 659 442 858 487; x_wconf 79' lang='lat' dir='ltr'><strong>sequente</strong></span> <span class='ocrx_word' id='word_1_29' title='bbox 900 439 1177 488; x_wconf 73' lang='lat' dir='ltr'><strong>comparatiuo</strong></span> <span class='ocrx_word' id='word_1_30' title='bbox 1217 442 1259 474; x_wconf 89' lang='lat' dir='ltr'><strong>et</strong></span> <span class='ocrx_word' id='word_1_31' title='bbox 1301 436 1434 487; x_wconf 89' lang='lat' dir='ltr'><strong>quod</strong></span> <span class='ocrx_word' id='word_1_32' title='bbox 1478 441 1521 474; x_wconf 81' lang='lat' dir='ltr'><strong>et</strong></span> 
     </span>
     <span class='ocr_line' id='line_1_5' title="bbox 59 491 1522 549; baseline -0.005 -12"><span class='ocrx_word' id='word_1_33' title='bbox 59 499 176 549; x_wconf 90' lang='lat' dir='ltr'><strong>quia</strong></span> <span class='ocrx_word' id='word_1_34' title='bbox 217 498 391 547; x_wconf 88' lang='lat' dir='ltr'><strong>ponitur.</strong></span> <span class='ocrx_word' id='word_1_35' title='bbox 456 495 539 534; x_wconf 91' lang='lat' dir='ltr'><strong>Cic.</strong></span> <span class='ocrx_word' id='word_1_36' title='bbox 582 495 661 533; x_wconf 74' lang='lat' dir='ltr'><strong>(ns.</strong></span> <span class='ocrx_word' id='word_1_37' title='bbox 706 491 762 543; x_wconf 88' lang='lat' dir='ltr'><strong>ll,</strong></span> <span class='ocrx_word' id='word_1_38' title='bbox 802 494 861 533; x_wconf 80' lang='lat'><strong>13.</strong></span> <span class='ocrx_word' id='word_1_39' title='bbox 895 493 963 532; x_wconf 65' lang='lat'><strong>4&#39;1‘).</strong></span> <span class='ocrx_word' id='word_1_40' title='bbox 1006 493 1138 544; x_wconf 89' lang='lat' dir='ltr'><strong>quod</strong></span> <span class='ocrx_word' id='word_1_41' title='bbox 1188 506 1241 531; x_wconf 93' lang='lat' dir='ltr'><strong>eo</strong></span> <span class='ocrx_word' id='word_1_42' title='bbox 1280 493 1522 530; x_wconf 78' lang='lat' dir='ltr'><strong>firmiore</strong></span> 
     </span>
     <span class='ocr_line' id='line_1_6' title="bbox 59 547 1520 602; baseline -0.005 -9"><span class='ocrx_word' id='word_1_43' title='bbox 59 557 227 593; x_wconf 84' lang='lat' dir='ltr'><strong>animo</strong></span> <span class='ocrx_word' id='word_1_44' title='bbox 260 552 494 601; x_wconf 79' lang='lat' dir='ltr'><strong>sacient,</strong></span> <span class='ocrx_word' id='word_1_45' title='bbox 528 554 646 602; x_wconf 87' lang='lat' dir='ltr'><strong>quia</strong></span> <span class='ocrx_word' id='word_1_46' title='bbox 678 563 776 588; x_wconf 92' lang='lat' dir='ltr'><strong>non</strong></span> <span class='ocrx_word' id='word_1_47' title='bbox 819 550 959 587; x_wconf 88' lang='lat' dir='ltr'><strong>modo</strong></span> <span class='ocrx_word' id='word_1_48' title='bbox 1001 563 1095 588; x_wconf 92' lang='lat' dir='ltr'><strong>non</strong></span> <span class='ocrx_word' id='word_1_49' title='bbox 1128 548 1404 587; x_wconf 88' lang='lat' dir='ltr'><strong>inuidetur</strong></span> <span class='ocrx_word' id='word_1_50' title='bbox 1434 547 1520 586; x_wconf 83' lang='lat' dir='ltr'><strong>illi</strong></span> 
     </span>
     <span class='ocr_line' id='line_1_7' title="bbox 58 606 905 657; baseline -0.005 -8"><span class='ocrx_word' id='word_1_51' title='bbox 58 610 247 657; x_wconf 84' lang='lat' dir='ltr'><strong>aetati,</strong></span> <span class='ocrx_word' id='word_1_52' title='bbox 282 621 457 645; x_wconf 90' lang='lat' dir='ltr'><strong>uerum</strong></span> <span class='ocrx_word' id='word_1_53' title='bbox 491 609 647 645; x_wconf 87' lang='lat' dir='ltr'><strong>etiam</strong></span> <span class='ocrx_word' id='word_1_54' title='bbox 681 606 905 645; x_wconf 81' lang='lat' dir='ltr'><strong>sanetur.</strong></span> 
     </span>
    </p>

    <p class='ocr_par' dir='ltr' id='par_1_3' title="bbox 57 661 1521 1107">
     <span class='ocr_line' id='line_1_8' title="bbox 170 661 1521 713; baseline -0.003 -11"><span class='ocrx_word' id='word_1_55' title='bbox 170 663 259 702; x_wconf 89' lang='lat' dir='ltr'><strong>sed</strong></span> <span class='ocrx_word' id='word_1_56' title='bbox 294 665 451 701; x_wconf 81' lang='lat' dir='ltr'><strong>etiam</strong></span> <span class='ocrx_word' id='word_1_57' title='bbox 485 666 533 701; x_wconf 93' lang='lat' dir='ltr'><strong>in</strong></span> <span class='ocrx_word' id='word_1_58' title='bbox 565 663 690 701; x_wconf 87' lang='lat' dir='ltr'><strong>deos</strong></span> <span class='ocrx_word' id='word_1_59' title='bbox 732 662 1114 713; x_wconf 77' lang='lat' dir='ltr'><strong>caerimoniae]</strong></span> <span class='ocrx_word' id='word_1_60' title='bbox 1185 661 1331 699; x_wconf 58' lang='lat' dir='ltr'><strong>Baiias</strong></span> <span class='ocrx_word' id='word_1_61' title='bbox 1371 661 1521 699; x_wconf 86' lang='lat' dir='ltr'><strong>obse-</strong></span> 
     </span>
     <span class='ocr_line' id='line_1_9' title="bbox 57 719 1520 773; baseline -0.003 -15"><span class='ocrx_word' id='word_1_62' title='bbox 57 723 175 773; x_wconf 86' lang='lat' dir='ltr'><strong>quia</strong></span> <span class='ocrx_word' id='word_1_63' title='bbox 207 725 248 757; x_wconf 92' lang='lat' dir='ltr'><strong>et</strong></span> <span class='ocrx_word' id='word_1_64' title='bbox 279 720 329 756; x_wconf 88' lang='lat' dir='ltr'><strong>ad</strong></span> <span class='ocrx_word' id='word_1_65' title='bbox 361 721 549 757; x_wconf 84' lang='lat' dir='ltr'><strong>homines</strong></span> <span class='ocrx_word' id='word_1_66' title='bbox 583 721 624 757; x_wconf 83' lang='lat' dir='ltr'><strong>et</strong></span> <span class='ocrx_word' id='word_1_67' title='bbox 652 720 702 757; x_wconf 87' lang='lat' dir='ltr'><strong>ad</strong></span> <span class='ocrx_word' id='word_1_68' title='bbox 727 719 826 757; x_wconf 90' lang='lat' dir='ltr'><strong>deos</strong></span> <span class='ocrx_word' id='word_1_69' title='bbox 852 721 1062 769; x_wconf 84' lang='lat' dir='ltr'><strong>pertinere</strong></span> <span class='ocrx_word' id='word_1_70' title='bbox 1091 720 1326 767; x_wconf 79' lang='lat' dir='ltr'><strong>arbitratus,</strong></span> <span class='ocrx_word' id='word_1_71' title='bbox 1359 722 1401 755; x_wconf 91' lang='lat' dir='ltr'><strong>ut</strong></span> <span class='ocrx_word' id='word_1_72' title='bbox 1423 722 1520 754; x_wconf 83' lang='lat' dir='ltr'><strong>ante</strong></span> 
     </span>
     <span class='ocr_line' id='line_1_10' title="bbox 58 774 1519 827; baseline -0.005 -10"><span class='ocrx_word' id='word_1_73' title='bbox 58 778 290 826; x_wconf 79' lang='lat' dir='ltr'><strong>Ernestius,</strong></span> <span class='ocrx_word' id='word_1_74' title='bbox 323 782 524 814; x_wconf 87' lang='lat' dir='ltr'><strong>commate</strong></span> <span class='ocrx_word' id='word_1_75' title='bbox 555 784 647 827; x_wconf 82' lang='lat' dir='ltr'><strong>post</strong></span> <span class='ocrx_word' id='word_1_76' title='bbox 679 775 802 814; x_wconf 89' lang='lat' dir='ltr'><strong>deos</strong></span> <span class='ocrx_word' id='word_1_77' title='bbox 836 777 1090 826; x_wconf 67' lang='lat' dir='ltr'><strong>interpunxit</strong></span> <span class='ocrx_word' id='word_1_78' title='bbox 1121 776 1325 825; x_wconf 89' lang='lat' dir='ltr'><strong>uerbaque</strong></span> <span class='ocrx_word' id='word_1_79' title='bbox 1354 774 1519 811; x_wconf 87' lang='lat' dir='ltr'><strong>caeri-</strong></span> 
     </span>
     <span class='ocr_line' id='line_1_11' title="bbox 59 830 1520 884; baseline -0.003 -12"><span class='ocrx_word' id='word_1_80' title='bbox 59 834 265 873; x_wconf 86' lang='lat' dir='ltr'><strong>moniae</strong></span> <span class='ocrx_word' id='word_1_81' title='bbox 295 832 699 882; x_wconf 69' lang='lat' dir='ltr'><strong>religionesque</strong></span> <span class='ocrx_word' id='word_1_82' title='bbox 728 845 803 884; x_wconf 87' lang='lat' dir='ltr'><strong>per</strong></span> <span class='ocrx_word' id='word_1_83' title='bbox 836 834 1082 883; x_wconf 79' lang='lat' dir='ltr'><strong>epexegesin</strong></span> <span class='ocrx_word' id='word_1_84' title='bbox 1118 831 1257 869; x_wconf 85' lang='lat' dir='ltr'><strong>addita</strong></span> <span class='ocrx_word' id='word_1_85' title='bbox 1285 843 1377 868; x_wconf 86' lang='lat' dir='ltr'><strong>esse</strong></span> <span class='ocrx_word' id='word_1_86' title='bbox 1402 830 1520 878; x_wconf 84' lang='lat' dir='ltr'><strong>dixit,</strong></span> 
     </span>
     <span class='ocr_line' id='line_1_12' title="bbox 59 887 1520 942; baseline -0.004 -13"><span class='ocrx_word' id='word_1_87' title='bbox 59 891 171 942; x_wconf 90' lang='lat' dir='ltr'><strong>qnasi</strong></span> <span class='ocrx_word' id='word_1_88' title='bbox 222 902 320 926; x_wconf 89' lang='lat' dir='ltr'><strong>nero</strong></span> <span class='ocrx_word' id='word_1_89' title='bbox 362 887 429 926; x_wconf 88' lang='lat' dir='ltr'><strong>illa</strong></span> <span class='ocrx_word' id='word_1_90' title='bbox 469 891 665 939; x_wconf 86' lang='lat' dir='ltr'><strong>obsequia</strong></span> <span class='ocrx_word' id='word_1_91' title='bbox 704 893 844 926; x_wconf 83' lang='lat' dir='ltr'><strong>essent</strong></span> <span class='ocrx_word' id='word_1_92' title='bbox 884 890 921 925; x_wconf 92' lang='lat' dir='ltr'><strong>in</strong></span> <span class='ocrx_word' id='word_1_93' title='bbox 967 889 1078 926; x_wconf 83' lang='lat' dir='ltr'><strong>deos.</strong></span> <span class='ocrx_word' id='word_1_94' title='bbox 1149 888 1520 926; x_wconf 85' lang='lat' dir='ltr'><strong>Caerimonias</strong></span> 
     </span>
     <span class='ocr_line' id='line_1_13' title="bbox 58 943 1521 996; baseline -0.003 -11"><span class='ocrx_word' id='word_1_95' title='bbox 58 947 472 996; x_wconf 73' lang='lat' dir='ltr'><strong>religionesque</strong></span> <span class='ocrx_word' id='word_1_96' title='bbox 504 947 549 983; x_wconf 92' lang='lat' dir='ltr'><strong>in</strong></span> <span class='ocrx_word' id='word_1_97' title='bbox 580 946 708 983; x_wconf 83' lang='lat' dir='ltr'><strong>deos</strong></span> <span class='ocrx_word' id='word_1_98' title='bbox 742 959 819 983; x_wconf 92' lang='lat' dir='ltr'><strong>non</strong></span> <span class='ocrx_word' id='word_1_99' title='bbox 852 947 984 982; x_wconf 89' lang='lat' dir='ltr'><strong>minus</strong></span> <span class='ocrx_word' id='word_1_100' title='bbox 1018 951 1131 983; x_wconf 90' lang='lat' dir='ltr'><strong>recte</strong></span> <span class='ocrx_word' id='word_1_101' title='bbox 1164 945 1277 992; x_wconf 84' lang='lat' dir='ltr'><strong>dixit,</strong></span> <span class='ocrx_word' id='word_1_102' title='bbox 1318 956 1434 993; x_wconf 91' lang='lat' dir='ltr'><strong>quam</strong></span> <span class='ocrx_word' id='word_1_103' title='bbox 1468 943 1521 981; x_wconf 73' lang='lat' dir='ltr'><strong>de,</strong></span> 
     </span>
     <span class='ocr_line' id='line_1_14' title="bbox 58 998 1518 1051; baseline -0.001 -10"><span class='ocrx_word' id='word_1_104' title='bbox 58 1005 143 1042; x_wconf 88' lang='lat' dir='ltr'><strong>lnu.</strong></span> <span class='ocrx_word' id='word_1_105' title='bbox 179 1004 224 1051; x_wconf 84' lang='lat' dir='ltr'><strong>ll,</strong></span> <span class='ocrx_word' id='word_1_106' title='bbox 260 1002 327 1041; x_wconf 74' lang='lat'><strong>⁴22.</strong></span> <span class='ocrx_word' id='word_1_107' title='bbox 361 1002 429 1042; x_wconf 75' lang='lat'><strong>66.</strong></span> <span class='ocrx_word' id='word_1_108' title='bbox 462 1008 631 1039; x_wconf 87' lang='lat' dir='ltr'><strong>metus</strong></span> <span class='ocrx_word' id='word_1_109' title='bbox 663 1008 711 1039; x_wconf 90' lang='lat' dir='ltr'><strong>et</strong></span> <span class='ocrx_word' id='word_1_110' title='bbox 740 1002 1070 1039; x_wconf 84' lang='lat' dir='ltr'><strong>caerimonia</strong></span> <span class='ocrx_word' id='word_1_111' title='bbox 1102 1002 1313 1039; x_wconf 87' lang='lat' dir='ltr'><strong>deorum</strong></span> <span class='ocrx_word' id='word_1_112' title='bbox 1347 1006 1388 1038; x_wconf 90' lang='lat' dir='ltr'><strong>et</strong></span> <span class='ocrx_word' id='word_1_113' title='bbox 1416 998 1518 1039; x_wconf 88' lang='lat' dir='ltr'><strong>ibid.</strong></span> 
     </span>
     <span class='ocr_line' id='line_1_15' title="bbox 58 1058 1004 1107; baseline -0.004 -9"><span class='ocrx_word' id='word_1_114' title='bbox 58 1060 126 1101; x_wconf 75' lang='grc'><strong>53.</strong></span> <span class='ocrx_word' id='word_1_115' title='bbox 159 1072 280 1097; x_wconf 89' lang='lat' dir='ltr'><strong>cura</strong></span> <span class='ocrx_word' id='word_1_116' title='bbox 315 1059 745 1107; x_wconf 80' lang='lat' dir='ltr'><strong>caerimoniaque</strong></span> <span class='ocrx_word' id='word_1_117' title='bbox 778 1058 1004 1095; x_wconf 88' lang='lat' dir='ltr'><strong>deorum.</strong></span> 
     </span>
    </p>

    <p class='ocr_par' dir='ltr' id='par_1_4' title="bbox 55 1113 1522 1268">
     <span class='ocr_line' id='line_1_16' title="bbox 171 1113 1522 1163; baseline -0.002 -11"><span class='ocrx_word' id='word_1_118' title='bbox 171 1114 461 1163; x_wconf 77' lang='lat' dir='ltr'><strong>tolluntur]</strong></span> <span class='ocrx_word' id='word_1_119' title='bbox 525 1113 788 1151; x_wconf 88' lang='lat' dir='ltr'><strong>Generaliter</strong></span> <span class='ocrx_word' id='word_1_120' title='bbox 817 1113 988 1162; x_wconf 89' lang='lat' dir='ltr'><strong>loquens</strong></span> <span class='ocrx_word' id='word_1_121' title='bbox 1022 1118 1137 1151; x_wconf 87' lang='lat' dir='ltr'><strong>recte</strong></span> <span class='ocrx_word' id='word_1_122' title='bbox 1169 1113 1377 1163; x_wconf 81' lang='lat' dir='ltr'><strong>praesenti</strong></span> <span class='ocrx_word' id='word_1_123' title='bbox 1411 1116 1522 1149; x_wconf 82' lang='lat' dir='ltr'><strong>tem-</strong></span> 
     </span>
     <span class='ocr_line' id='line_1_17' title="bbox 55 1167 1521 1224; baseline -0.003 -14"><span class='ocrx_word' id='word_1_124' title='bbox 55 1185 155 1224; x_wconf 82' lang='lat' dir='ltr'><strong>pore</strong></span> <span class='ocrx_word' id='word_1_125' title='bbox 197 1173 343 1218; x_wconf 83' lang='lat' dir='ltr'><strong>utitur3</strong></span> <span class='ocrx_word' id='word_1_126' title='bbox 385 1174 526 1208; x_wconf 86' lang='lat' dir='ltr'><strong>contra</strong></span> <span class='ocrx_word' id='word_1_127' title='bbox 567 1169 729 1208; x_wconf 89' lang='lat' dir='ltr'><strong>codices</strong></span> <span class='ocrx_word' id='word_1_128' title='bbox 772 1170 914 1208; x_wconf 87' lang='lat' dir='ltr'><strong>Lamb.</strong></span> <span class='ocrx_word' id='word_1_129' title='bbox 949 1171 1049 1207; x_wconf 85' lang='lat' dir='ltr'><strong>Dan.</strong></span> <span class='ocrx_word' id='word_1_130' title='bbox 1091 1169 1192 1207; x_wconf 84' lang='lat' dir='ltr'><strong>Ern.</strong></span> <span class='ocrx_word' id='word_1_131' title='bbox 1237 1168 1380 1219; x_wconf 78' lang='lat' dir='ltr'><strong>Wagn.</strong></span> <span class='ocrx_word' id='word_1_132' title='bbox 1419 1167 1521 1207; x_wconf 86' lang='lat' dir='ltr'><strong>tol-</strong></span> 
     </span>
     <span class='ocr_line' id='line_1_18' title="bbox 56 1229 248 1268; baseline 0.005 -1"><span class='ocrx_word' id='word_1_133' title='bbox 56 1229 248 1268; x_wconf 78' lang='lat' dir='ltr'><strong>lentur.</strong></span> 
     </span>
    </p>

    <p class='ocr_par' dir='ltr' id='par_1_5' title="bbox 56 1280 1521 2111">
     <span class='ocr_line' id='line_1_19' title="bbox 169 1280 1520 1334; baseline -0.002 -11"><span class='ocrx_word' id='word_1_134' title='bbox 169 1298 261 1324; x_wconf 93' lang='lat' dir='ltr'><strong>non</strong></span> <span class='ocrx_word' id='word_1_135' title='bbox 305 1287 470 1334; x_wconf 82' lang='lat' dir='ltr'><strong>metu,</strong></span> <span class='ocrx_word' id='word_1_136' title='bbox 512 1282 602 1322; x_wconf 89' lang='lat' dir='ltr'><strong>sed</strong></span> <span class='ocrx_word' id='word_1_137' title='bbox 643 1295 699 1322; x_wconf 86' lang='lat' dir='ltr'><strong>ea</strong></span> <span class='ocrx_word' id='word_1_138' title='bbox 741 1283 897 1334; x_wconf 89' lang='lat' dir='ltr'><strong>coni.]</strong></span> <span class='ocrx_word' id='word_1_139' title='bbox 960 1282 1128 1322; x_wconf 87' lang='lat' dir='ltr'><strong>lnficete</strong></span> <span class='ocrx_word' id='word_1_140' title='bbox 1177 1294 1226 1320; x_wconf 84' lang='lat' dir='ltr'><strong>ex</strong></span> <span class='ocrx_word' id='word_1_141' title='bbox 1266 1280 1520 1321; x_wconf 84' lang='lat' dir='ltr'><strong>deteriorum</strong></span> 
     </span>
     <span class='ocr_line' id='line_1_20' title="bbox 58 1339 1520 1392; baseline -0.002 -12"><span class='ocrx_word' id='word_1_142' title='bbox 58 1341 242 1381; x_wconf 80' lang='lat' dir='ltr'><strong>codicum</strong></span> <span class='ocrx_word' id='word_1_143' title='bbox 284 1343 542 1380; x_wconf 84' lang='lat' dir='ltr'><strong>correctione</strong></span> <span class='ocrx_word' id='word_1_144' title='bbox 584 1340 705 1392; x_wconf 90' lang='lat' dir='ltr'><strong>[non]</strong></span> <span class='ocrx_word' id='word_1_145' title='bbox 748 1345 885 1379; x_wconf 90' lang='lat' dir='ltr'><strong>metu</strong></span> <span class='ocrx_word' id='word_1_146' title='bbox 940 1346 991 1379; x_wconf 88' lang='lat' dir='ltr'><strong>et</strong></span> <span class='ocrx_word' id='word_1_147' title='bbox 1038 1353 1091 1378; x_wconf 89' lang='lat' dir='ltr'><strong>ea</strong></span> <span class='ocrx_word' id='word_1_148' title='bbox 1132 1340 1262 1378; x_wconf 90' lang='lat' dir='ltr'><strong>coni.</strong></span> <span class='ocrx_word' id='word_1_149' title='bbox 1331 1339 1520 1377; x_wconf 80' lang='lat' dir='ltr'><strong>Dauisius</strong></span> 
     </span>
     <span class='ocr_line' id='line_1_21' title="bbox 58 1396 1520 1448; baseline -0.003 -10"><span class='ocrx_word' id='word_1_150' title='bbox 58 1400 332 1438; x_wconf 86' lang='lat' dir='ltr'><strong>coniecturam</strong></span> <span class='ocrx_word' id='word_1_151' title='bbox 359 1398 463 1434; x_wconf 79' lang='lat' dir='ltr'><strong>lianc</strong></span> <span class='ocrx_word' id='word_1_152' title='bbox 487 1398 713 1448; x_wconf 84' lang='lat' dir='ltr'><strong>expressit:</strong></span> <span class='ocrx_word' id='word_1_153' title='bbox 747 1410 838 1435; x_wconf 91' lang='lat' dir='ltr'><strong>non</strong></span> <span class='ocrx_word' id='word_1_154' title='bbox 870 1404 1024 1446; x_wconf 79' lang='lat' dir='ltr'><strong>metu,</strong></span> <span class='ocrx_word' id='word_1_155' title='bbox 1056 1401 1106 1434; x_wconf 85' lang='lat' dir='ltr'><strong>at</strong></span> <span class='ocrx_word' id='word_1_156' title='bbox 1138 1409 1191 1434; x_wconf 84' lang='lat' dir='ltr'><strong>ea</strong></span> <span class='ocrx_word' id='word_1_157' title='bbox 1221 1397 1356 1434; x_wconf 88' lang='lat' dir='ltr'><strong>coni.</strong></span> <span class='ocrx_word' id='word_1_158' title='bbox 1410 1396 1520 1433; x_wconf 87' lang='lat' dir='ltr'><strong>Con-</strong></span> 
     </span>
     <span class='ocr_line' id='line_1_22' title="bbox 57 1452 1521 1503; baseline -0.002 -11"><span class='ocrx_word' id='word_1_159' title='bbox 57 1456 307 1493; x_wconf 90' lang='lat' dir='ltr'><strong>iunctionem</strong></span> <span class='ocrx_word' id='word_1_160' title='bbox 350 1453 450 1490; x_wconf 89' lang='lat' dir='ltr'><strong>dicit</strong></span> <span class='ocrx_word' id='word_1_161' title='bbox 491 1455 778 1503; x_wconf 79' lang='lat' dir='ltr'><strong>agnationem,</strong></span> <span class='ocrx_word' id='word_1_162' title='bbox 820 1467 936 1503; x_wconf 89' lang='lat' dir='ltr'><strong>quam</strong></span> <span class='ocrx_word' id='word_1_163' title='bbox 976 1454 1095 1492; x_wconf 91' lang='lat' dir='ltr'><strong>nobis</strong></span> <span class='ocrx_word' id='word_1_164' title='bbox 1136 1465 1226 1490; x_wconf 90' lang='lat' dir='ltr'><strong>cum</strong></span> <span class='ocrx_word' id='word_1_165' title='bbox 1269 1452 1346 1490; x_wconf 88' lang='lat' dir='ltr'><strong>diis</strong></span> <span class='ocrx_word' id='word_1_166' title='bbox 1388 1453 1521 1490; x_wconf 92' lang='lat' dir='ltr'><strong>inter-</strong></span> 
     </span>
     <span class='ocr_line' id='line_1_23' title="bbox 59 1508 1520 1561; baseline -0.001 -13"><span class='ocrx_word' id='word_1_167' title='bbox 59 1511 207 1549; x_wconf 85' lang='lat' dir='ltr'><strong>cedere</strong></span> <span class='ocrx_word' id='word_1_168' title='bbox 240 1523 361 1561; x_wconf 88' lang='lat' dir='ltr'><strong>supra</strong></span> <span class='ocrx_word' id='word_1_169' title='bbox 390 1508 495 1546; x_wconf 85' lang='lat' dir='ltr'><strong>dixit</strong></span> <span class='ocrx_word' id='word_1_170' title='bbox 526 1523 560 1546; x_wconf 90' lang='lat' dir='ltr'><strong>c.</strong></span> <span class='ocrx_word' id='word_1_171' title='bbox 595 1510 659 1557; x_wconf 78' lang='lat'><strong>7.;</strong></span> <span class='ocrx_word' id='word_1_172' title='bbox 700 1522 748 1546; x_wconf 89' lang='lat' dir='ltr'><strong>ex</strong></span> <span class='ocrx_word' id='word_1_173' title='bbox 789 1523 865 1560; x_wconf 91' lang='lat' dir='ltr'><strong>qno</strong></span> <span class='ocrx_word' id='word_1_174' title='bbox 906 1509 1023 1548; x_wconf 89' lang='lat' dir='ltr'><strong>fonte</strong></span> <span class='ocrx_word' id='word_1_175' title='bbox 1056 1510 1216 1548; x_wconf 87' lang='lat' dir='ltr'><strong>Stoicos</strong></span> <span class='ocrx_word' id='word_1_176' title='bbox 1247 1511 1446 1561; x_wconf 81' lang='lat' dir='ltr'><strong>pietatem</strong></span> <span class='ocrx_word' id='word_1_177' title='bbox 1478 1510 1520 1546; x_wconf 89' lang='lat' dir='ltr'><strong>in</strong></span> 
     </span>
     <span class='ocr_line' id='line_1_24' title="bbox 59 1565 1518 1617; baseline -0.002 -12"><span class='ocrx_word' id='word_1_178' title='bbox 59 1567 158 1605; x_wconf 90' lang='lat' dir='ltr'><strong>deos</strong></span> <span class='ocrx_word' id='word_1_179' title='bbox 200 1567 396 1617; x_wconf 85' lang='lat' dir='ltr'><strong>repetiise</strong></span> <span class='ocrx_word' id='word_1_180' title='bbox 437 1567 556 1603; x_wconf 88' lang='lat' dir='ltr'><strong>testis</strong></span> <span class='ocrx_word' id='word_1_181' title='bbox 601 1570 665 1602; x_wconf 90' lang='lat' dir='ltr'><strong>est</strong></span> <span class='ocrx_word' id='word_1_182' title='bbox 705 1566 818 1604; x_wconf 83' lang='lat' dir='ltr'><strong>Sext.</strong></span> <span class='ocrx_word' id='word_1_183' title='bbox 855 1566 974 1617; x_wconf 86' lang='lat' dir='ltr'><strong>Emp.</strong></span> <span class='ocrx_word' id='word_1_184' title='bbox 1019 1566 1097 1615; x_wconf 82' lang='lat' dir='ltr'><strong>lX,</strong></span> <span class='ocrx_word' id='word_1_185' title='bbox 1144 1565 1237 1606; x_wconf 84' lang='grc'><strong>131.</strong></span> <span class='ocrx_word' id='word_1_186' title='bbox 1304 1567 1357 1604; x_wconf 90' lang='lat' dir='ltr'><strong>At</strong></span> <span class='ocrx_word' id='word_1_187' title='bbox 1406 1570 1518 1603; x_wconf 88' lang='lat' dir='ltr'><strong>metu</strong></span> 
     </span>
     <span class='ocr_line' id='line_1_25' title="bbox 59 1621 1521 1674; baseline -0.001 -13"><span class='ocrx_word' id='word_1_188' title='bbox 59 1624 250 1674; x_wconf 83' lang='lat' dir='ltr'><strong>Epicurei</strong></span> <span class='ocrx_word' id='word_1_189' title='bbox 283 1622 452 1660; x_wconf 85' lang='lat' dir='ltr'><strong>deornm</strong></span> <span class='ocrx_word' id='word_1_190' title='bbox 486 1621 727 1671; x_wconf 71' lang='lat' dir='ltr'><strong>religionem</strong></span> <span class='ocrx_word' id='word_1_191' title='bbox 761 1624 914 1673; x_wconf 87' lang='lat' dir='ltr'><strong>suscipi</strong></span> <span class='ocrx_word' id='word_1_192' title='bbox 947 1623 1220 1671; x_wconf 75' lang='lat' dir='ltr'><strong>dicebant,‘si</strong></span> <span class='ocrx_word' id='word_1_193' title='bbox 1252 1622 1352 1661; x_wconf 87' lang='lat' dir='ltr'><strong>deos</strong></span> <span class='ocrx_word' id='word_1_194' title='bbox 1384 1624 1521 1659; x_wconf 85' lang='lat' dir='ltr'><strong>omnia</strong></span> 
     </span>
     <span class='ocr_line' id='line_1_26' title="bbox 57 1676 1520 1729; baseline -0.001 -12"><span class='ocrx_word' id='word_1_195' title='bbox 57 1692 199 1718; x_wconf 81' lang='lat' dir='ltr'><strong>curare</strong></span> <span class='ocrx_word' id='word_1_196' title='bbox 239 1679 366 1717; x_wconf 83' lang='lat' dir='ltr'><strong>Stoici</strong></span> <span class='ocrx_word' id='word_1_197' title='bbox 406 1690 503 1716; x_wconf 84' lang='lat' dir='ltr'><strong>uere</strong></span> <span class='ocrx_word' id='word_1_198' title='bbox 545 1678 822 1727; x_wconf 85' lang='lat' dir='ltr'><strong>disputarent.</strong></span> <span class='ocrx_word' id='word_1_199' title='bbox 884 1680 967 1717; x_wconf 88' lang='lat' dir='ltr'><strong>Cic.</strong></span> <span class='ocrx_word' id='word_1_200' title='bbox 1002 1680 1096 1716; x_wconf 57' lang='lat' dir='ltr'><strong>hat.</strong></span> <span class='ocrx_word' id='word_1_201' title='bbox 1133 1679 1254 1717; x_wconf 86' lang='lat' dir='ltr'><strong>Deor.</strong></span> <span class='ocrx_word' id='word_1_202' title='bbox 1286 1679 1318 1729; x_wconf 85' lang='lat' dir='ltr'><strong>l,</strong></span> <span class='ocrx_word' id='word_1_203' title='bbox 1349 1678 1418 1719; x_wconf 79' lang='grc'><strong>20.</strong></span> <span class='ocrx_word' id='word_1_204' title='bbox 1450 1676 1520 1718; x_wconf 75' lang='grc'><strong>54.</strong></span> 
     </span>
     <span class='ocr_line' id='line_1_27' title="bbox 56 1734 1521 1785; baseline -0.001 -12"><span class='ocrx_word' id='word_1_205' title='bbox 56 1735 167 1774; x_wconf 83' lang='lat' dir='ltr'><strong>Male</strong></span> <span class='ocrx_word' id='word_1_206' title='bbox 199 1734 349 1773; x_wconf 91' lang='lat' dir='ltr'><strong>deinde</strong></span> <span class='ocrx_word' id='word_1_207' title='bbox 384 1735 548 1772; x_wconf 83' lang='lat' dir='ltr'><strong>Dauisio</strong></span> <span class='ocrx_word' id='word_1_208' title='bbox 592 1747 757 1772; x_wconf 85' lang='lat' dir='ltr'><strong>suasore</strong></span> <span class='ocrx_word' id='word_1_209' title='bbox 788 1735 962 1773; x_wconf 88' lang='lat' dir='ltr'><strong>Rathius</strong></span> <span class='ocrx_word' id='word_1_210' title='bbox 1005 1741 1046 1785; x_wconf 75' lang='lat' dir='ltr'><strong>et</strong></span> <span class='ocrx_word' id='word_1_211' title='bbox 1078 1735 1268 1772; x_wconf 86' lang='lat' dir='ltr'><strong>Moserus</strong></span> <span class='ocrx_word' id='word_1_212' title='bbox 1311 1748 1360 1773; x_wconf 86' lang='lat' dir='ltr'><strong>ex</strong></span> <span class='ocrx_word' id='word_1_213' title='bbox 1400 1734 1521 1772; x_wconf 87' lang='lat' dir='ltr'><strong>dete-</strong></span> 
     </span>
     <span class='ocr_line' id='line_1_28' title="bbox 56 1790 1518 1830; baseline 0 -1"><span class='ocrx_word' id='word_1_214' title='bbox 56 1795 205 1829; x_wconf 88' lang='lat' dir='ltr'><strong>riorum</strong></span> <span class='ocrx_word' id='word_1_215' title='bbox 247 1791 365 1830; x_wconf 86' lang='lat' dir='ltr'><strong>codd.</strong></span> <span class='ocrx_word' id='word_1_216' title='bbox 410 1792 665 1829; x_wconf 83' lang='lat' dir='ltr'><strong>correctione</strong></span> <span class='ocrx_word' id='word_1_217' title='bbox 705 1804 814 1829; x_wconf 89' lang='lat' dir='ltr'><strong>cum</strong></span> <span class='ocrx_word' id='word_1_218' title='bbox 858 1793 938 1829; x_wconf 89' lang='lat' dir='ltr'><strong>eis</strong></span> <span class='ocrx_word' id='word_1_219' title='bbox 971 1793 1199 1830; x_wconf 85' lang='lat' dir='ltr'><strong>effecerunt</strong></span> <span class='ocrx_word' id='word_1_220' title='bbox 1239 1804 1351 1829; x_wconf 89' lang='lat' dir='ltr'><strong>cum</strong></span> <span class='ocrx_word' id='word_1_221' title='bbox 1393 1790 1518 1829; x_wconf 87' lang='lat' dir='ltr'><strong>diis.</strong></span> 
     </span>
     <span class='ocr_line' id='line_1_29' title="bbox 57 1847 1520 1898; baseline -0.001 -12"><span class='ocrx_word' id='word_1_222' title='bbox 57 1847 409 1898; x_wconf 72' lang='lat' dir='ltr'><strong>Quemadmodum</strong></span> <span class='ocrx_word' id='word_1_223' title='bbox 444 1849 549 1895; x_wconf 74' lang='lat' dir='ltr'><strong>sing.</strong></span> <span class='ocrx_word' id='word_1_224' title='bbox 582 1859 777 1884; x_wconf 89' lang='lat' dir='ltr'><strong>nmnerus</strong></span> <span class='ocrx_word' id='word_1_225' title='bbox 806 1848 955 1886; x_wconf 87' lang='lat' dir='ltr'><strong>homo</strong></span> <span class='ocrx_word' id='word_1_226' title='bbox 987 1862 1118 1898; x_wconf 80' lang='lat' dir='ltr'><strong>genus</strong></span> <span class='ocrx_word' id='word_1_227' title='bbox 1150 1849 1354 1898; x_wconf 80' lang='lat' dir='ltr'><strong>significat</strong></span> <span class='ocrx_word' id='word_1_228' title='bbox 1383 1848 1520 1885; x_wconf 86' lang='lat' dir='ltr'><strong>homi-</strong></span> 
     </span>
     <span class='ocr_line' id='line_1_30' title="bbox 56 1903 1520 1953; baseline -0.001 -11"><span class='ocrx_word' id='word_1_229' title='bbox 56 1917 177 1953; x_wconf 88' lang='lat' dir='ltr'><strong>nnm,</strong></span> <span class='ocrx_word' id='word_1_230' title='bbox 219 1907 276 1941; x_wconf 83' lang='lat' dir='ltr'><strong>ita</strong></span> <span class='ocrx_word' id='word_1_231' title='bbox 318 1903 442 1940; x_wconf 85' lang='lat' dir='ltr'><strong>deus</strong></span> <span class='ocrx_word' id='word_1_232' title='bbox 482 1915 611 1952; x_wconf 77' lang='lat' dir='ltr'><strong>genus</strong></span> <span class='ocrx_word' id='word_1_233' title='bbox 656 1904 859 1952; x_wconf 81' lang='lat' dir='ltr'><strong>significat</strong></span> <span class='ocrx_word' id='word_1_234' title='bbox 899 1904 1094 1953; x_wconf 85' lang='lat' dir='ltr'><strong>deornm,</strong></span> <span class='ocrx_word' id='word_1_235' title='bbox 1135 1910 1178 1942; x_wconf 93' lang='lat' dir='ltr'><strong>ut</strong></span> <span class='ocrx_word' id='word_1_236' title='bbox 1219 1917 1300 1942; x_wconf 91' lang='lat' dir='ltr'><strong>non</strong></span> <span class='ocrx_word' id='word_1_237' title='bbox 1345 1916 1520 1942; x_wconf 80' lang='lat' dir='ltr'><strong>necesse</strong></span> 
     </span>
     <span class='ocr_line' id='line_1_31' title="bbox 58 1959 1518 2010; baseline -0.001 -12"><span class='ocrx_word' id='word_1_238' title='bbox 58 1963 112 1998; x_wconf 87' lang='lat' dir='ltr'><strong>sit</strong></span> <span class='ocrx_word' id='word_1_239' title='bbox 150 1962 332 2010; x_wconf 76' lang='lat' dir='ltr'><strong>cogitare</strong></span> <span class='ocrx_word' id='word_1_240' title='bbox 364 1959 416 1996; x_wconf 94' lang='lat' dir='ltr'><strong>de</strong></span> <span class='ocrx_word' id='word_1_241' title='bbox 446 1961 717 2010; x_wconf 87' lang='lat' dir='ltr'><strong>praepopenti</strong></span> <span class='ocrx_word' id='word_1_242' title='bbox 750 1961 981 1998; x_wconf 73' lang='lat' dir='ltr'><strong>Stoicorum</strong></span> <span class='ocrx_word' id='word_1_243' title='bbox 1015 1961 1109 1998; x_wconf 85' lang='lat' dir='ltr'><strong>deo.</strong></span> <span class='ocrx_word' id='word_1_244' title='bbox 1171 1961 1233 1999; x_wconf 84' lang='lat' dir='ltr'><strong>Cf.</strong></span> <span class='ocrx_word' id='word_1_245' title='bbox 1268 1960 1303 2010; x_wconf 54' lang='lat' dir='ltr'><strong>g&amp;-</strong></span> <span class='ocrx_word' id='word_1_246' title='bbox 1337 1960 1402 2000; x_wconf 79' lang='lat'><strong>23.</strong></span> <span class='ocrx_word' id='word_1_247' title='bbox 1437 1973 1518 1998; x_wconf 89' lang='lat' dir='ltr'><strong>ea-</strong></span> 
     </span>
     <span class='ocr_line' id='line_1_32' title="bbox 58 2016 1521 2068; baseline 0 -14"><span class='ocrx_word' id='word_1_248' title='bbox 58 2029 151 2067; x_wconf 83' lang='lat' dir='ltr'><strong>que</strong></span> <span class='ocrx_word' id='word_1_249' title='bbox 198 2022 248 2054; x_wconf 87' lang='lat' dir='ltr'><strong>et</strong></span> <span class='ocrx_word' id='word_1_250' title='bbox 286 2019 331 2054; x_wconf 91' lang='lat' dir='ltr'><strong>in</strong></span> <span class='ocrx_word' id='word_1_251' title='bbox 374 2016 585 2052; x_wconf 89' lang='lat' dir='ltr'><strong>homine</strong></span> <span class='ocrx_word' id='word_1_252' title='bbox 626 2017 765 2053; x_wconf 90' lang='lat' dir='ltr'><strong>etin</strong></span> <span class='ocrx_word' id='word_1_253' title='bbox 808 2017 902 2055; x_wconf 91' lang='lat' dir='ltr'><strong>deo</strong></span> <span class='ocrx_word' id='word_1_254' title='bbox 942 2023 1021 2056; x_wconf 91' lang='lat' dir='ltr'><strong>cet.</strong></span> <span class='ocrx_word' id='word_1_255' title='bbox 1061 2019 1092 2068; x_wconf 56' lang='grc' dir='ltr'><strong>ς’.</strong></span> <span class='ocrx_word' id='word_1_256' title='bbox 1128 2018 1194 2058; x_wconf 75' lang='grc'><strong>25.</strong></span> <span class='ocrx_word' id='word_1_257' title='bbox 1232 2023 1312 2055; x_wconf 87' lang='lat' dir='ltr'><strong>est</strong></span> <span class='ocrx_word' id='word_1_258' title='bbox 1350 2018 1521 2067; x_wconf 80' lang='lat' dir='ltr'><strong>igitur</strong></span> 
     </span>
     <span class='ocr_line' id='line_1_33' title="bbox 58 2069 872 2111; baseline 0.002 -2"><span class='ocrx_word' id='word_1_259' title='bbox 58 2074 252 2110; x_wconf 86' lang='lat' dir='ltr'><strong>homini</strong></span> <span class='ocrx_word' id='word_1_260' title='bbox 286 2085 392 2110; x_wconf 90' lang='lat' dir='ltr'><strong>cum</strong></span> <span class='ocrx_word' id='word_1_261' title='bbox 426 2071 520 2108; x_wconf 91' lang='lat' dir='ltr'><strong>deo</strong></span> <span class='ocrx_word' id='word_1_262' title='bbox 553 2069 872 2111; x_wconf 88' lang='lat' dir='ltr'><strong>similitudo.</strong></span> 
     </span>
    </p>

    <p class='ocr_par' dir='ltr' id='par_1_6' title="bbox 54 2128 1522 2674">
     <span class='ocr_line' id='line_1_34' title="bbox 167 2128 1521 2180; baseline 0.001 -15"><span class='ocrx_word' id='word_1_263' title='bbox 167 2129 324 2171; x_wconf 58' lang='lat' dir='ltr'><strong>XVI.</strong></span> <span class='ocrx_word' id='word_1_264' title='bbox 384 2128 677 2178; x_wconf 87' lang='lat' dir='ltr'><strong>principum</strong></span> <span class='ocrx_word' id='word_1_265' title='bbox 715 2128 952 2180; x_wconf 88' lang='lat' dir='ltr'><strong>decreta]</strong></span> <span class='ocrx_word' id='word_1_266' title='bbox 1026 2130 1241 2180; x_wconf 85' lang='lat' dir='ltr'><strong>Principes</strong></span> <span class='ocrx_word' id='word_1_267' title='bbox 1294 2132 1371 2179; x_wconf 86' lang='lat' dir='ltr'><strong>(sc.</strong></span> <span class='ocrx_word' id='word_1_268' title='bbox 1416 2130 1521 2167; x_wconf 90' lang='lat' dir='ltr'><strong>ciui-</strong></span> 
     </span>
     <span class='ocr_line' id='line_1_35' title="bbox 55 2184 1520 2234; baseline 0.001 -13"><span class='ocrx_word' id='word_1_269' title='bbox 55 2184 172 2231; x_wconf 86' lang='lat' dir='ltr'><strong>tatis)</strong></span> <span class='ocrx_word' id='word_1_270' title='bbox 204 2185 231 2220; x_wconf 92' lang='lat' dir='ltr'><strong>ii</strong></span> <span class='ocrx_word' id='word_1_271' title='bbox 261 2188 369 2233; x_wconf 89' lang='lat' dir='ltr'><strong>sunt,</strong></span> <span class='ocrx_word' id='word_1_272' title='bbox 403 2185 467 2234; x_wconf 89' lang='lat' dir='ltr'><strong>qni</strong></span> <span class='ocrx_word' id='word_1_273' title='bbox 502 2185 674 2234; x_wconf 87' lang='lat' dir='ltr'><strong>primum</strong></span> <span class='ocrx_word' id='word_1_274' title='bbox 707 2187 747 2222; x_wconf 90' lang='lat' dir='ltr'><strong>in</strong></span> <span class='ocrx_word' id='word_1_275' title='bbox 780 2187 948 2224; x_wconf 86' lang='lat' dir='ltr'><strong>ciuitate</strong></span> <span class='ocrx_word' id='word_1_276' title='bbox 977 2187 1112 2225; x_wconf 91' lang='lat' dir='ltr'><strong>locum</strong></span> <span class='ocrx_word' id='word_1_277' title='bbox 1145 2187 1347 2223; x_wconf 83' lang='lat' dir='ltr'><strong>obtinent.</strong></span> <span class='ocrx_word' id='word_1_278' title='bbox 1409 2186 1520 2234; x_wconf 80' lang='lat' dir='ltr'><strong>Quo-</strong></span> 
     </span>
     <span class='ocr_line' id='line_1_36' title="bbox 55 2239 1520 2292; baseline 0 -14"><span class='ocrx_word' id='word_1_279' title='bbox 55 2253 144 2278; x_wconf 88' lang='lat' dir='ltr'><strong>rum</strong></span> <span class='ocrx_word' id='word_1_280' title='bbox 183 2254 272 2277; x_wconf 87' lang='lat' dir='ltr'><strong>cum</strong></span> <span class='ocrx_word' id='word_1_281' title='bbox 308 2242 349 2278; x_wconf 82' lang='lat' dir='ltr'><strong>in</strong></span> <span class='ocrx_word' id='word_1_282' title='bbox 392 2245 536 2278; x_wconf 89' lang='lat' dir='ltr'><strong>senatu</strong></span> <span class='ocrx_word' id='word_1_283' title='bbox 575 2239 795 2291; x_wconf 88' lang='lat' dir='ltr'><strong>plurimum</strong></span> <span class='ocrx_word' id='word_1_284' title='bbox 836 2241 996 2281; x_wconf 86' lang='lat' dir='ltr'><strong>ualeret</strong></span> <span class='ocrx_word' id='word_1_285' title='bbox 1035 2243 1257 2280; x_wconf 85' lang='lat' dir='ltr'><strong>auctoritas</strong></span> <span class='ocrx_word' id='word_1_286' title='bbox 1297 2254 1520 2292; x_wconf 88' lang='lat' dir='ltr'><strong>eorumque</strong></span> 
     </span>
     <span class='ocr_line' id='line_1_37' title="bbox 56 2296 1519 2351; baseline 0.001 -17"><span class='ocrx_word' id='word_1_287' title='bbox 56 2303 139 2334; x_wconf 92' lang='lat' dir='ltr'><strong>tum</strong></span> <span class='ocrx_word' id='word_1_288' title='bbox 173 2299 309 2334; x_wconf 87' lang='lat' dir='ltr'><strong>omnia</strong></span> <span class='ocrx_word' id='word_1_289' title='bbox 339 2296 551 2335; x_wconf 85' lang='lat' dir='ltr'><strong>uoluntate</strong></span> <span class='ocrx_word' id='word_1_290' title='bbox 576 2297 916 2348; x_wconf 84' lang='lat' dir='ltr'><strong>decernerentur,</strong></span> <span class='ocrx_word' id='word_1_291' title='bbox 957 2301 1255 2351; x_wconf 89' lang='lat' dir='ltr'><strong>principum</strong></span> <span class='ocrx_word' id='word_1_292' title='bbox 1289 2298 1404 2347; x_wconf 81' lang='lat' dir='ltr'><strong>dixit,</strong></span> <span class='ocrx_word' id='word_1_293' title='bbox 1436 2311 1519 2335; x_wconf 89' lang='lat' dir='ltr'><strong>non</strong></span> 
     </span>
     <span class='ocr_line' id='line_1_38' title="bbox 55 2352 1522 2406; baseline 0.001 -17"><span class='ocrx_word' id='word_1_294' title='bbox 55 2357 275 2390; x_wconf 85' lang='lat' dir='ltr'><strong>senatus</strong></span> <span class='ocrx_word' id='word_1_295' title='bbox 308 2352 545 2391; x_wconf 78' lang='lat' dir='ltr'><strong>decreta.</strong></span> <span class='ocrx_word' id='word_1_296' title='bbox 606 2353 716 2391; x_wconf 84' lang='lat' dir='ltr'><strong>Male</strong></span> <span class='ocrx_word' id='word_1_297' title='bbox 759 2355 859 2393; x_wconf 89' lang='lat' dir='ltr'><strong>haec</strong></span> <span class='ocrx_word' id='word_1_298' title='bbox 892 2364 933 2393; x_wconf 88' lang='lat' dir='ltr'><strong>et</strong></span> <span class='ocrx_word' id='word_1_299' title='bbox 963 2356 1327 2406; x_wconf 75' lang='lat' dir='ltr'><strong>Engelbronnerus</strong></span> <span class='ocrx_word' id='word_1_300' title='bbox 1359 2356 1400 2392; x_wconf 91' lang='lat' dir='ltr'><strong>in</strong></span> <span class='ocrx_word' id='word_1_301' title='bbox 1433 2354 1522 2391; x_wconf 93' lang='lat' dir='ltr'><strong>dis-</strong></span> 
     </span>
     <span class='ocr_line' id='line_1_39' title="bbox 55 2407 1520 2461; baseline 0.001 -15"><span class='ocrx_word' id='word_1_302' title='bbox 55 2414 139 2459; x_wconf 89' lang='lat' dir='ltr'><strong>put.</strong></span> <span class='ocrx_word' id='word_1_303' title='bbox 173 2410 302 2446; x_wconf 82' lang='lat' dir='ltr'><strong>Amst.</strong></span> <span class='ocrx_word' id='word_1_304' title='bbox 340 2409 460 2449; x_wconf 71' lang='lat'><strong>1802.</strong></span> <span class='ocrx_word' id='word_1_305' title='bbox 492 2422 533 2459; x_wconf 90' lang='lat' dir='ltr'><strong>p.</strong></span> <span class='ocrx_word' id='word_1_306' title='bbox 567 2407 634 2449; x_wconf 81' lang='grc'><strong>39.</strong></span> <span class='ocrx_word' id='word_1_307' title='bbox 676 2424 696 2447; x_wconf 90' lang='lat' dir='ltr'><strong>a</strong></span> <span class='ocrx_word' id='word_1_308' title='bbox 736 2411 935 2450; x_wconf 89' lang='lat' dir='ltr'><strong>Cicerone</strong></span> <span class='ocrx_word' id='word_1_309' title='bbox 974 2413 1240 2461; x_wconf 70' lang='lat' dir='ltr'><strong>abiudicauit,</strong></span> <span class='ocrx_word' id='word_1_310' title='bbox 1281 2416 1322 2449; x_wconf 91' lang='lat' dir='ltr'><strong>et</strong></span> <span class='ocrx_word' id='word_1_311' title='bbox 1362 2412 1520 2449; x_wconf 85' lang='lat' dir='ltr'><strong>Schue-</strong></span> 
     </span>
     <span class='ocr_line' id='line_1_40' title="bbox 55 2465 1519 2519; baseline 0.001 -16"><span class='ocrx_word' id='word_1_312' title='bbox 55 2465 162 2503; x_wconf 89' lang='lat' dir='ltr'><strong>tzius</strong></span> <span class='ocrx_word' id='word_1_313' title='bbox 195 2465 246 2502; x_wconf 91' lang='lat' dir='ltr'><strong>ad</strong></span> <span class='ocrx_word' id='word_1_314' title='bbox 280 2478 348 2502; x_wconf 85' lang='lat' dir='ltr'><strong>eas</strong></span> <span class='ocrx_word' id='word_1_315' title='bbox 380 2467 570 2502; x_wconf 87' lang='lat' dir='ltr'><strong>nationes</strong></span> <span class='ocrx_word' id='word_1_316' title='bbox 603 2465 769 2515; x_wconf 84' lang='lat' dir='ltr'><strong>retulit,</strong></span> <span class='ocrx_word' id='word_1_317' title='bbox 802 2481 901 2517; x_wconf 88' lang='lat' dir='ltr'><strong>quae</strong></span> <span class='ocrx_word' id='word_1_318' title='bbox 936 2482 1075 2519; x_wconf 79' lang='lat' dir='ltr'><strong>regum</strong></span> <span class='ocrx_word' id='word_1_319' title='bbox 1108 2469 1282 2519; x_wconf 90' lang='lat' dir='ltr'><strong>imperio</strong></span> <span class='ocrx_word' id='word_1_320' title='bbox 1313 2473 1519 2519; x_wconf 85' lang='lat' dir='ltr'><strong>parerent.</strong></span> 
     </span>
     <span class='ocr_line' id='line_1_41' title="bbox 55 2522 1518 2575; baseline 0.001 -16"><span class='ocrx_word' id='word_1_321' title='bbox 55 2522 181 2559; x_wconf 88' lang='lat' dir='ltr'><strong>Jura</strong></span> <span class='ocrx_word' id='word_1_322' title='bbox 214 2522 359 2559; x_wconf 91' lang='lat' dir='ltr'><strong>Cicero</strong></span> <span class='ocrx_word' id='word_1_323' title='bbox 391 2522 492 2559; x_wconf 83' lang='lat' dir='ltr'><strong>dixit</strong></span> <span class='ocrx_word' id='word_1_324' title='bbox 522 2523 608 2559; x_wconf 85' lang='lat' dir='ltr'><strong>iura</strong></span> <span class='ocrx_word' id='word_1_325' title='bbox 642 2523 816 2572; x_wconf 77' lang='lat' dir='ltr'><strong>singula,</strong></span> <span class='ocrx_word' id='word_1_326' title='bbox 849 2537 928 2562; x_wconf 91' lang='lat' dir='ltr'><strong>non</strong></span> <span class='ocrx_word' id='word_1_327' title='bbox 958 2527 1019 2563; x_wconf 89' lang='lat' dir='ltr'><strong>ius</strong></span> <span class='ocrx_word' id='word_1_328' title='bbox 1045 2526 1280 2563; x_wconf 84' lang='lat' dir='ltr'><strong>uniuersum</strong></span> <span class='ocrx_word' id='word_1_329' title='bbox 1310 2529 1518 2575; x_wconf 84' lang='lat' dir='ltr'><strong>spectans.</strong></span> 
     </span>
     <span class='ocr_line' id='line_1_42' title="bbox 54 2576 1520 2631; baseline 0.001 -15"><span class='ocrx_word' id='word_1_330' title='bbox 54 2576 167 2616; x_wconf 83' lang='lat' dir='ltr'><strong>Male</strong></span> <span class='ocrx_word' id='word_1_331' title='bbox 204 2579 331 2628; x_wconf 67' lang='lat' dir='ltr'><strong>igitur</strong></span> <span class='ocrx_word' id='word_1_332' title='bbox 369 2578 544 2627; x_wconf 82' lang='lat' dir='ltr'><strong>BakiuS,</strong></span> <span class='ocrx_word' id='word_1_333' title='bbox 586 2580 679 2628; x_wconf 88' lang='lat' dir='ltr'><strong>qnia</strong></span> <span class='ocrx_word' id='word_1_334' title='bbox 715 2579 857 2631; x_wconf 89' lang='lat' dir='ltr'><strong>populi</strong></span> <span class='ocrx_word' id='word_1_335' title='bbox 896 2587 1051 2620; x_wconf 87' lang='lat' dir='ltr'><strong>tantum</strong></span> <span class='ocrx_word' id='word_1_336' title='bbox 1086 2583 1172 2619; x_wconf 87' lang='lat' dir='ltr'><strong>iura</strong></span> <span class='ocrx_word' id='word_1_337' title='bbox 1204 2582 1520 2630; x_wconf 80' lang='lat' dir='ltr'><strong>constituerent,</strong></span> 
     </span>
     <span class='ocr_line' id='line_1_43' title="bbox 55 2634 489 2674; baseline 0.007 -4"><span class='ocrx_word' id='word_1_338' title='bbox 55 2634 136 2671; x_wconf 83' lang='lat' dir='ltr'><strong>ius</strong></span> <span class='ocrx_word' id='word_1_339' title='bbox 169 2635 489 2674; x_wconf 86' lang='lat' dir='ltr'><strong>commendauit.</strong></span> 
     </span>
    </p>

    <p class='ocr_par' dir='ltr' id='par_1_7' title="bbox 58 2690 1522 2858">
     <span class='ocr_line' id='line_1_44' title="bbox 169 2690 1520 2745; baseline 0.001 -18"><span class='ocrx_word' id='word_1_340' title='bbox 169 2690 306 2728; x_wconf 81' lang='lat' dir='ltr'><strong>salsa</strong></span> <span class='ocrx_word' id='word_1_341' title='bbox 338 2691 684 2741; x_wconf 87' lang='lat' dir='ltr'><strong>testamenta]</strong></span> <span class='ocrx_word' id='word_1_342' title='bbox 747 2692 996 2745; x_wconf 77' lang='lat' dir='ltr'><strong>Simpliciter</strong></span> <span class='ocrx_word' id='word_1_343' title='bbox 1027 2695 1116 2732; x_wconf 85' lang='lat' dir='ltr'><strong>sere</strong></span> <span class='ocrx_word' id='word_1_344' title='bbox 1140 2693 1330 2732; x_wconf 89' lang='lat' dir='ltr'><strong>dicuntur</strong></span> <span class='ocrx_word' id='word_1_345' title='bbox 1354 2698 1520 2730; x_wconf 84' lang='lat' dir='ltr'><strong>testa-</strong></span> 
     </span>
     <span class='ocr_line' id='line_1_45' title="bbox 58 2748 1519 2800; baseline 0.003 -20"><span class='ocrx_word' id='word_1_346' title='bbox 58 2751 227 2783; x_wconf 82' lang='lat' dir='ltr'><strong>menta</strong></span> <span class='ocrx_word' id='word_1_347' title='bbox 258 2750 484 2799; x_wconf 88' lang='lat' dir='ltr'><strong>supponi</strong></span> <span class='ocrx_word' id='word_1_348' title='bbox 518 2748 582 2785; x_wconf 90' lang='lat' dir='ltr'><strong>uel</strong></span> <span class='ocrx_word' id='word_1_349' title='bbox 615 2750 820 2787; x_wconf 71' lang='lat' dir='ltr'><strong>subiici.</strong></span> <span class='ocrx_word' id='word_1_350' title='bbox 883 2751 948 2788; x_wconf 86' lang='lat' dir='ltr'><strong>Cf.</strong></span> <span class='ocrx_word' id='word_1_351' title='bbox 984 2750 1080 2789; x_wconf 87' lang='lat' dir='ltr'><strong>Par.</strong></span> <span class='ocrx_word' id='word_1_352' title='bbox 1105 2752 1173 2800; x_wconf 74' lang='lat' dir='ltr'><strong>Vl,</strong></span> <span class='ocrx_word' id='word_1_353' title='bbox 1212 2751 1247 2790; x_wconf 89' lang='lat'><strong>1.</strong></span> <span class='ocrx_word' id='word_1_354' title='bbox 1281 2748 1388 2790; x_wconf 79' lang='lat' dir='ltr'><strong>Phil.</strong></span> <span class='ocrx_word' id='word_1_355' title='bbox 1413 2748 1519 2797; x_wconf 68' lang='lat' dir='ltr'><strong>xiv,</strong></span> 
     </span>
     <span class='ocr_line' id='line_1_46' title="bbox 59 2798 1522 2858; baseline 0.002 -19"><span class='ocrx_word' id='word_1_356' title='bbox 59 2798 97 2839; x_wconf 82' lang='grc'><strong>3.</strong></span> <span class='ocrx_word' id='word_1_357' title='bbox 131 2801 171 2840; x_wconf 75' lang='lat'><strong>7.</strong></span> <span class='ocrx_word' id='word_1_358' title='bbox 204 2802 291 2841; x_wconf 82' lang='lat' dir='ltr'><strong>Cat.</strong></span> <span class='ocrx_word' id='word_1_359' title='bbox 322 2804 372 2856; x_wconf 80' lang='grc' dir='ltr'><strong>ΙΙ,</strong></span> <span class='ocrx_word' id='word_1_360' title='bbox 405 2803 445 2845; x_wconf 67' lang='grc'><strong>4.</strong></span> <span class='ocrx_word' id='word_1_361' title='bbox 480 2806 519 2845; x_wconf 77' lang='grc'><strong>7.</strong></span> <span class='ocrx_word' id='word_1_362' title='bbox 552 2805 641 2843; x_wconf 84' lang='lat' dir='ltr'><strong>Liu.</strong></span> <span class='ocrx_word' id='word_1_363' title='bbox 672 2805 856 2856; x_wconf 76' lang='lat' dir='ltr'>XXXIX,</span> <span class='ocrx_word' id='word_1_364' title='bbox 902 2806 978 2857; x_wconf 83' lang='lat'><strong>18,</strong></span> <span class='ocrx_word' id='word_1_365' title='bbox 1018 2809 1203 2858; x_wconf 86' lang='lat' dir='ltr'><strong>quoniam</strong></span> <span class='ocrx_word' id='word_1_366' title='bbox 1249 2819 1352 2856; x_wconf 87' lang='lat' dir='ltr'><strong>quae</strong></span> <span class='ocrx_word' id='word_1_367' title='bbox 1393 2806 1522 2843; x_wconf 89' lang='lat' dir='ltr'><strong>subii-</strong></span> 
     </span>
    </p>
   </div>
  </div>
 </body>
</html>
