1781 3192
482 205 633 243 nuncin
672 204 890 244 l'iilile'.
941 206 1038 244 (311».
1069 206 1133 245 vl.
1485 206 1546 244 53

79 319 388 370 «··mnpuhvnsis
420 320 471 356 de
507 319 592 358 Fin.
628 314 683 367 11,
716 316 754 356 4.
793 316 880 368 1.‘.3)
915 330 1063 364 {naece
1096 332 1116 356 a
1146 330 1259 356 suum
1293 318 1439 369 cuique
1471 321 1546 356 tii-

81 376 256 425 buendo,
289 374 416 412 latine
449 389 469 412 a
500 374 675 425 legendo
706 373 950 425 appellatam
986 387 1079 412 esse
1112 374 1355 414 declararet.
1411 375 1547 423 Quare

80 439 122 471 et
146 434 248 472 vict.
280 437 322 470 et
351 433 489 469 Lamb.
521 433 561 469 in
595 431 695 469 edit.
732 429 853 471 1564.
888 430 993 468 male
1026 444 1128 469 rem
1161 432 1401 471 omiserunt.
1461 432 1548 469 Nec

80 513 179 539 uero
212 501 340 550 magis
373 500 414 538 h.
446 497 473 538 1.
507 511 698 550 graecum
733 498 973 537 uocabulum
1006 505 1173 546 νομον
1214 498 1308 537 addi
1349 500 1548 549 oportuit,

81 557 190 609 quod
232 570 253 594 a
290 557 487 595 lambino
527 554 709 593 additum
749 552 807 610 (is
849 557 957 593 enim
1001 557 1169 607 scripsit
1214 557 1253 593 in
1291 554 1391 594 edit.
1428 554 1549 596 1566.

82 636 298 675 eamque
340 637 445 662 rem
486 621 572 662 illi
613 636 799 675 graeco
848 624 1059 662 nomine
1100 608 1326 671 νόμον,
1367 623 1407 660 in
1449 622 1551 662 edit.

86 689 204 731 1584.
239 704 448 741 eamqm
473 698 671 739 νυμον
696 689 780 728 illi
804 705 857 742 gr
871 705 926 729 ae
940 705 993 728 co
1019 694 1100 729 cet.
1105 686 1126 744 )
1149 691 1338 743 probauit
1360 690 1550 739 Rathius,

83 761 201 799 quam
233 752 378 799 postea
409 747 577 787 latinum
618 747 777 798 legis.
847 748 966 785 [nde
1006 761 1072 785 res
1113 760 1262 786 nomen
1304 747 1551 795 inuenisset,

86 805 184 842 satis
236 809 325 842 erat
363 804 570 855 indicare,
610 817 758 843 nomen
800 806 929 856 ipsum
978 817 1134 856 ponere
1182 801 1286 842 nihil
1340 803 1554 840 attinebat.

80 860 166 898 Nec
197 873 344 911 graeca
372 875 448 899 uox
479 864 610 912 posita
641 866 705 899 est
738 857 794 912 11,
833 862 895 901 12.
917 860 1003 911 29„
1037 862 1129 912 quia
1152 861 1286 899 focum
1311 860 1391 897 ista
1422 858 1553 897 deno-

81 916 159 954 tari
191 918 288 955 satis
322 922 408 955 erat
441 917 667 956 declarare.

192 972 434 1025 plerumq
449 975 523 1025 ue]
557 974 725 1012 Adiecta
745 971 883 1011 novula
910 972 1219 1026 plerumque
1251 973 1356 1010 hanc
1374 970 1552 1009 Stoicam

80 1028 187 1080 lenis
221 1030 502 1068 definitionem
536 1033 592 1069 ita
624 1032 700 1068 sibi
731 1032 892 1081 probari
923 1032 1141 1080 significat,
1173 1035 1216 1067 ut
1248 1027 1454 1066 interdum
1488 1031 1553 1064 ta-

83 1100 176 1124 men
210 1086 406 1137 quaedam
440 1087 490 1124 de
523 1101 570 1124 ea
602 1086 800 1124 dubitatio
830 1091 1059 1124 moueatur.
1113 1088 1242 1134 Quam
1269 1083 1442 1122 eandem
1465 1081 1554 1120 aliis

84 1144 137 1182 de
171 1144 307 1193 rebus,
339 1144 376 1180 in
409 1144 553 1193 quibus
588 1143 753 1180 eosd‹m
786 1144 948 1180 Stoicos
981 1142 1244 1192 sequebatur,
1287 1140 1363 1177 sibi
1396 1140 1555 1178 moueri

84 1212 165 1238 non
205 1200 450 1250 significauit
489 1212 637 1249 easque
678 1197 922 1249 simpliciter
962 1199 1172 1249 piobauit,
1212 1195 1341 1235 ueluti
1382 1192 1400 1232 I
1436 1196 1470 1245 {u
1502 1193 1555 1234 24

84 1260 125 1295 et
156 1254 225 1296 35.
287 1252 413 1293 Istam
452 1259 585 1293 autem
627 1254 920 1304 dubitationis,
961 1267 1063 1305 quae
1094 1253 1300 1291 interdum
1342 1253 1554 1301 existeret,

85 1313 426 1364 significationem
458 1313 497 1349 in
533 1312 733 1349 Cicerone
772 1316 815 1348 ut
844 1311 1088 1349 Academico
1128 1311 1267 1347 mirari
1305 1321 1387 1345 non
1428 1307 1558 1346 debe-

85 1382 200 1420 mus,
244 1370 391 1420 quippe
433 1370 497 1420 qui
537 1381 617 1406 non
656 1381 774 1406 unam
806 1380 970 1419 semper
1002 1366 1274 1417 stabilemque
1306 1365 1557 1403 sententiam

87 1427 204 1476 sequi
244 1424 428 1464 deberet.
500 1425 632 1464 Praue
668 1423 980 1475 plerumque
1024 1428 1067 1461 et
1097 1423 1246 1460 Bakius
1289 1425 1331 1459 et
1367 1420 1556 1458 Handius

95 1482 221 1520 Turs.
244 1481 314 1520 lV.
346 1494 388 1532 p.
411 1480 505 1521 472.
540 1484 837 1533 interpretatus
871 1485 949 1530 est,
982 1493 1148 1531 quorum
1177 1477 1249 1517 ille
1273 1477 1315 1515 id
1339 1477 1439 1515 dixit
1463 1489 1556 1515 esse

88 1538 375 1587 uniuerse,
408 1536 474 1576 hic
505 1539 772 1576 maximam
804 1541 1029 1588 partem,
1063 1536 1175 1587 quasi
1204 1534 1379 1587 plurima
1409 1535 1450 1571 in
1482 1533 1557 1572 hac

90 1594 347 1643 definitione,
380 1606 461 1631 non
492 1595 626 1631 onmia
656 1595 865 1645 probaret.

200 1661 341 1699 iuris
376 1662 647 1699 exordium
680 1661 723 1699 h.
755 1660 786 1699 1.
818 1660 927 1698 idem
969 1664 1055 1711 est,
1095 1659 1203 1711 quod
1242 1659 1273 1710 ξ.
1307 1658 1376 1700 28.
1418 1658 1559 1710 prin-

90 1719 288 1770 cipium
327 1717 478 1766 iuris,
522 1715 864 1768 quemadmodum
903 1717 1096 1755 similiter
1136 1716 1239 1754 dixit
1281 1715 1332 1753 de
1376 1716 1469 1754 Fin.
1501 1711 1559 1764 V,

92 1773 228 1817 7.18.
270 1774 417 1811 uitae
459 1774 736 1811 exordium
776 1770 1156 1825 (Lebensprincip)
1198 1777 1239 1810 et
1279 1771 1332 1810 de
1362 1772 1487 1810 Uniu.
1517 1771 1560 1811 2.

86 1846 107 1870 r
124 1832 322 1869 ationis
354 1830 669 1880 principium
695 1826 1129 1882 (Vernunftprincip),
1163 1834 1208 1866 ut
1230 1832 1390 1866 temere
1412 1826 1561 1865 Bakius

90 1888 222 1926 iuris
255 1889 323 1923 aut
354 1883 579 1922 tollendum
609 1890 677 1923 aut
708 1886 748 1922 in
781 1886 931 1923 nobis
961 1885 1199 1924 mutandum
1232 1897 1324 1922 esse
1355 1884 1517 1922 dixerit.

207 1954 258 1990 in
290 1951 543 2003 populari
574 1954 786 1991 ratione
816 1954 845 1990 i.
876 1965 913 1991 e.
946 1953 1078 1990 omnis
1117 1957 1260 1990 nostra
1298 1954 1428 1989 oratio
1468 1963 1561 1988 uer-

94 2012 207 2048 satur
264 2009 306 2047 in
358 2010 621 2059 quaestione,
675 2021 777 2059 quae
831 2010 1065 2047 uniuersum
1120 2007 1317 2061 populum
1372 2008 1563 2057 attingat.

94 2066 264 2104 Labitur
314 2065 421 2101 enim
470 2066 634 2114 Bakius,
681 2066 747 2115 qui
793 2065 897 2102 hanc
935 2065 1011 2119 ,his
1060 2066 1199 2103 uerbis
1250 2066 1331 2102 uim
1380 2065 1561 2112 subiicit,

94 2134 256 2160 omnem
288 2124 470 2158 nostram
503 2123 754 2170 orationem,
797 2120 839 2158 id
883 2133 974 2159 esse
1016 2133 1247 2160 sermonem
1288 2122 1483 2158 usitatum
1521 2120 1563 2157 in

95 2179 312 2217 uerborum
361 2178 402 2214 ui
448 2176 683 2216 definienda
731 2182 773 2215 et
821 2176 1055 2229 usurpanda
1099 2182 1229 2216 totum
1277 2175 1466 2229 pendere
1512 2187 1563 2213 ex

92 2232 235 2287 populi
266 2232 417 2271 iudicio
450 2238 492 2271 et
521 2236 692 2272 ratione.

209 2294 259 2327 et
291 2288 565 2340 appellare
597 2290 720 2341 eam]
763 2288 983 2340 Vulgatum
1020 2290 1110 2329 fere
1151 2294 1216 2328 est
1256 2293 1308 2329 et
1346 2302 1450 2328 eam
1492 2287 1563 2327 le-

93 2357 231 2396 gem,
265 2357 395 2395 quae
418 2368 474 2373 ——
498 2350 552 2384 ut
580 2345 763 2396 uulgus
796 2345 1091 2397 appellare.
1151 2346 1234 2385 Sed
1266 2359 1357 2386 011111
1388 2347 1429 2384 in
1469 2344 1563 2384 cod.

94 2401 202 2439 arch.
234 2405 328 2438 ante
361 2412 468 2439 eam
502 2403 695 2452 scriptum
718 2402 849 2440 fuisse
881 2402 1161 2455 appellare
1192 2403 1395 2453 codicum,
1429 2403 1565 2440 sinon

95 2457 294 2506 omnium,
329 2460 371 2493 at
392 2457 660 2507 plurimorum
685 2462 726 2495 et
749 2459 993 2509 optimorum
1017 2461 1261 2498 auctoritate
1283 2460 1564 2509 confirmetur,

92 2514 170 2551 hoc
213 2513 381 2551 restitui
420 2526 593 2551 necesse
633 2522 712 2553 est.
771 2516 860 2563 Quo
898 2515 1005 2553 facto
1043 2515 1354 2568 appellaret
1383 2513 1452 2553 uel
1483 2528 1564 2566 ap-

91 2568 344 2621 pellarit,
379 2583 546 2619 quorum
580 2568 751 2609 alterum
785 2576 917 2609 utrum
946 2574 986 2609 in
1016 2573 1108 2612 cod.
1143 2572 1254 2611 arch.
1286 2572 1380 2622 fuit,
1416 2572 1564 2609 mutari

95 2630 264 2678 oportet
315 2626 356 2662 in
407 2625 664 2677 appellat.
735 2627 961 2678 Utrumque
1008 2634 1123 2668 recte
1170 2629 1275 2667 uidit
1318 2628 1469 2667 Bakius
1522 2632 1564 2665 et

96 2686 191 2720 ante
246 2681 410 2719 uiderat
443 2683 589 2734 Steph.
642 2686 683 2720 et
720 2683 939 2721 Lambinus
989 2682 1080 2740 (hic
1124 2689 1260 2723 tamen
1305 2684 1412 2723 male
1460 2696 1563 2721 eam

95 2734 290 2791 omisit),
333 2750 460 2790 eaque
500 2739 735 2777 emendatio
781 2740 860 2777 etsi
912 2753 993 2779 non
1036 2741 1260 2793 efflagitata
1299 2743 1347 2780 ab
1378 2741 1564 2778 oratione

98 2794 172 2841 (cs.
207 2794 241 2844 ᾗ.
275 2792 446 2845 49,111)ἰ
474 2795 667 2834 similiter
697 2797 821 2834 uerba
860 2796 1052 2836 nullam
1084 2798 1340 2837 malitiam
1370 2798 1411 2834 in
1444 2807 1564 2834 unam

1323 2870 1344 2901 3
