1781 3192
235 192 296 232 52
804 195 874 235 DE
906 197 1136 237 LEGIBUS

238 311 339 343 tem
395 305 442 343 ui
488 306 667 344 diuina
715 320 836 344 esse
882 309 1137 348 affectam
1182 316 1344 362 putat.
1391 313 1492 353 ibid.
1564 317 1702 357 Zeno

238 361 538 399 naturalem
588 359 754 412 legem
806 364 1034 404 diuinam
1084 381 1208 405 esse
1258 376 1449 408 censet
1494 383 1702 426 eumque

236 420 331 456 uim
365 418 617 456 obtinere
649 424 799 458 recta
839 422 1186 473 imperantem
1226 426 1702 480 prohibentemque

234 473 523 514 contraria.
604 474 788 513 Eandem
849 476 953 527 legis
1010 479 1294 519 definitionem
1341 483 1486 522 Cicero
1535 487 1698 537 saepius

232 530 456 582 proposuit.
488 529 537 578 ΙΙ,
571 530 604 580 ᾧ.
627 530 653 571 8
694 531 759 571 10.
790 532 848 572 11.
880 534 932 572 de
963 536 1053 575 Nat.
1076 537 1338 588 Deor.1,15,
1359 538 1429 579 40.
1478 539 1543 578 cf.
1575 543 1700 581 etiam

232 599 335 637 quae
366 599 457 624 cum
489 585 698 638 plerisque
732 602 890 640 eorum,
931 605 1031 642 quae
1064 599 1158 632 ante
1189 596 1331 645 posui,
1372 595 1555 635 laudauit
1593 596 1701 636 'l'ur-

230 654 382 714 nebus:
431 653 547 693 Stob.
596 657 730 694 serm.
777 656 899 706 XLII,
951 659 1010 701 12.
1061 645 1154 696 τὸν
1191 646 1358 710 νόμον
1398 656 1698 701 σπουδαῖον

233 714 369 757 εἶναι
404 713 539 769 φασὶ
580 709 749 773 λόγον
780 706 945 774 ὀρθὸν
991 713 1147 778 ὄντα,
1185 717 1566 779 προςταπτικόν
1600 723 1700 782 μὲν

228 779 335 825 των
357 779 640 840 ποιητέων,
662 780 1098 842 ἅπαγορευτυιὸν
1120 787 1174 832 δὲ
1197 788 1303 834 τῶν
1327 783 1391 834 οὐ
1414 789 1699 850 ποιητέων.

230 859 345 908 Digg.
377 855 412 898 l.
446 860 512 897 tit.
544 860 611 899 ΙΙΙ.
643 860 723 911 leg.
755 861 792 901 2.
828 847 854 896 ὃ
881 848 1037 912 νόμος
1057 850 1277 901 πάντων
1309 855 1412 903 ἐστὶ
1444 854 1702 916 βασιλεὺς

227 914 393 964 θείων
416 931 469 960 τε
492 917 580 962 καὶ
615 911 971 978 ἀνθρωπείων
1002 919 1358 982 πραγμάτων·
1385 928 1465 971 δεῖ
1483 921 1696 972 ‹ymbrem›

227 979 525 1044 προςτάτην
579 980 715 1032 εἶναι
777 989 884 1034 των
937 991 1122 1037 πολῶν
1174 991 1262 1037 καὶ
1309 994 1417 1040 των
1461 987 1698 1054 ἀισχρων

227 1050 315 1123 Ἀραὶ
352 1047 583 1112 ἄρχοντα
616 1055 704 1100 καὶ
742 1051 977 1115 ἡγεμόνα
1009 1061 1096 1106 καὶ
1130 1057 1267 1105 κατὰ
1300 1062 1455 1107 τοῦτο
1487 1058 1697 1108 κανόνα

227 1124 363 1167 εἰνατ
389 1120 614 1168 δικαίων
627 1138 679 1168 τε
693 1119 996 1172 καὶᾶδίκων
1009 1127 1097 1173 καὶ
1111 1128 1216 1174 των
1230 1124 1390 1186 qudo-ez
1404 1130 1697 1176 πολιτυτῶν

226 1184 404 1249 «ζώων,
418 1205 519 1249 προ
530 1188 906 1252 ςτοωίτικὸνμὲν
920 1195 1025 1241 τῶν
1037 1196 1320 1256 ποιητέων,
1343 1191 1696 1258 ἀπαγορευτι-

225 1253 323 1304 nov
344 1257 400 1302 δὲ
413 1258 520 1304 τῶν
540 1254 603 1305 οὐ
625 1261 910 1321 ποιητέων.

338 1336 516 1376 eadem
557 1340 715 1391 ratio]
777 1342 993 1380 Rationem
1026 1339 1203 1379 diuinam
1238 1352 1314 1392 per
1348 1344 1475 1380 totam
1507 1347 1693 1382 naturam

223 1395 502 1445 pertinentem
536 1396 575 1432 in
610 1398 800 1436 homines
832 1411 990 1450 quoque
1023 1397 1210 1436 diffusam
1236 1397 1363 1436 Stoici
1391 1399 1693 1450 existimabant,

224 1463 341 1501 quam
375 1453 417 1488 et
446 1451 576 1501 ipsam
609 1455 889 1494 confirmatam
921 1460 964 1493 et
994 1454 1224 1493 confectam
1248 1453 1384 1506 legem
1420 1454 1694 1506 appellabant.

223 1506 290 1545 Cf·
321 1510 489 1558 praeter
520 1506 569 1559 Π,
601 1509 640 1550 5.
678 1510 744 1552 11.
776 1511 903 1551 Tusc.
934 1511 986 1563 V,
1022 1510 1088 1551 13.
1122 1510 1192 1552 38.
1234 1511 1488 1549 humanus
1520 1516 1691 1551 autem

223 1564 425 1601 animus
489 1563 780 1619 decerptus
833 1582 891 1607 ex
943 1572 1120 1607 mente
1181 1567 1360 1605 diuina
1415 1580 1526 1606 cum
1584 1567 1692 1607 alio

221 1618 367 1657 nullo
419 1620 521 1658 uisi
570 1635 682 1662 cum
732 1626 846 1678 ipso
886 1624 1005 1675 deo,
1058 1625 1100 1662 si
1142 1625 1234 1662 hoc
1271 1624 1352 1662 fas
1394 1628 1476 1662 est
1517 1624 1691 1675 dictu,

220 1677 513 1728 comparari
546 1685 736 1730 potest.
795 1683 891 1721 Hic
933 1684 1102 1733 igitur
1144 1681 1186 1718 si
1228 1685 1309 1718 est
1348 1680 1599 1719 excultus
1642 1686 1694 1720 et

220 1735 261 1770 si
293 1734 405 1772 eius
438 1735 578 1774 acies
621 1737 697 1775 ita
729 1742 914 1777 curata
945 1742 1050 1787 est,
1092 1741 1239 1775 utne
1271 1741 1519 1775 caecetur
1551 1750 1692 1775 erro—

223 1790 396 1839 ribus,
430 1790 499 1828 fit
525 1793 779 1844 perfecta
820 1808 984 1843 mens,
1030 1793 1083 1832 id
1125 1795 1208 1832 est
1249 1791 1499 1831 absoluta
1537 1794 1685 1831 ratio.

221 1845 331 1885 Phil.
367 1846 435 1897 XI,
473 1846 539 1888 12.
565 1847 631 1889 28.
664 1855 744 1889 est
776 1853 911 1890 enim
946 1851 1025 1889 lex
1057 1847 1194 1887 nihil
1230 1847 1374 1887 aliud
1406 1849 1511 1886 nisi
1541 1854 1691 1886 recta

220 1908 271 1941 et
318 1916 338 1941 a
378 1906 591 1944 numine
636 1906 847 1947 deorum
888 1911 1060 1946 tracta
1100 1907 1243 1944 ratio
1286 1906 1554 1957 imperans
1602 1905 1689 1943 ho-

218 1964 395 2010 nesta,
427 1963 727 2012 prohibens
759 1965 1040 2004 contraria.
1087 1962 1202 2000 Bakii
1226 1963 1463 2001 coniectura
1486 1961 1690 2000 eadem-

220 2029 320 2068 que
352 2030 430 2055 non
465 2019 587 2057 modo
618 2033 698 2058 non
730 2022 985 2070 necessaria,
1015 2018 1087 2057 sed
1133 2020 1225 2070 quia
1265 2018 1370 2057 nihil
1410 2019 1506 2056 noui
1545 2018 1690 2057 adiun-

219 2075 350 2126 gitur,
392 2087 445 2111 ne
491 2077 714 2125 probabilis
764 2078 928 2128 quidem
983 2082 1072 2124 est3
1124 2077 1302 2125 itemque
1342 2074 1538 2113 Gulielmi
1583 2075 1688 2115 coni.

220 2129 568 2181 conformata,
614 2145 733 2182 quam
775 2133 991 2184 Zumptius
1040 2132 1250 2182 probauit,
1297 2133 1428 2183 ipsius
1476 2131 1689 2169 Ciceronis

221 2187 361 2224 uerbis
394 2198 495 2236 quae
529 2194 624 2225 sunt
656 2188 685 2237 Ι,
721 2187 757 2228 9.
789 2189 854 2229 27.
894 2186 1205 2243 (confirmat
1242 2189 1358 2239 ipsa
1396 2201 1493 2240 per
1522 2201 1577 2226 se
1615 2201 1690 2226 ra-

220 2243 420 2280 tionem
455 2246 508 2281 et
534 2242 794 2300 perficit)
826 2246 1081 2297 reprobatur.
1145 2244 1211 2284 cf.
1244 2250 1463 2297 praeterea
1485 2245 1517 2295 1,
1549 2243 1587 2285 7.
1621 2244 1687 2285 22.

331 2322 366 2373 ξ.
403 2319 467 2361 19.
499 2322 854 2376 prudentiam]
916 2324 1134 2362 Rationem
1177 2325 1217 2361 in
1257 2324 1424 2363 homine
1455 2324 1687 2376 perfectam

219 2389 349 2429 Stoici
380 2391 501 2428 etiam
536 2376 823 2440 φρόνησῑν,
864 2391 1123 2444 prudentiam
1169 2392 1391 2442 uocabant,
1436 2405 1554 2444 quam
1597 2392 1685 2430 Cic.

219 2447 300 2486 Off.
331 2445 361 2497 l,
394 2445 464 2486 43.
492 2446 584 2488 153.
608 2451 785 2487 omnium
810 2447 1131 2501 expetendarum
1158 2447 1525 2500 fugiendarumque
1548 2461 1683 2487 rerum

217 2504 435 2542 scientIam
467 2515 560 2542 esse
591 2510 633 2543 et
663 2505 715 2544 de
746 2507 840 2545 Nat.
873 2507 999 2544 Deor.
1034 2504 1102 2554 ΙΙΙ,
1141 2503 1205 2544 15.
1237 2503 1301 2544 38.
1343 2518 1391 2543 ex
1421 2507 1593 2544 scientia
1622 2517 1685 2542 re-

216 2573 306 2598 rum
356 2560 551 2598 bonarum
603 2565 644 2600 et
695 2561 891 2601 malarum
933 2565 975 2600 et
1018 2573 1094 2599 nec
1135 2562 1329 2600 bonarum
1371 2574 1446 2600 nec
1487 2559 1683 2599 malarum

217 2620 409 2656 constare
451 2616 566 2655 dicit.
608 2618 674 2661 Cf.
717 2618 747 2659 Ι.
787 2619 853 2661 23.
893 2618 962 2660 60.
1008 2616 1195 2656 Eandem
1238 2617 1269 2666 Ι,
1306 2619 1341 2657 7.
1376 2618 1440 2658 22.
1472 2619 1683 2670 sapien-

216 2674 336 2712 tiam
369 2671 562 2724 appellat.

329 2752 543 2791 eamque
587 2742 711 2792 rem]
772 2742 887 2781 Rem
942 2741 1103 2781 addidit
1157 2739 1345 2791 Tullius,
1406 2747 1450 2780 ut
1506 2744 1586 2781 uim
1640 2746 1683 2780 et

216 2798 425 2835 notionem
466 2796 570 2850 legis
615 2795 733 2852 (nam
773 2811 897 2853 saepe
936 2813 1018 2838 res
1067 2797 1218 2837 dicitur
1260 2796 1313 2836 de
1362 2799 1485 2839 rebus
1538 2805 1681 2838 mente
