1781 3192
450 201 608 240 {ABER
642 201 899 241 '1'lszifl'l'{1*S.
952 200 1053 240 Cu.
1086 200 1156 239 lv.
1452 196 1539 234 265)

78 319 316 355 coniectura
348 315 439 353 sim
458 313 527 363 ul,
558 326 672 365 quam
708 314 755 350 ab
789 313 984 351 l⁴2rnestio
1017 319 1059 350 et
1089 312 1291 363 Wagner-0
1324 310 1538 362 probatam

77 376 117 412 in
158 374 373 410 uerborum
419 372 567 409 seriem
610 369 798 408 Moserus
841 374 884 407 et
923 368 1102 408 Orellius
1144 371 1414 420 receperant,
1461 365 1539 403 hoc

79 431 332 468 substituere
365 428 490 465 satius
519 427 733 475 habebam,
767 439 884 475 quam
919 439 1007 463 cum
1050 424 1216 476 reliquis
1259 420 1425 461 semel
1469 433 1539 459 ex-

79 485 254 539 pellere.
314 483 446 521 Aliter
475 496 583 520 nunc
613 483 749 519 sentio
780 481 1030 532 semelque
1056 483 1221 519 omnino
1249 477 1541 530 expellendum

81 553 258 588 censeo,
300 552 378 575 nou
423 538 529 588 quod
562 539 667 576 hanc
699 538 1011 587 abundantiam,
1053 551 1169 588 qnam
1203 535 1345 575 uocula
1385 531 1541 572 simul

81 599 242 644 habeat,
276 608 297 631 a
329 593 432 644 legis
461 607 650 632 sermone
680 593 894 631 admodum
930 595 1100 632 alienam
1135 599 1296 644 putem,
1342 591 1413 629 sed
1449 591 1543 641 quia

81 667 103 691 a
141 649 390 701 singularum
435 663 569 687 rerum
613 650 858 700 agendarum
911 653 1079 689 notione
1131 649 1314 687 uoculam
1365 644 1543 694 simul,

80 721 183 759 quae
215 706 263 744 ad
296 706 436 758 plures
469 712 630 757 spectat
661 706 805 744 eodem
840 713 1025 758 tempore
1053 706 1232 757 agendas
1266 704 1438 757 (Jordan
1469 715 1543 753 pro

80 767 200 804 Caec.
237 777 278 814 p.
318 760 463 814 180),
508 763 731 800 abhorrere
774 765 974 803 existimo.
1035 764 1153 801 Ilanc
1176 763 1283 799 enim
1309 762 1387 798 uim
1424 759 1547 796 uerba

79 833 172 859 nec
203 819 320 870 plus
353 831 495 868 quam
531 817 589 856 de
622 818 860 869 singulis
893 821 1054 858 rebus
1078 819 1253 857 habent:
1285 820 1545 867 „tantum-

80 876 226 916 modo
257 874 318 913 de
350 873 586 925 singulis
620 877 796 914 rebus.

194 931 441 982 docento]
516 931 733 970 Pertinent
781 932 885 971 haec
935 930 985 969 ad
1026 932 1258 969 suasionem
1299 942 1346 966 ac
1386 926 1546 965 dissua-

82 990 238 1027 sionem
271 987 400 1038 legis,
443 1001 544 1038 quae
580 989 704 1026 tiebat
739 987 804 1026 uel
842 990 889 1026 ab
923 1000 993 1038 eo,
1036 989 1101 1038 qui
1135 985 1293 1024 laturus
1327 989 1438 1033 erat,
1480 981 1548 1020 uel

82 1047 130 1084 ab
164 1044 252 1083 aliis
285 1049 327 1082 et
359 1046 666 1094 magistratibus
700 1050 742 1083 et
772 1046 944 1096 priuatis
976 1057 1048 1095 pro
1082 1045 1295 1091 concione,
1328 1046 1544 1089 antequam

82 1103 243 1140 comitia
287 1101 537 1138 haberentur
578 1098 655 1154 (cf.
688 1101 860 1139 Beckeri
900 1102 994 1138 Ant.
1026 1113 1127 1138 rom.
1164 1095 1244 1147 111,
1280 1097 1319 1137 3.
1353 1110 1394 1148 p.
1429 1092 1548 1148 91.);

83 1158 206 1209 idque
241 1163 282 1194 ut
314 1157 402 1194 fieri
434 1162 650 1208 pateretur
680 1158 738 1206 is,
780 1158 845 1207 qui
886 1157 1125 1194 concionem
1166 1155 1432 1202 aduocasset,
1472 1152 1549 1188 hac

81 1215 176 1264 lege
208 1212 415 1266 (doceri
444 1235 498 1239 —
530 1211 805 1267 patiunto)
840 1213 984 1252 sanxit.
1048 1208 1261 1250 Immerito
1293 1210 1418 1261 igitur
1447 1208 1547 1245 haec

82 1271 208 1309 Bakio
239 1269 625 1319 interpretationem
658 1282 805 1321 sapere
838 1267 1042 1308 uidentur.

196 1324 466 1377 patiunto]
528 1324 627 1363 Siue
656 1325 797 1377 codd„
831 1330 874 1363 ut
907 1324 1086 1375 uidetur,
1110 1323 1222 1361 Uict.
1261 1322 1373 1361 Man.
1409 1321 1549 1358 Lamb.

87 1384 386 1433 patiuntur.
444 1381 507 1421 Cf.
540 1382 571 1432 ᾗ.
608 1381 646 1422 7.

201 1435 497 1487 priuilegia
529 1441 625 1474 sunt
655 1439 764 1475 iussa
797 1435 936 1487 populi
971 1435 1036 1474 uel
1066 1434 1199 1486 plebis
1224 1435 1261 1471 in
1288 1435 1427 1485 priuos
1457 1433 1485 1471 i.
1511 1445 1549 1471 e.

87 1491 269 1543 singulos
303 1492 415 1529 ciues
449 1493 643 1543 irrogata,
688 1507 776 1530 cum
818 1493 933 1543 leges
977 1494 1182 1542 attingant
1222 1503 1375 1530 omnes.
1439 1488 1550 1528 Gell.

87 1550 137 1588 N.
170 1550 216 1588 A.
249 1548 299 1598 X,
333 1547 401 1588 20.
433 1548 549 1588 Fest.
582 1562 616 1587 s.
651 1562 688 1588 u.
721 1550 913 1600 prinS.
975 1548 1156 1586 Uetitum
1181 1547 1223 1584 id
1255 1550 1342 1585 erat
1373 1551 1415 1584 et
1446 1544 1552 1596 legi-

87 1607 162 1644 bus
187 1605 355 1642 sacratis
377 1608 419 1641 et
443 1605 513 1643 xu
538 1604 703 1644 tabulis.
736 1606 799 1645 Cf.
822 1618 896 1656 pro
922 1603 1039 1643 Dom.
1069 1605 1134 1644 17.
1159 1616 1232 1655 pro
1256 1603 1367 1642 Sest.
1392 1601 1461 1651 30,
1481 1601 1551 1642 65.

202 1660 264 1698 de
296 1661 476 1711 capite
509 1663 648 1699 ciuis
680 1663 704 1701 i.
738 1675 775 1700 e.
809 1661 861 1700 de
893 1663 1002 1699 omni
1037 1662 1139 1698 ciuis
1172 1664 1298 1709 statu,
1330 1658 1550 1707 libertatis,

88 1717 294 1766 ciuitatis,
337 1716 541 1766 familiae3
584 1731 676 1755 nam
720 1718 822 1756 haec
860 1719 939 1756 tria
981 1722 1101 1767 caput
1143 1718 1229 1754 eius
1272 1717 1552 1753 continebant.

89 1773 155 1812 Cf.
173 1773 279 1811 Geib
298 1772 665 1825 Criminalprozess
690 1787 731 1825 p.
749 1773 816 1815 24'.
851 1773 1023 1812 Beckeri
1036 1775 1128 1812 Ant.
1152 1786 1252 1811 rom.
1272 1768 1329 1821 11,
1353 1772 1384 1811 1.
1401 1785 1438 1823 p.
1462 1772 1552 1812 100.

202 1830 530 1868 comitiatum
564 1832 826 1869 maximum
860 1832 889 1869 i.
924 1843 961 1869 e.
995 1830 1159 1867 comitia
1190 1830 1432 1869 centuriata.
1495 1829 1553 1865 ne

90 1886 225 1938 capite
257 1891 391 1924 autem
425 1887 525 1924 ciuis
558 1900 659 1926 rom.
694 1900 746 1925 ne
778 1887 875 1938 quid
908 1891 1160 1924 statueretur
1191 1886 1270 1923 nisi
1304 1887 1344 1922 in
1378 1886 1553 1923 comitiis

91 1944 349 1992 centuriatis,
381 1943 459 1979 iam
493 1943 561 1980 ΧΗ
597 1943 746 1981 tabulis
779 1950 961 1982 sanctum
1000 1943 1093 1981 suit.
1156 1942 1238 1981 Cic.
1277 1942 1330 1980 de
1360 1942 1461 1992 Rep.
1496 1936 1553 1989 11,

91 1999 158 2040 36.
191 2012 265 2050 pro
299 2000 408 2037 Sest.
441 1998 511 2049 30,
544 1999 620 2048 65;
653 2013 780 2050 eaque
814 1999 879 2038 uel
910 2005 1055 2052 postea
1089 1997 1216 2036 ualuit
1240 1999 1358 2048 ratio,
1392 1998 1553 2035 etiamsi

93 2055 313 2105 aliquoties
348 2056 498 2093 tribuni
531 2056 666 2108 plebis
698 2057 804 2094 hanc
843 2056 978 2107 legem
1018 2056 1310 2107 perruperint,
1352 2053 1480 2092 ueluti
1512 2056 1550 2091 iu

91 2111 319 2150 accusando
352 2111 584 2150 Coriolano.
618 2112 682 2152 Cf.
716 2112 956 2163 Marquardt
986 2114 1079 2150 Ant.
1104 2125 1189 2149 rom
1234 2108 1290 2160 11,
1323 2110 1360 2151 3.
1394 2124 1430 2161 p.
1464 2112 1552 2150 1:32.

91 2182 179 2219 sqq.
240 2168 424 2207 Partes
456 2167 638 2220 populi
680 2174 774 2206 sunt
813 2170 855 2207 h.
888 2167 917 2206 l.
959 2167 1114 2206 classes
1155 2174 1197 2204 et
1235 2169 1470 2217 centuriae,
1512 2167 1551 2203 in

92 2238 189 2274 quas
220 2224 411 2276 populum
445 2238 640 2263 censores
683 2224 1007 2274 distribuebant3
1046 2222 1246 2276 particula
1287 2236 1378 2276 que
1420 2222 1553 2275 expli-

94 2280 211 2318 candi
239 2282 318 2317 uim
354 2282 494 2319 habet.
556 2281 618 2319 Cf.
654 2281 780 2332 Sey-ff.
813 2282 864 2320 ad
897 2281 1011 2319 Lael.
1043 2295 1083 2332 p.
1115 2280 1207 2320 151.

211 2335 343 2385 quod
374 2338 490 2386 quis
524 2349 694 2374 earum
724 2338 918 2387 rerum]
988 2338 1126 2376 Genus
1166 2342 1355 2374 neutrum
1398 2348 1551 2386 prono-

96 2393 215 2430 minis
247 2392 297 2429 ad
328 2393 504 2429 nominis
537 2394 633 2442 uim,
674 2406 754 2431 non
796 2394 969 2431 sormam
1012 2394 1186 2432 relatum
1228 2393 1330 2430 nihil
1367 2389 1551 2430 insolen-

96 2450 177 2486 tiae
216 2449 351 2487 habet.
422 2448 542 2487 Caes.
592 2450 637 2487 B.
679 2450 728 2487 G.
773 2446 814 2499 1,
857 2449 924 2491 32.
969 2450 1111 2488 nihil
1150 2463 1321 2487 earum
1370 2462 1553 2486 rerum.

95 2503 196 2543 Sall.
225 2505 318 2555 Jug.
355 2503 448 2544 102.
482 2518 648 2543 rerum
681 2506 1011 2544 humanarum
1045 2506 1317 2558 pleraque.
1379 2506 1465 2544 Cic.
1499 2504 1552 2542 de

96 2562 186 2600 Diu.
217 2561 246 2612 1,
279 2560 348 2601 53.
387 2560 479 2601 119.
514 2574 682 2600 earum
716 2576 883 2600 rerum
918 2567 1190 2615 utrumque
1219 2576 1240 2600 a
1263 2561 1418 2601 corde
1441 2574 1552 2614 pro-

95 2619 294 2658 ficisci.
356 2617 419 2657 Cf.
458 2618 568 2655 Kritz
602 2618 653 2656 ad
684 2617 785 2658 Sall.
813 2619 903 2670 Jug.
936 2618 1003 2660 41.
1036 2620 1073 2660 1.

209 2674 371 2712 fidem
403 2673 589 2724 legum]
652 2675 710 2712 Ex
741 2675 832 2714 cod.
859 2676 971 2714 arch.
1002 2675 1152 2715 mendo
1183 2674 1346 2714 fidem
1377 2673 1551 2725 legem

97 2730 280 2783 plerique
311 2732 559 2769 extricarunt
592 2734 889 2771 correctionem
930 2732 1041 2771 side
1078 2733 1274 2783 legem,
1318 2733 1470 2770 Lbinus
1512 2735 1554 2768 et

98 2786 295 2838 Orellius,
331 2789 396 2839 qui
429 2785 575 2839 plurali
608 2801 776 2827 numero
808 2802 909 2841 opus
942 2802 1035 2828 esse
1077 2793 1399 2842 perspexerunt,
1439 2786 1552 2825 fide
