1791 3192
217 197 284 231 xn
815 198 906 232 PRA
912 198 1097 232 EFATIO.

214 302 420 352 quentitlm
454 301 615 340 indiciis
648 313 728 338 non
763 300 931 340 additis.
992 300 1136 341 Plures
1169 302 1292 338 etiam
1327 299 1432 338 alios
1464 300 1676 338 Ciceronis

211 367 339 407 libros
371 367 675 420 complectitur.

325 435 366 476 6.
397 436 490 474 cod.
520 436 850 474 Burneianus
885 434 938 489 (δ
970 460 1021 465 —-
1054 451 1156 476 mus.
1192 438 1284 475 brit.
1315 449 1357 475 n.
1395 431 1514 488 148.)
1547 448 1677 472 mem-

211 504 450 554 branaceus,
479 503 612 541 forma
634 507 794 555 quarta,
825 517 903 542 non
931 504 1143 555 eleganter
1173 518 1250 542 nec
1273 508 1460 541 accurate
1482 503 1677 553 scriptus,

210 582 343 620 neque
375 569 481 608 ultra
518 570 671 609 saeculi
702 571 806 611 XIV.
841 576 910 609 aut
941 572 1044 612 XIII.
1078 574 1226 622 finem,
1259 576 1304 611 ut
1335 571 1458 609 Bakio
1496 567 1677 616 uidetur,

211 637 456 676 ascendens.
517 638 641 676 Caret
669 637 991 689 colloquentium
1024 640 1202 680 indicus.
1263 640 1322 677 Ex
1353 640 1430 677 hoc
1470 636 1561 675 cod.
1595 648 1674 673 non

210 705 429 756 integram,
452 705 527 744 sed
550 707 754 757 potiorem
777 710 935 744 tantum
957 706 1272 758 discrepantiam
1300 706 1520 757 excerpsit.
1570 704 1678 740 Cou-

209 771 316 809 tinet
349 774 470 810 etiam
502 771 630 811 libros
663 773 715 811 de
745 779 829 811 nat.
864 773 978 813 deor.

325 840 362 878 7.
396 840 486 878 cod.
520 840 789 878 Parisinus
823 845 866 890 (ε
902 864 951 869 —
982 842 1086 882 Mss.
1119 855 1159 880 n.
1184 840 1348 891 2906.),
1382 842 1493 879 cuius
1517 837 1679 888 dilgen-

208 910 410 946 tissimam
443 907 703 947 collationem
736 908 889 947 debere
922 922 968 946 se
1003 911 1058 946 ait
1089 909 1261 958 Bootio,
1293 911 1359 958 qui
1392 906 1557 944 saeculo
1590 906 1677 945 XV.

209 976 410 1025 scriptum
441 975 574 1013 uideri
606 976 859 1025 significarit.
919 976 1056 1013 Habet
1091 977 1125 1013 is
1157 974 1479 1026 colloquentium
1510 973 1677 1021 indicia,

209 1044 253 1078 ut
282 1040 472 1092 plerique
506 1044 782 1081 recentiores,
844 1044 920 1081 Est
951 1048 1085 1082 autem
1126 1043 1220 1081 cod.
1256 1043 1393 1092 idem,
1434 1054 1553 1091 quem
1587 1041 1678 1078 Mo-

208 1119 325 1146 serus
355 1108 447 1147 Par.
481 1111 502 1147 b
539 1109 776 1162 appellauit,
808 1110 850 1148 id
882 1111 989 1162 quod
1023 1109 1085 1148 uel
1118 1124 1166 1148 ex
1190 1110 1364 1160 catalogi
1392 1118 1449 1159 ng
1487 1111 1535 1146 ab
1563 1114 1676 1146 utro-

208 1188 285 1225 que
333 1183 652 1215 commemorato
700 1180 962 1229 perspicitur.
1030 1178 1112 1216 Sed
1161 1174 1249 1215 cum
1311 1177 1465 1214 Mosei-i
1513 1174 1676 1213 collatio

206 1242 313 1279 intra
345 1254 416 1280 sex
447 1245 583 1294 priora
626 1244 717 1281 libri
750 1247 869 1295 primi
903 1247 1036 1296 capita
1066 1246 1316 1293 eonstiterit,
1362 1244 1475 1281 Bakii
1509 1241 1677 1282 collatio

207 1306 334 1346 libros
367 1308 470 1346 duos
501 1311 663 1361 priores
697 1311 1002 1364 complectitur.

319 1374 358 1414 8.
393 1380 478 1413 tres
501 1377 623 1416 codd.
644 1380 904 1430 ambrosiani,
924 1381 990 1430 qui
1015 1393 1158 1418 omnes
1181 1383 1278 1418 sunt
1301 1380 1482 1417 recentis
1508 1379 1676 1415 aetatis:

264 1458 315 1485 α.
348 1443 396 1481 F.
433 1442 527 1483 137.
561 1446 605 1485 Ρ.
640 1459 728 1497 sup.
760 1448 1113 1497 membranaceus,
1143 1447 1274 1484 forma
1304 1447 1491 1495 maxima,
1525 1443 1677 1483 saeculi

347 1510 435 1549 XV.
497 1513 587 1550 Non
620 1517 683 1551 est
715 1515 832 1551 unius
865 1527 1007 1552 manus
1039 1516 1267 1564 scriptura,
1308 1513 1382 1550 sed
1411 1517 1583 1563 utraque
1611 1514 1676 1551 ni-

346 1577 433 1615 tida
475 1582 517 1615 et
556 1577 722 1629 elegans
765 1580 971 1631 habetque
1016 1580 1180 1618 notulas
1229 1581 1269 1617 in
1317 1592 1387 1616 ore
1433 1579 1674 1631 adscriptas.

262 1645 312 1695 β.
346 1646 452 1697 D.p.
474 1643 542 1685 94'.
562 1646 606 1687 P.
627 1660 717 1699 sup.
749 1650 1098 1697 membranaceum,
1130 1648 1261 1685 forma
1284 1649 1474 1698 maxima,
1508 1646 1673 1685 saeculo

348 1713 422 1752 XV
453 1713 667 1763 eleganter
699 1716 888 1767 scriptus.

255 1788 304 1829 γ.
343 1781 385 1818 S.
402 1793 442 1831 p.
456 1779 523 1821 64.
538 1783 585 1819 Ρ.
599 1795 688 1833 sup.
707 1784 1061 1833 membranaceus>
1084 1783 1215 1821 forma
1235 1783 1422 1831 maxima,
1441 1792 1549 1820 saec.
1564 1779 1672 1819 XIV.

302 1849 526 1886 Praeterea
555 1864 650 1888 uero
683 1855 825 1889 nactus
857 1855 922 1889 est
957 1851 1107 1889 Bakius
1137 1851 1421 1901 discrepantes
1449 1849 1672 1899 scripturas

202 1931 221 1955 a
254 1917 584 1966 Lago-Marsinio
618 1917 684 1955 uel
716 1931 766 1956 ex
797 1918 1020 1968 codicibus,
1057 1918 1124 1956 uel
1153 1931 1202 1956 ex
1226 1917 1474 1955 editionibus
1501 1928 1672 1968 excerp-

202 1990 280 2035 tas,
320 1997 422 2035 quae
463 1985 503 2021 in
542 1983 792 2023 bibliotheca
835 1983 1000 2035 collegii
1040 1999 1143 2025 rom.
1183 1990 1457 2025 asseruantur.
1530 1984 1586 2022 Et
1625 1997 1673 2022 ex

202 2052 323 2091 editt.
373 2052 540 2090 fluxisse
587 2052 680 2102 ipse
717 2052 868 2090 Bakius
911 2052 1101 2091 concedit
1144 2065 1212 2090 eas
1253 2050 1519 2100 collationes,
1570 2065 1672 2101 quae

199 2121 381 2157 numeris
413 2117 484 2158 49.
517 2117 583 2158 50.
620 2116 715 2158 124.
754 2118 845 2159 126.
888 2119 1127 2168 designatae
1166 2123 1282 2168 sunt,
1321 2123 1363 2155 et
1403 2119 1567 2168 quidem
1600 2117 1670 2159 49.

201 2184 460 2224 collationem
495 2197 587 2223 esse
620 2184 722 2223 dicit
754 2185 951 2224 editionis
993 2186 1256 2223 Uictorianae
1289 2199 1353 2237 ap.
1388 2187 1488 2224 Rob.
1521 2187 1669 2239 steph.

206 2267 242 2292 a.
272 2250 394 2298 1539,
427 2252 492 2293 50.
531 2251 728 2290 editionis
766 2253 1055 2291 Lambiuianae
1094 2266 1130 2296 a.
1162 2253 1294 2303 1566,
1339 2252 1417 2294 1:24
1451 2258 1588 2292 autem
1628 2258 1671 2292 et

204 2321 281 2363 126
321 2320 560 2359 collationes
599 2333 692 2358 esse
731 2321 962 2371 suspicatur
1001 2319 1196 2358 editionis
1237 2323 1443 2373 parisinae
1485 2322 1667 2360 'l‘urnebi

199 2396 242 2428 et
272 2390 546 2428 Manutiauae.
607 2388 724 2438 Quod
760 2401 854 2425 num
894 2389 950 2425 ita
991 2389 1067 2438 sit,
1106 2389 1296 2439 equidem
1329 2402 1410 2427 non
1442 2391 1571 2427 ausim
1605 2389 1668 2428 di-

199 2470 311 2507 cere,
345 2458 535 2507 quoniam
569 2456 620 2494 ad
651 2469 814 2494 manum
846 2470 927 2494 non
961 2461 1056 2495 sunt
1094 2456 1192 2495 illae
1231 2457 1451 2496 editiones.
1512 2457 1666 2496 Uerum

199 2540 248 2566 ex
278 2525 526 2563 editionibus
557 2522 649 2562 illas
682 2523 981 2577 discrepantias
1022 2538 1115 2564 esse
1154 2527 1352 2577 repetitas
1384 2525 1481 2563 inde
1515 2524 1666 2574 elucet,

198 2595 306 2647 quod
338 2591 477 2632 multis
508 2591 609 2632 locis
640 2594 897 2631 coniecturas
930 2587 1177 2645 tenent,'i11
1210 2593 1323 2632 nullo
1357 2592 1488 2631 adhuc
1521 2592 1665 2632 codice

197 2665 398 2714 repertaS,
430 2659 558 2700 ueluti
590 2661 620 2711 I,
653 2660 695 2702 4.
725 2660 1002 2713 opusc11103
1042 2658 1083 2711 I,
1118 2659 1186 2701 24.
1221 2661 1432 2698 animum
1468 2665 1664 2710 tamen3

200 2728 266 2781 ll,
299 2729 335 2770 9.
385 2741 481 2766 non
525 2730 736 2779 habere,
779 2743 868 2768 cum
911 2729 1030 2768 codd.
1066 2742 1206 2767 omnes
1238 2727 1434 2780 particula
1465 2741 1561 2766 non
1597 2742 1664 2766 ca-

198 2793 428 2847 reant311,
462 2796 529 2838 47.
564 2810 722 2849 saepe
762 2799 952 2848 inquit;
999 2798 1046 2848 ΙΙ,
1081 2797 1146 2840 26.
1185 2797 1346 2836 omnia
1391 2810 1517 2848 quae
1558 2810 1665 2836 cer-
