1781 3192
480 155 637 192 {dulcit
673 154 928 193 '1¹11111'1'1v3.
983 154 1081 194 CM».
1116 154 1201 194 Xll.
1481 154 1571 192 299

110 270 261 307 omissa
303 269 391 306 sere
433 269 470 305 in
510 268 620 306 hunc
649 266 838 305 modum:
882 266 1164 305 admodum.
1224 268 1312 306 Att.
1343 267 1564 305 Prorsus

108 327 186 363 ita
235 329 335 363 est.
382 326 428 372 Q,
471 324 611 362 Haud
665 323 906 373 equidem
950 325 1222 362 assentior
1259 329 1338 364 cet.
1409 323 1563 361 Lbinus

112 395 210 419 uero
255 382 331 419 hoc
376 382 577 419 coniecit:
623 379 909 419 admodum⁴
958 383 1008 429 Q.
1056 381 1274 418 Prorsus
1325 381 1394 418 ita
1443 391 1564 417 esse

108 436 245 476 haud
279 436 513 487 equidem
550 437 837 475 assentior.
898 437 1044 474 Bakius
1077 436 1270 487 denique,
1304 438 1368 487 qui
1402 436 1562 474 uerbis:

108 495 218 531 scis
271 492 451 531 solere
490 516 544 523 —
582 506 771 545 pergas
812 491 965 531 uelim
1006 494 1143 542 Quinti
1186 506 1399 544 personam
1443 503 1564 544 prae-

107 550 247 600 posuit
288 550 421 586 omnia
462 551 561 587 ista:
608 551 714 588 scis
764 548 943 587 solere
994 571 1048 577 —
1094 562 1308 602 prorsus
1356 551 1430 587 ita
1481 551 1565 586 est

107 611 264 643 temere
295 618 317 642 a
349 606 548 644 (ficerone
581 605 839 645 abiudicauit.

219 660 348 698 haud
382 663 636 712 equidem]
698 664 869 711 Quintus
902 662 1059 711 Marco,
1092 666 1134 699 ut
1166 663 1241 711 cis,
1285 675 1386 712 quae
1419 660 1562 712 (lispu-

108 717 237 767 tauit,
281 720 531 756 assentiatur
571 720 804 756 adhortanti
845 732 923 755 non
955 720 1200 767 assentitur,
1241 718 1315 755 sed
1345 724 1480 755 tamen
1514 716 1563 754 ad

106 773 261 822 reliqua
292 779 335 811 ut
367 782 510 824 pergat
543 776 750 815 concedit.
812 776 1053 813 Necessaria
1091 780 1155 814 est
1186 776 1309 825 igitur
1341 777 1444 813 coni.
1477 774 1562 826 pri-

105 829 198 867 dem
230 829 394 880 uulgata
424 831 514 869 hau
528 833 552 869 (Ι
586 846 656 883 pro
692 845 748 869 au
762 837 789 869 t.

215 899 536 936 perseueras
567 911 619 916 ——
651 893 702 925 et
735 909 788 915 —
822 887 1126 938 permanes]
1186 887 1351 936 BakiuS,
1397 887 1478 937 qui,
1520 890 1563 924 ut

103 945 243 980 nescio
285 957 402 993 quam
452 945 715 994 tautologiam
762 943 953 993 tolleret,
1002 945 1136 981 uerbis
1187 948 1236 980 et
1284 955 1562 993 permanes

102 998 282 1049 expulsis
316 1000 416 1038 haec
450 1000 781 1038 commendauit:
823 1012 1145 1051 perseueras
1192 1004 1242 1037 tu
1275 1013 1297 1049 q
1314 998 1483 1037 uidem
1513 1000 1561 1036 in

99 1059 183 1092 tua
225 1061 413 1093 uetere
457 1058 752 1105 sententia,
793 1070 871 1093 non
913 1055 1118 1093 intellexit
1165 1069 1282 1093 unam
1326 1058 1564 1092 constanter

101 1112 369 1162 permanendi
420 1115 628 1150 notionem
681 1110 851 1149 dissolui
896 1113 936 1148 in
988 1111 1098 1150 duas,
1175 1109 1371 1148 Absolute
1427 1116 1559 1148 antem

98 1169 492 1218 perseuerandi
537 1170 703 1205 uerbum
746 1168 932 1217 usurpari
984 1167 1233 1204 documento
1287 1172 1351 1204 est
1391 1166 1475 1206 Cic.
1520 1168 1559 1203 in

103 1223 219 1262 Verr.
255 1220 340 1273 IV,
373 1222 439 1263 39.
472 1224 540 1264 85,
612 1223 743 1261 Uetus
788 1224 928 1272 Quinti
969 1224 1177 1260 sententia
1221 1227 1423 1272 uocatur,
1469 1226 1561 1272 quia

97 1292 184 1316 eam
226 1292 306 1317 non
348 1279 468 1317 modo
510 1294 543 1320 c.
578 1280 616 1320 8.
659 1284 702 1318 et
743 1277 779 1319 9.
824 1279 1121 1330 explicauerat,
1172 1279 1245 1317 sed
1285 1278 1393 1316 idem
1434 1278 1559 1317 multo

96 1342 191 1373 ante
223 1340 423 1376 senserat,

209 1393 316 1429 Nec
347 1391 679 1441 mehercule]
740 1392 844 1429 Ante
867 1391 1118 1441 Maduigium
1149 1394 1189 1429 et
1212 1391 1379 1429 Bakium
1413 1392 1560 1429 uerba:

95 1446 234 1483 Nune
265 1447 574 1485 mehercule
606 1449 783 1497 Quinto,
818 1446 973 1497 reliqua
1006 1460 1097 1497 ego
1130 1460 1262 1485 sane
1294 1471 1343 1475 —
1380 1449 1560 1485 audia-

95 1515 202 1539 mus
233 1504 370 1541 Attico
402 1506 698 1543 tribuebantur.
764 1505 830 1542 Sic
862 1508 904 1541 et
926 1505 1091 1541 inficete
1120 1505 1294 1552 Quintus
1323 1505 1412 1542 fieri
1435 1517 1560 1556 posse

95 1560 353 1610 significans,
406 1565 452 1598 ut
495 1560 711 1612 aliquando
755 1562 1003 1598 sententiam
1045 1573 1158 1598 suam
1202 1564 1403 1610 mutaret,
1452 1573 1560 1599 nunc

95 1619 230 1653 tamen
265 1618 481 1666 retineret,
517 1623 559 1655 et
590 1619 767 1666 Atticus,
801 1619 865 1668 qui
901 1612 980 1654 III.
1014 1616 1048 1666 ᾧ.
1081 1615 1148 1656 37.
1182 1615 1285 1654 nihil
1318 1618 1395 1654 sibi
1426 1631 1557 1669 popu-

94 1669 181 1709 lare
213 1685 398 1723 nmquam
433 1673 641 1725 placuisse
673 1673 798 1723 dicit,
843 1675 922 1711 hoc
962 1675 1053 1724 ipso
1097 1673 1187 1711 loeo
1228 1687 1248 1711 a
1277 1674 1418 1721 Quinti
1460 1687 1558 1712 sen-

93 1729 223 1766 tentia
257 1729 475 1768 discedens
508 1744 591 1767 rem
625 1729 861 1781 popularem
896 1730 1087 1781 probaret
1121 1742 1316 1780 suamque
1354 1743 1374 1766 a
1407 1731 1558 1780 Quinto

94 1785 397 1823 dissensionem
439 1789 580 1838 inepte
611 1786 812 1838 particula
848 1799 970 1824 sane
1004 1785 1245 1825 declararet.
1307 1785 1431 1824 Certe
1463 1798 1556 1837 ego

94 1854 214 1879 uero
258 1842 337 1880 dici
384 1845 589 1894 oportuit,
627 1844 668 1880 id
710 1842 817 1893 quod
857 1843 1010 1880 Lbinus
1055 1844 1209 1891 sensit,
1263 1843 1327 1892 qui
1371 1847 1422 1880 at
1464 1855 1556 1892 ego

93 1900 286 1937 coniecit.
350 1902 599 1950 Quamquam
629 1913 679 1937 ne
712 1901 769 1937 sic
802 1899 965 1950 quidem
999 1906 1112 1937 recte
1149 1912 1193 1936 se
1225 1899 1398 1936 haberet
1427 1901 1556 1950 parti-

93 1954 184 1993 cula
225 1955 343 2006 sed,
397 1970 497 2007 quac
539 1959 734 2006 sequitur.
806 1956 1030 1993 Uerissime
1076 1957 1201 2006 igitur
1242 1954 1475 2005 Maduigius
1517 1957 1557 1993 in

93 2024 231 2062 progr.
262 2025 300 2063 Ρ.
335 2014 404 2053 27.
436 2018 479 2050 et
513 2012 659 2051 Bakius
692 2013 892 2064 particula
935 2025 1026 2049 nec
1063 2026 1135 2064 pro
1169 2025 1301 2050 nunc
1332 2014 1556 2050 substituta

92 2068 195 2106 haec
227 2070 362 2107 omnia
392 2071 529 2107 Attico
562 2071 808 2109 tribuerunt,
872 2067 1027 2105 Similis
1062 2070 1263 2106 correctio
1296 2065 1444 2121 (non)
1478 2071 1555 2106 iam

92 2129 251 2162 tentata
291 2130 355 2163 est
392 2128 433 2164 in
485 2125 607 2163 codd.
661 2125 791 2174 dett.;
845 2124 919 2163 sed
962 2123 1179 2176 copulandi
1225 2124 1426 2176 particula
1476 2138 1555 2162 non

94 2193 313 2232 possumus
345 2195 503 2220 carere.
563 2182 625 2220 De
646 2181 877 2220 uocularum
909 2194 1031 2219 sane
1061 2179 1239 2219 hercle
1271 2182 1558 2219 coniunctione

94 2236 236 2274 Madu.
269 2236 452 2275 laudauit
482 2238 582 2287 Leg.
612 2239 662 2277 ΙΙ.
699 2239 732 2288 ᾇ.
763 2238 804 2277 8.
837 2238 972 2276 Plaut.
999 2238 1117 2275 'lrin.
1148 2238 1213 2288 ΙΙΙ,
1246 2236 1286 2277 3.
1320 2236 1387 2278 53.
1442 2238 1558 2276 Adde

94 2292 193 2330 'len
227 2292 328 2331 Ilec.
362 2290 442 2341 ΙΙΙ,
478 2293 515 2332 5
550 2292 590 2332 9.
622 2296 786 2334 Phorm
813 2290 894 2345 ΙΙΙ,
927 2293 967 2334 3.
1001 2293 1038 2334 9.
1101 2294 1241 2332 Sane
1274 2293 1557 2344 concedentis,

92 2346 282 2387 hercle
314 2350 592 2386 confirmantis
624 2356 701 2390 est

209 2404 348 2447 XII·
409 2406 441 2456 ξ
474 2405 543 2445 27.
605 2406 845 2458 auspicia
878 2411 932 2444 et
962 2405 1183 2457 iudicia]
1252 2406 1313 2444 De
1352 2407 1558 2458 auspicio·

98 2474 186 2499 rum
226 2460 348 2512 iure,
390 2475 468 2512 quo
506 2465 768 2512 magistratus
809 2463 1048 2514 utebantur,
1088 2463 1142 2502 cs.
1179 2462 1420 2513 Marquardt
1458 2465 1557 2502 Ant.

97 2531 202 2556 rom.
237 2512 317 2566 ΙΙΙ,
350 2517 391 2558 3.
423 2532 463 2570 p.
498 2518 575 2567 703
613 2520 665 2558 de
702 2521 792 2557 iure
829 2521 1139 2571 magistratuum
1174 2519 1226 2557 de
1266 2521 1413 2570 rebus,
1456 2532 1558 2571 quae

95 2574 148 2613 ad
190 2575 371 2625 ipsorum
412 2587 557 2613 munus
585 2577 870 2627 pertinerent,
907 2576 1114 2615 iudicandi
1147 2580 1190 2614 et
1219 2575 1374 2614 multae
1413 2575 1556 2615 dicen-

98 2630 175 2669 dae
205 2629 272 2668 ΙΙΙ·
303 2631 333 2681 &5
370 2631 433 2671 10.
497 2633 557 2670 De
588 2638 763 2684 utroque
793 2632 944 2685 placito
975 2648 996 2672 a
1026 2633 1152 2672 Bakio
1177 2633 1369 2672 laudatur
1395 2633 1557 2671 Rubino

98 2687 265 2727 Unters.
306 2688 411 2726 iiber
449 2690 549 2729 rom
595 2689 712 2732 Vert.
747 2690 778 2729 Ι.
817 2702 858 2742 Ρ.
892 2687 961 2730 48.
999 2703 1086 2743 sqq.
1134 2693 1176 2729 et
1216 2704 1256 2743 Ρ
1287 2688 1353 2731 87
1397 2694 1481 2730 not
1519 2690 1557 2740 1,

98 2748 182 2782 tum
213 2756 252 2795 Ρ.
285 2742 525 2787 443-447.

1290 2816 1338 2838 ’ἕξ
