1781 3192
233 176 322 214 156
802 175 869 211 DE
906 174 1135 213 maumas

236 289 356 326 etiam
400 300 471 337 pro
515 285 624 322 Sest.
660 285 729 335 323,
766 286 836 336 il,
870 300 945 337 quo
978 286 1067 325 loco
1102 301 1153 324 re
1187 288 1353 337 egregie
1387 294 1526 325 eontra
1556 289 1696 326 Madu.

235 349 377 382 tuetur
408 341 610 379 Halmius.

353 400 623 446 uitamque
675 397 957 449 hominum]
1032 398 1306 448 Progreditur
1359 400 1407 437 ab
1465 403 1699 448 angustiore

239 456 432 494 ciuium
463 454 632 491 notione
665 452 713 490 ad
747 453 934 492 latiorem
966 455 1239 492 hominum.
1300 453 1411 492 Male
1453 456 1580 506 igitur
1611 469 1699 493 cum

237 514 328 548 ('ar.
359 509 506 559 Steph.
542 514 583 546 et
618 511 746 548 Lbino
782 510 926 548 Bakius
956 513 1175 548 omnium
1210 512 1411 562 probauit.

353 568 607 604 iuuentas
642 566 779 616 esse]
842 567 942 604 Post
967 568 1073 605 Liet.
1103 569 1242 605 Lami).
1268 568 1368 604 Dau.
1403 566 1538 605 denuo
1564 572 1704 605 nostra

239 627 375 661 aetate
407 623 620 672 Zumptius
660 623 848 673 probauit
887 623 1136 661 conditas
1211 625 1264 661 At
1308 624 1439 673 agitur
1480 623 1531 660 de
1571 625 1702 675 primo

242 680 522 717 uniuersarum
567 679 700 728 legum
747 679 1081 717 iuueuiendarum
1118 679 1304 727 consilio,
1350 694 1369 716 a
1401 693 1479 730 quo
1513 693 1605 717 mox
1637 693 1705 717 se-

241 738 351 774 cerni
385 739 584 773 certarum
628 735 763 785 legum
804 735 1117 774 sanciendarum
1163 738 1370 786 negotium
1413 749 1510 773 uere
1556 736 1703 773 Bakins

242 791 545 829 animaduertit.

355 847 713 896 nominarunt!
778 847 940 885 (fodit-is
981 849 1089 885 areli.
1131 847 1324 885 mendum
1368 849 1707 885 nominarent

244 920 263 942 a
288 904 436 955 steph.
472 909 512 939 vt
539 904 724 940 Manum)
756 917 990 955 expressum
1026 906 1151 941 miror
1180 906 1392 954 probatum
1429 916 1520 941 esse
1547 917 1567 940 a
1588 903 1706 941 Mad-

244 963 352 1012 uigio
385 962 423 998 in
454 959 690 997 Emendatt.
721 974 760 1011 p.
794 959 860 999 64.
921 960 1039 997 ⁴Nulla
1084 965 1147 997 est
1180 962 1284 997 enim
1319 960 1345 998 h
1389 959 1418 998 l.
1452 960 1706 997 attractionis

244 1018 514 1067 siguificatiO,
553 1015 710 1067 qualem
751 1016 1100 1067 deprehendimus
1141 1017 1246 1067 apud
1282 1017 1369 1055 Cic.
1415 1017 1536 1054 'l'usc⁸
1570 1016 1602 1065 l,
1643 1015 1709 1055 30.

245 1075 309 1115 73.
343 1073 547 1126 (itaque
590 1078 984 1122 commemorat,
1027 1078 1078 1110 ut
1117 1074 1288 1123 cygni,
1327 1074 1546 1123 quinon
1591 1072 1708 1109 sine

247 1143 404 1169 causa
447 1127 686 1179 Apollini
728 1129 888 1166 dicati
922 1134 1064 1177 sunt,
1098 1129 1184 1166 sed
1219 1129 1349 1179 quod
1384 1130 1437 1165 ab
1480 1140 1533 1164 eo
1574 1127 1709 1165 diui-

245 1188 513 1225 nationem
576 1185 772 1222 liabere
833 1185 1152 1235 uideantur,
1208 1199 1300 1235 qua
1353 1183 1709 1235 prouidentes

246 1242 372 1294 quid
412 1243 457 1278 in
499 1246 666 1279 morte
709 1243 824 1279 boni
864 1244 967 1291 sit,
1005 1254 1108 1278 cum
1150 1247 1304 1279 cautu
1347 1245 1396 1277 et
1432 1238 1710 1291 uoluptate

245 1300 574 1338 moriantur:
634 1299 710 1335 sic
764 1300 1001 1335 omnibus
1060 1298 1207 1335 bonis
1259 1302 1305 1334 et
1360 1296 1534 1334 doctis
1590 1308 1711 1334 esse

246 1350 588 1406 faciendum).
648 1355 727 1391 Aut
756 1356 866 1391 necti
900 1355 1005 1390 hanc
1037 1356 1284 1390 sententiam
1315 1353 1496 1405 oportuit
1518 1365 1565 1390 ex
1586 1353 1710 1389 uerbo

247 1413 461 1450 constat
491 1414 560 1446 aut
584 1422 605 1446 a
627 1409 872 1460 reliquorum
901 1421 1085 1447 connexu
1110 1409 1356 1446 uindicatam
1382 1423 1457 1460 per
1485 1421 1529 1446 se
1557 1409 1711 1446 ess'erri.

249 1469 303 1506 Et
344 1467 450 1503 hanc
487 1464 651 1515 quidem
700 1467 925 1515 rationem,
972 1478 1074 1515 quae
1114 1467 1203 1516 ipsa
1247 1463 1393 1502 uocula
1438 1463 1713 1503 uidelicet

248 1520 525 1563 commendari
556 1520 734 1571 uidetur,
765 1528 861 1573 post
892 1523 1001 1559 Uict.
1036 1526 1078 1558 et
1098 1522 1240 1560 Lamb.
1270 1522 1399 1559 secuti
1423 1525 1517 1559 sunt
1548 1527 1714 1571 praeter

249 1580 417 1618 Bakium
450 1577 598 1627 reliqui
642 1575 749 1632 (eas
789 1577 938 1629 leges
982 1577 1244 1616 uidelicet
1286 1579 1626 1616 nominarunt
1653 1588 1712 1616 sc.

249 1637 385 1686 legum
426 1631 618 1688 latores).
691 1635 964 1673 Coniunctiuo
1016 1648 1143 1684 genus
1184 1633 1318 1681 legum
1361 1638 1593 1672 sanctarum
1638 1632 1711 1670 de-

252 1693 460 1731 scribitur.
512 1690 576 1728 Cs.
620 1690 645 1728 Ι.
684 1691 732 1729 ad
777 1692 811 1741 ἧ.
852 1692 891 1731 2.
936 1692 983 1728 ΙΙ.
1028 1691 1058 1740 ξ
1105 1690 1164 1730 16,
1231 1688 1347 1728 Illam
1397 1692 1431 1727 si
1479 1690 1712 1740 sequereris

251 1750 468 1796 rationem,
502 1748 811 1785 nominasse
844 1749 966 1786 scribi
999 1751 1224 1798 oporteret,
1259 1745 1366 1797 quod
1393 1750 1592 1784 mutatum
1620 1758 1713 1783 esse

252 1808 292 1844 in
323 1806 662 1842 nominarent
691 1817 830 1855 parum
861 1802 1072 1855 probabile
1095 1807 1174 1840 est.
1234 1803 1418 1851 Bakium,
1451 1803 1518 1852 qui
1539 1802 1716 1839 coniecit

254 1862 550 1908 nominare,
591 1864 635 1897 ut
664 1873 744 1897 non
776 1861 898 1912 primi
930 1859 991 1898 illi
1021 1857 1296 1909 legislatores,
1337 1858 1413 1896 sed
1452 1856 1714 1908 legislatores

255 1920 294 1956 in
339 1929 491 1967 genere
533 1916 795 1966 dicerentur,
826 1917 905 1954 hoc
935 1917 1041 1966 fugit
1079 1919 1164 1952 tum
1204 1916 1244 1953 in
1275 1913 1459 1965 generali
1491 1913 1714 1962 sententia,

255 1986 356 2024 quae
397 1973 504 2010 omni
545 1978 733 2023 tempore
766 1971 916 2022 ualeat,
959 1973 1082 2009 scribi
1116 1973 1348 2022 oportuisse
1380 1977 1563 2009 sancta
1591 1970 1716 2008 sint.

255 2028 365 2069 Male
398 2031 494 2067 Dan.
527 2030 706 2071 coniecit
738 2042 795 2066 ea
827 2028 988 2078 leges.
1045 2027 1153 2065 Uide
1182 2028 1231 2065 ad
1264 2025 1321 2066 ll.
1353 2028 1384 2077 ξ.
1417 2028 1457 2067 5.

368 2087 514 2123 iussa
546 2084 971 2136 descripserint]
1015 2085 1116 2131 Quia
1141 2085 1250 2120 iura
1274 2083 1580 2120 describere
1602 2077 1717 2118 recte

257 2141 489 2190 diceretur,
527 2153 610 2176 non
650 2141 751 2177 item
790 2141 933 2177 iussa
985 2139 1319 2188 describere,
1361 2138 1548 2188 quidam,
1588 2136 1717 2175 ueluti

256 2197 356 2235 Ern.
395 2196 522 2244 Mos.,
571 2196 716 2233 iussa
764 2195 894 2233 deleri
944 2194 1187 2243 uoluerunt,
1238 2194 1383 2232 Bakius
1427 2195 1504 2242 hoc
1552 2197 1716 2231 retento

257 2252 563 2291 commendauit
595 2252 935 2301 scripserint.
997 2251 1079 2289 Sed
1110 2256 1224 2288 recte
1257 2265 1346 2288 cum
1378 2248 1578 2301 populo
1606 2250 1718 2287 iura

259 2309 571 2347 describere
598 2307 774 2356 dicatur,
807 2310 873 2357 qui
905 2307 1001 2359 quid
1042 2309 1077 2344 ei
1120 2309 1179 2344 ius
1221 2320 1311 2344 esse
1350 2306 1465 2355 uelit,
1506 2306 1720 2344 constituit

258 2364 355 2417 (pro
388 2365 494 2403 Sest.
528 2362 598 2412 42,
633 2360 702 2402 91.
741 2377 905 2414 neque
947 2362 1179 2401 naturali
1221 2376 1387 2413 neque
1421 2360 1572 2400 ciuili
1605 2363 1719 2399 iure

260 2417 585 2473 descripto),
618 2419 758 2468 quidni
792 2425 904 2458 recte
930 2420 1088 2457 dicatur
1110 2419 1278 2469 Iegem
1304 2418 1497 2470 populo
1521 2416 1718 2455 descri-

258 2479 385 2515 bere
417 2479 468 2526 is,
502 2477 567 2527 qui
598 2488 716 2525 qumn
749 2474 883 2526 legem
916 2490 937 2514 a
968 2475 1118 2527 populo
1149 2476 1291 2513 haberi
1334 2475 1451 2523 uelit,
1490 2473 1718 2512 constituit.

258 2531 462 2572 Similiter
503 2537 614 2570 certe
657 2536 827 2582 utroque
867 2531 1005 2583 legis
1038 2538 1080 2570 et
1110 2533 1239 2569 iuris
1271 2529 1469 2569 uocabulo
1504 2530 1718 2567 coniuncto

258 2589 360 2627 dicit
399 2588 452 2627 de
489 2590 560 2628 Or.
594 2587 667 2636 111,
700 2586 767 2627 20.
803 2587 870 2628 76.
915 2601 1104 2637 moreS‚
1144 2587 1321 2638 leges,
1367 2588 1483 2624 iura
1518 2585 1718 2622 descri-

258 2647 345 2683 bat
377 2647 557 2695 itemque
591 2644 616 2682 Ι.
649 2649 682 2693 ὴ.
724 2645 786 2682 17.
827 2644 1101 2695 descripta
1142 2645 1248 2681 iura
1289 2648 1340 2680 et
1378 2643 1521 2679 iussa
1566 2653 1718 2691 popu-

256 2700 438 2739 lorum.
500 2701 560 2739 De
594 2700 795 2737 industria
830 2706 965 2738 autem
997 2700 1038 2737 h.
1061 2700 1087 2738 l.
1120 2701 1275 2747 iussa,
1309 2711 1387 2735 non
1418 2696 1567 2747 leges
1599 2696 1717 2734 uide-

259 2763 323 2795 tur
366 2756 548 2805 dixisse,
601 2761 644 2793 ut
700 2754 950 2794 luculentius
1008 2757 1085 2794 uim
1130 2767 1266 2793 eorum
1309 2757 1346 2791 in
1391 2766 1437 2789 eo
1479 2751 1567 2790 solo
1607 2753 1718 2790 cerni
