1781 3192
266 183 360 223 240
837 180 909 220 DE
940 180 1172 222 LEGIBUS

269 297 361 348 quia
392 294 534 347 putida
567 295 620 330 sit
653 292 767 330 uerbi
801 295 937 342 graeci
970 296 1320 344 commemoratio,
1354 294 1518 334 uidetur
1533 296 1730 337 audaciae

269 366 378 403 esse,
419 363 508 389 cum
548 360 673 400 saepe
721 362 743 386 a
775 349 979 389 Cicerone
1018 364 1254 402 graecorum
1300 352 1513 390 ucrborum
1563 360 1731 405 praeter

267 408 560 447 necessitatem
599 406 801 444 rationem
836 407 981 446 haberi
1020 413 1197 446 constet.
1236 407 1300 447 Cf.
1337 404 1393 458 II,
1425 409 1457 459 §.
1489 408 1558 450 64.
1592 410 1627 460 §.
1659 410 1728 451 32.

267 467 329 504 ΝΘ
359 464 464 502 hanc
495 461 659 514 quidem
692 464 791 500 satis
822 464 969 502 iustam
1002 463 1238 515 expellendi
1271 478 1433 503 causam
1465 470 1580 517 puto,
1620 467 1731 516 quod

270 519 375 573 apud
407 517 562 558 nullum
594 532 831 570 graecorum
854 522 1099 573 scriptorum
1125 523 1202 559 ista
1227 534 1303 558 uox
1323 523 1557 560 etiamnunc
1581 526 1730 562 exstat.
1776 533 1781 574 g

383 589 565 633 ΧΧΙΤ.
628 586 688 625 ad
719 592 951 626 naturam
986 589 1103 639 acc.]
1177 589 1339 640 Quippe
1379 588 1494 640 leges
1546 589 1729 641 singulas

269 660 291 684 a
320 658 366 684 se
397 643 708 682 constituendas
751 644 801 681 ad
842 651 1010 684 naturae
1044 659 1228 684 normam
1280 646 1507 698 dirigebat,
1555 646 1604 684 de
1654 660 1731 698 qua
1778 654 1781 687 ἐ

265 701 372 741 libro
402 702 534 752 primo
567 699 736 741 dixerat,
1778 696 1781 746 J

381 756 486 797 Sed
515 756 698 808 credo]
762 757 819 795 De
850 757 1129 810 sepulcrorum
1161 757 1283 796 modo
1321 770 1419 796 sane
1460 757 1616 809 aliquid
1656 758 1732 797 de-
1778 752 1781 783 “Ῑ

268 815 452 855 siderare
498 811 660 851 Tullius
711 814 877 852 uidetur
929 816 971 853 in
1024 815 1117 865 lege
1158 828 1338 855 romana.
1415 811 1558 867 Itaque
1603 817 1635 853 si
1680 815 1732 853 ad
1780 833 1781 858 1

266 875 354 913 Att.
393 871 478 919 xli,
512 870 579 910 35.
603 870 644 910 2.
677 870 746 920 36,
784 871 819 910 1.
851 870 986 922 legem
1012 878 1321 921 commemorat,
1355 884 1430 921 qua
1450 871 1732 924 sepulcrorum
1779 871 1781 905 ἓ

267 927 496 980 amplitudo
535 928 751 978 praefinita
784 929 860 977 sit,
904 941 952 966 ca
990 927 1154 966 uidetur
1188 934 1282 979 post
1313 942 1349 966 a.
1381 927 1477 969 701.
1508 928 1590 966 lata
1622 941 1731 978 esse,
1780 962 1781 971 ,

266 986 446 1024 fortasse
484 997 511 1021 a
550 984 743 1022 Caesare.
796 984 861 1024 cf.
904 985 1112 1023 Boxmann
1160 984 1212 1023 de
1263 983 1372 1035 legg.
1419 990 1559 1024 sumtt.
1613 999 1650 1024 c.
1689 984 1731 1025 2.
1780 1030 1781 1034 Ἰ

266 1047 366 1082 sect.
401 1040 440 1081 3.
471 1040 504 1091 ᾗ.
539 1041 577 1082 2.
605 1054 644 1093 p.
677 1040 746 1081 57.

384 1115 436 1147 ut
463 1108 634 1146 ceteri
665 1108 884 1159 sumtus]
946 1108 1219 1160 Peruagatum
1259 1113 1324 1146 est
1364 1109 1441 1147 hoc
1473 1109 1729 1147 attractionis

267 1180 394 1221 genus
427 1168 465 1202 in
499 1163 789 1215 comparandO,
821 1163 873 1201 de
905 1178 983 1215 quo
1015 1166 1070 1205 cf.
1103 1178 1205 1218 quae
1236 1165 1318 1204 dixi
1350 1163 1384 1204 I.
1416 1166 1448 1216 ᾧ.
1482 1166 1549 1206 52.
1572 1165 1731 1205 Mada.

268 1226 319 1264 de
350 1225 439 1262 Fiu,
474 1217 533 1272 II,
566 1220 603 1260 3.
637 1220 676 1259 8.
743 1220 896 1258 Errant
932 1223 1077 1272 igitur,
1121 1224 1189 1272 qui
1232 1224 1273 1260 in
1314 1223 1381 1260 his
1424 1223 1732 1272 uerbis5-q11ae

267 1281 454 1335 pendent
487 1292 535 1317 ex
576 1275 682 1315 illis:
731 1276 928 1315 niodum
975 1280 1181 1328 requiri
1219 1283 1375 1330 puto,
1418 1278 1548 1316 audiri
1588 1277 1732 1317 dicunt

269 1337 445 1378 modus
480 1334 747 1373 definitus
783 1339 877 1372 est.
940 1334 1166 1385 Singularis
1198 1348 1392 1373 numerus
1432 1340 1560 1373 totum
1600 1346 1730 1385 genus

269 1399 426 1434 sumtus
458 1388 789 1442 comprehcndit,
824 1394 866 1426 ut
897 1389 933 1440 §-
967 1390 1033 1430 68·
1077 1391 1323 1428 funerum
1364 1396 1564 1429 sumtus
1606 1396 1648 1429 et
1687 1394 1730 1430 in

266 1451 361 1502 lege
393 1455 428 1499 gx.
464 1447 530 1487 22.
564 1450 787 1485 sumtum
816 1444 1130 1497 luctumque.
1193 1446 1255 1486 Cf.
1287 1460 1388 1497 quae
1421 1447 1500 1484 dixi
1526 1443 1580 1486 ΙΙ.
1613 1447 1731 1496 §.4:3.

267 1509 370 1547 Post
408 1506 519 1543 Uict.
558 1504 700 1541 Lamb.
734 1502 970 1540 lemos-tium
1006 1509 1162 1541 temere
1194 1504 1342 1541 Bakius
1377 1517 1423 1540 ex
1466 1503 1570 1540 dett.
1610 1503 1730 1543 codd.

268 1563 483 1604 reuocauit
514 1565 631 1598 cetc
648 1572 727 1596 ros
759 1564 977 1609 sumtus,
1010 1559 1217 1598 subaudiri
1250 1559 1393 1598 dicens
1426 1562 1685 1600 coerceri.

383 1632 429 1671 C.
464 1628 659 1679 Figuli]
726 1627 787 1665 Ex
825 1627 1009 1678 pluribus
1051 1628 1237 1667 eiusdem
1277 1629 1454 1667 nominis
1493 1628 1593 1666 uiris
1637 1641 1731 1668 eum

268 1689 489 1741 significari
521 1689 594 1724 uiri
629 1685 739 1723 docti
773 1687 1054 1735 consentiunt,
1089 1688 1153 1737 qui
1187 1699 1221 1725 a.
1254 1683 1350 1726 690.
1394 1698 1477 1725 cos,
1520 1684 1600 1724 fuit
1639 1699 1730 1725 cum

269 1748 316 1786 L.
347 1745 456 1787 ,iulio
489 1744 677 1782 Caesare.
741 1742 799 1779 De
831 1755 875 1779 re
908 1744 996 1793 ipsa
1027 1741 1191 1780 aliunde
1226 1742 1327 1779 nihil
1360 1747 1535 1784 constat,

383 1812 552 1852 uides.
612 1811 714 1862 Sed]
776 1810 856 1847 Pro
893 1811 968 1848 hac
1012 1813 1226 1851 uerissima
1265 1811 1437 1848 Manutii
1479 1811 1730 1861 coniectura,

270 1872 362 1922 quia
394 1869 490 1912 sed
518 1868 696 1907 alienum
730 1871 865 1915 esset,
898 1865 1008 1906 male
1039 1867 1187 1907 Bakius
1221 1869 1410 1906 substitui
1439 1865 1574 1905 uoluit
1604 1868 1730 1906 hanc:

272 1927 448 1975 uides3
479 1925 759 1976 credoque.
825 1923 994 1962 Scilicet
1019 1938 1039 1962 a
1070 1928 1268 1975 concepta
1298 1925 1504 1973 immensi,
1537 1925 1602 1974 qui
1634 1928 1732 1963 tunc

270 1985 431 2034 fuerit,
487 1987 643 2021 sumtus
690 1982 861 2019 notione
902 1983 1081 2032 seiungit
1120 1987 1162 2019 ct
1208 1983 1411 2032 opponit,
1457 1979 1568 2032 quod
1609 1980 1731 2020 facile

272 2054 321 2078 cx
369 2040 651 2090 exemplorum
674 2066 676 2069 -
699 2039 836 2088 inopia
885 2037 1104 2088 collegeris
1123 2067 1134 2088 ‚
1182 2037 1279 2077 olim
1332 2038 1370 2075 id
1419 2051 1537 2075 secus
1588 2037 1729 2078 fuisse.

269 2098 430 2136 Deinde
449 2095 634 2146 ampla,
666 2093 773 2144 quod
792 2095 937 2145 Steph.
972 2095 1149 2132 euman.
1175 2096 1451 2145 retinuerunt,
1482 2107 1535 2132 ne
1563 2095 1729 2133 Dauisio

270 2153 436 2205 quidem
470 2150 702 2203 displicuit3
734 2148 878 2199 reliqui
911 2151 1158 2201 exempla.

381 2220 638 2258 iubentur
674 2240 728 2246 ——
766 2215 1102 2268 intelligant]
1182 2217 1291 2257 Man.
1340 2221 1383 2256 et
1431 2217 1638 2268 Orellius,
1686 2216 1729 2255 id

271 2276 379 2329 quod
409 2277 574 2315 Dauisio
607 2287 792 2325 quoque,
825 2274 999 2324 Rathio,
1028 2274 1372 2325 W'yttcnbachio,
1405 2274 1609 2323 Wagnero
1639 2273 1730 2325 pla-

272 2336 374 2383 cuit,
407 2333 459 2371 de
488 2333 721 2370 coniectura
754 2331 1010 2379 iubemur3
1044 2343 1187 2368 omnes
1219 2331 1370 2369 deinde
1404 2344 1450 2369 ex
1483 2331 1585 2371 dett.
1608 2330 1727 2371 codd.

273 2389 604 2440 intelligunt.
664 2382 775 2425 Uere
808 2386 947 2425 Madu.
979 2389 1019 2424 in
1040 2401 1175 2439 progr.
1209 2401 1249 2439 p.
1276 2388 1360 2438 25„
1392 2389 1506 2426 cuius
1529 2389 1728 2426 rationem

272 2447 418 2484 Rakius
449 2446 653 2497 probauit,
687 2449 728 2480 ct
768 2445 1022 2482 iubentur
1053 2450 1102 2482 et
1142 2444 1467 2496 intelligant
1503 2446 1729 2482 restituen-

272 2503 366 2541 dum
396 2514 491 2541 esse
524 2502 637 2541 dixit.
701 2500 781 2538 Sed
814 2501 952 2551 legis
984 2508 1200 2539 nostrae
1240 2503 1489 2554 interpretes
1521 2514 1600 2539 non
1635 2506 1730 2539 sunt

273 2558 493 2610 singularis
524 2557 634 2596 illius
666 2555 768 2607 legis
801 2562 1019 2597 sumtum
1050 2560 1097 2596 in
1130 2556 1269 2597 ollos
1300 2557 1610 2609 luctumque
1642 2559 1729 2595 mi-

271 2620 495 2665 nuunto,
527 2620 573 2653 ut
605 2614 814 2665 Maduigio
846 2616 976 2653 uisum
1008 2620 1073 2652 est
1102 2619 1146 2653 et
1172 2615 1312 2666 Bakio,
1347 2615 1420 2654 sed
1451 2615 1578 2666 legis,
1609 2627 1727 2666 quam

272 2673 437 2712 Marcus
478 2671 715 2720 constituit,
759 2672 1000 2721 uniuersae3
1040 2671 1081 2709 id
1121 2672 1228 2723 quod
1266 2673 1390 2711 uerba
1429 2677 1604 2723 arguunt
1634 2684 1729 2723 quo

273 2731 448 2781 capite
485 2729 744 2767 iubentur.
805 2729 882 2777 Qui
916 2730 1106 2780 quoniam
1137 2728 1315 2767 nondum
1349 2730 1611 2779 exstiterunt,
1648 2741 1727 2766 non

273 2790 447 2839 possunt
476 2784 665 2838 profecto
695 2786 774 2823 iam
805 2783 938 2837 legem
979 2786 1057 2824 dici
1100 2785 1342 2837 intclligere.
1405 2787 1572 2825 Futuris
1609 2787 1733 2837 igitur
