1781 3192
480 198 633 236 LiBER
668 196 888 234 plumis.
940 197 1036 236 (λιιι.
1074 196 1155 234 Vll.
1488 197 1548 236 59

198 312 385 360 quibus
420 316 586 348 autem
621 309 722 358 cet.j
768 309 901 346 Uerba
926 311 1069 346 inter
1095 320 1203 358 cos,
1236 320 1336 358 quae
1357 308 1545 348 Moser-us

86 374 128 406 et
173 366 353 404 Oreliius
401 372 444 404 nt
492 370 683 417 suspecta
724 367 837 402 uncis
891 364 1169 415 incluserunt,
1217 366 1305 402 iure
1356 364 1549 405 defendit

87 424 260 473 Bakius,
306 423 411 472 qnod
453 428 547 461 ante
597 435 687 459 eum
735 422 893 459 fecerat
931 422 1066 459 Haase
1113 423 1152 458 in
1195 421 1366 471 Reisigii
1415 422 1546 462 schol.

89 483 301 532 grammat.
327 492 363 529 p.
389 480 486 519 370.
538 479 761 529 Reciproca
785 477 983 527 quaedam
1007 477 1087 515 illis
1112 477 1331 515 denotatur
1355 479 1476 528 ratio,
1497 479 1547 518 ad

90 550 206 588 quam
231 533 513 573 declarandam
539 537 616 573 etsi
638 534 759 585 uulgo
783 539 852 572 aut
876 536 956 585 ips
972 546 994 571 e
1018 538 1085 571 aut
1107 547 1225 584 pron.
1258 535 1346 572 ress.
1374 535 1549 574 adhihe-

87 597 167 642 tnr,
199 595 242 630 ut
271 591 312 629 h.
336 591 361 631 l.
393 598 462 629 aut
493 594 642 630 inter
672 593 815 642 ipsos
847 595 913 628 ant
944 592 1080 628 inter
1112 603 1162 626 se
1187 590 1402 628 dicendum
1435 599 1549 631 esset

85 647 166 703 (cf.
198 649 284 686 Cic.
317 648 396 686 Off.
430 645 465 698 Ι,
504 648 569 688 17.
601 647 667 688 53.
696 647 861 685 multa
902 651 1021 684 sunt
1060 647 1194 683 enim
1241 648 1442 685 ciuibus
1475 651 1546 686 in-

85 711 165 744 ter
194 717 245 742 se
278 706 579 743 communia.
621 704 673 742 de
705 704 798 742 Fin.
833 700 867 751 Ι,
910 703 950 743 6.
989 701 1053 742 19.
1095 702 1146 739 (16
1177 702 1278 751 Leg.
1311 703 1340 752 Ι,
1379 703 1442 743 10.
1476 706 1545 745 28.

84 762 347 801 hominum
382 762 529 799 inter
567 762 705 813 ipsos
748 761 998 798 societas,
1033 755 1091 808 ll,
1132 760 1172 798 7.
1222 757 1335 809 16.):
1376 772 1546 799 excusa-

85 821 238 857 tionem
278 821 414 855 tamen
455 832 573 869 pron.
614 817 843 855 demonstr.
882 815 978 854 inde
1017 816 1156 864 habet,
1190 815 1296 865 quod
1330 829 1351 853 a
1382 819 1547 855 nomine

85 887 158 913 suo
190 873 485 925 aliquantisper
516 875 763 912 disiunctum
794 873 917 911 facile
949 885 997 909 ex
1020 873 1196 910 auctoris
1220 875 1427 911 sententia
1450 876 1546 925 poni

83 932 239 983 potuit3
278 943 370 968 nam
413 932 596 981 quibus
639 933 783 968 inter
823 942 912 968 eos
957 928 1036 966 dici
1068 929 1254 979 profecto
1286 942 1366 967 non
1397 933 1545 982 potuit.

84 986 284 1026 Similiter
333 999 406 1038 pro
456 989 648 1025 rcssexino
697 987 848 1038 passim
898 987 1112 1036 usurpauit
1162 984 1546 1038 demonstratiuum,

84 1057 187 1094 quae
220 1045 324 1091 eins,
359 1042 410 1080 de
443 1057 521 1094 qno
550 1044 772 1092 diceretur,
806 1044 931 1080 menti
962 1041 1201 1093 applicanda
1231 1048 1347 1080 erant
1368 1047 1544 1082 auctoris

72 1100 211 1138 menti
245 1098 467 1149 applicans,
531 1100 596 1138 Cf.
630 1100 716 1137 Cic.
752 1100 803 1136 de
836 1100 906 1137 Or.
939 1099 968 1148 Ι,
1002 1097 1070 1138 5-1.
1105 1097 1201 1137 232.
1236 1098 1348 1137 Kritz
1373 1099 1421 1137 ad
1444 1099 1545 1139 Sall.

81 1157 173 1207 Jug.
208 1153 278 1204 96,
311 1155 352 1194 2.
414 1156 566 1193 Matth.
599 1169 672 1206 pro
705 1156 824 1192 Rosc.
856 1150 954 1191 Am.
983 1153 1053 1203 31,
1086 1151 1153 1194 95.

194 1212 231 1249 ii
276 1211 552 1262 ciuitatis]
628 1209 675 1250 [n
718 1211 860 1249 codice
907 1211 1018 1248 arch.
1066 1212 1263 1261 scriptum
1309 1210 1439 1249 fnisse
1494 1218 1546 1251 61

81 1269 327 1308 ciuitatis
358 1267 648 1319 plerorumque
680 1267 866 1306 codicum
906 1267 1156 1304 deteriorum
1190 1280 1277 1306 cnm
1307 1267 1544 1307 melioribus

81 1326 265 1364 omnibus
297 1337 497 1362 consensu
529 1326 802 1363 confirmatur.
861 1325 948 1361 Nec
987 1328 1124 1361 tamen
1157 1322 1270 1362 locus
1302 1330 1367 1362 est
1397 1326 1436 1362 in
1469 1327 1546 1365 liae

81 1380 345 1421 conclusione
385 1380 609 1431 particulae.
651 1386 724 1431 et,
764 1393 866 1432 quae
908 1380 1014 1431 apud
1052 1380 1294 1419 Ciceronem
1336 1382 1394 1419 ita
1425 1395 1544 1421 usur-

80 1443 216 1490 patur,
249 1442 292 1474 ut
322 1435 494 1490 alterum
528 1439 748 1487 orationis,
791 1450 895 1488 qnae
936 1438 1129 1488 bipartita
1167 1439 1301 1476 animo
1344 1446 1545 1491 concepta

83 1499 162 1543 est,
192 1494 414 1530 membrum
446 1499 536 1544 aut,
580 1496 672 1545 quia
702 1493 824 1533 facile
865 1493 997 1531 audiri
1035 1495 1191 1544 possit,
1230 1496 1442 1533 omittatur
1478 1501 1547 1535 aut

86 1549 163 1588 alio
190 1549 361 1600 quodam
391 1549 511 1588 modo
544 1552 755 1589 efferatur.
805 1550 869 1589 Cf.
891 1563 994 1601 qnae
1018 1563 1093 1600 ego
1114 1549 1319 1601 disputani
1341 1552 1381 1589 in
1404 1565 1543 1604 progr.

83 1607 170 1645 Ciz.
206 1603 327 1645 1841.
359 1618 396 1656 p.
428 1605 469 1646 8.
502 1612 544 1645 61
574 1607 714 1648 Madu.
750 1609 792 1645 in
825 1620 912 1645 exc.
946 1603 977 1644 I.
1010 1606 1182 1644 editioni
1222 1606 1273 1645 de
1303 1607 1398 1646 Fin.
1440 1610 1543 1649 Bon.

83 1668 125 1701 et
151 1660 247 1700 Mal.
280 1661 483 1700 adiuncto.
544 1663 627 1702 Sed
660 1662 781 1713 malo,
813 1669 857 1702 ut
888 1664 1116 1702 subiectum
1144 1665 1307 1713 grauius
1336 1672 1544 1704 monstre-

80 1724 170 1769 tur,
212 1716 327 1756 uelut
365 1718 416 1755 de
459 1719 548 1758 Diu.
592 1716 627 1769 l,
660 1720 726 1759 52.
762 1718 856 1759 118.
900 1720 1183 1770 eaquibus
1225 1721 1356 1758 bene
1395 1734 1544 1773 prae-

81 1780 234 1827 cepta
265 1778 411 1823 sunt,
444 1776 611 1813 iinon
643 1788 798 1828 saepe
829 1774 1116 1814 falluntur.
1168 1776 1248 1815 Off.
1274 1772 1309 1826 Ι,
1343 1776 1411 1817 38.
1451 1778 1542 1819 137.

80 1828 116 1882 I,
141 1831 211 1872 35.
245 1830 353 1880 127„
384 1831 624 1881 particulam
655 1845 745 1870 cum
769 1831 894 1870 Bakio
918 1833 1064 1870 mutari
1096 1833 1137 1870 in
1171 1834 1217 1870 ei
1250 1831 1318 1870 uel
1339 1835 1390 1883 ii,
1425 1848 1543 1885 quam

81 1901 171 1927 cnm
210 1887 333 1924 Goer.
376 1887 476 1925 Sch.
516 1887 624 1926 Mos.
664 1889 733 1927 Or.
771 1887 915 1927 deleri.
985 1888 1188 1926 Similiter
1227 1885 1317 1938 ΙΙΙ,
1357 1891 1382 1930 2
1423 1890 1462 1931 4.
1501 1893 1543 1930 in

81 1943 264 1995 pluribus
296 1940 418 1980 codd.
451 1944 495 1980 ei
527 1947 724 1982 mutatum
758 1949 822 1981 est
851 1945 893 1980 in
936 1948 1002 1982 et.
1068 1944 1255 1983 Eandem
1294 1948 1544 1986 sententiam

83 2000 311 2037 Stoicorum
361 2000 563 2036 rationem
621 2012 797 2050 sequens
844 2005 886 2037 et
929 1998 1077 2037 Balbus
1123 1999 1302 2051 explicat
1349 2002 1401 2040 de
1447 2004 1543 2043 Nat.

80 2056 204 2093 Deor.
235 2054 283 2103 11,
316 2053 384 2094 31.
417 2054 482 2095 62.
520 2060 562 2093 61
593 2055 694 2094 Cato
726 2055 778 2094 (16
808 2056 903 2094 Fin.
937 2052 1018 2106 ΙΙΙ,
1048 2053 1110 2096 19.
1140 2055 1210 2098 64.
1278 2057 1388 2096 Uide
1420 2061 1543 2098 etiam

81 2111 133 2150 de
162 2112 269 2162 Rep.
302 2110 332 2160 1,
367 2110 431 2150 13.

191 2169 235 2205 si
268 2180 389 2205 nero
421 2167 618 2206 iisdem
651 2168 752 2219 cet.]
812 2167 968 2206 Ciuitas
991 2180 1072 2206 non
1098 2167 1229 2207 solum
1257 2167 1434 2221 legibnS,
1467 2173 1543 2212 sed

78 2224 202 2262 etiam
233 2225 538 2274 magistratibus
570 2226 816 2264 continetur.
880 2221 1025 2275 Itaque
1046 2238 1069 2262 a
1089 2224 1290 2264 Cicerone
1311 2226 1354 2264 id
1378 2227 1544 2279 adiungi

77 2284 217 2331 patet,
258 2279 388 2329 unde,
434 2281 467 2318 si
507 2293 652 2319 uerum
692 2283 772 2331 sit,
812 2280 913 2319 deos
956 2284 998 2318 et
1032 2281 1223 2319 homines
1255 2281 1383 2321 multo
1415 2287 1543 2335 magis

77 2336 263 2374 eiusdem
315 2348 409 2373 esse
455 2337 635 2376 ciuitatis
689 2338 851 2376 eluceat
892 2336 1016 2387 idque
1063 2349 1153 2375 eum
1206 2339 1409 2378 conficere
1458 2341 1544 2392 syl-

75 2390 252 2443 logismo
300 2392 582 2443 hypothetico.
662 2393 706 2430 ln
752 2406 829 2445 quo
879 2393 1074 2431 assumtio
1122 2396 1358 2432 continetur
1406 2399 1544 2435 uerbis

79 2452 277 2500 parent
307 2452 477 2486 autem
506 2471 561 2477 —
591 2451 937 2501 praepotenti
969 2448 1084 2500 deo,
1117 2449 1344 2488 absoluitur
1375 2445 1543 2492 conclu-

79 2505 140 2542 sio
179 2505 316 2543 uerbis
352 2507 405 2542 ut
443 2505 540 2542 iam
581 2527 633 2535 -
674 2505 1041 2546 existimanda.
1118 2503 1234 2560 (Non
1283 2507 1543 2549 intellectum

77 2560 123 2599 id
154 2566 242 2599 erat
273 2575 294 2599 a
322 2560 432 2599 Uict.
466 2561 614 2613 Steph.
652 2562 796 2601 Lamb.
831 2562 1040 2611 Ernestio,
1079 2566 1145 2613 qni
1185 2564 1289 2601 haec
1323 2576 1542 2616 expresse-

78 2621 202 2655 runt:
249 2619 292 2656 si
340 2629 461 2655 uero
508 2617 702 2656 iisdem
763 2620 1009 2670 imperiis
1067 2623 1120 2657 et
1170 2624 1543 2671 potestatibus

81 2678 298 2723 parent;
343 2672 510 2718 multo
557 2675 718 2712 etiam
771 2672 940 2728 (Steph.
970 2672 1090 2728 iam)
1131 2678 1299 2726 magis
1350 2684 1543 2728 parent

78 2727 198 2767 huic
235 2728 469 2769 caelesti
522 2730 910 2782 descriptioni,
958 2744 1035 2770 nec
1072 2733 1284 2783 perspexit
1325 2733 1543 2782 Matthiae,

78 2785 145 2834 qui
178 2787 218 2824 in
250 2786 373 2825 Misc.
406 2788 499 2826 crit.
532 2787 581 2826 11.
615 2787 651 2827 2.
682 2801 719 2839 p.
757 2787 850 2828 131.
892 2789 1000 2827 hanc
1031 2789 1306 2827 coniecturam
1336 2802 1545 2828 commen-
