1781 3192
208 161 299 201 502
780 163 849 200 Dis
881 162 1113 202 LEGIBUS

212 277 345 314 uitio
377 278 558 313 careat
590 272 740 312 ordo:
773 278 823 311 at
853 287 1126 314 censorem
1161 274 1669 332 quaeratinte'rpre-

212 338 339 381 tem,
371 334 550 381 itemque
593 331 826 368 Schuetzii:
874 332 1157 382 praeclara
1195 345 1318 370 uero
1362 357 1417 362 —
1456 333 1540 373 lex
1579 343 1681 386 est,

209 393 264 426 nt
305 389 438 425 uitio
477 392 659 424 careat
697 387 825 425 ordo
868 392 918 424 et
959 387 1065 426 late
1105 392 1272 439 patet,
1316 394 1368 427 ut
1399 403 1672 431 censorem

212 449 426 494 quaerat
456 445 819 494 interpretem
852 448 971 494 atque
996 445 1130 485 Bakii:
1161 445 1249 482 sed
1273 444 1668 497 laborabithoc,

211 505 261 536 ut
292 500 429 537 uitio
462 505 645 537 careat
677 500 799 538 ordo
841 507 892 538 et
931 514 1205 539 censorem
1249 509 1466 551 quaeret
1503 505 1671 543 inter-

206 559 421 607 pretem,
496 557 588 593 Mox
628 571 752 608 praua
796 557 901 595 dett.
943 558 1061 597 codd.
1102 561 1303 596 correctio
1345 564 1398 597 ut
1440 566 1491 599 et
1532 561 1670 600 uitio

211 617 307 662 post
345 613 454 654 Uict.
498 617 540 650 et
579 614 725 664 steph.
765 614 872 651 male
913 616 1081 664 probata
1134 619 1197 651 est
1234 628 1255 651 a
1295 615 1423 654 Lbino
1464 622 1507 654 et
1549 617 1670 657 Gzio.

208 669 396 720 Denique
424 671 499 707 sibi
531 670 784 719 respondere
809 682 981 707 necesse
1008 676 1071 708 est
1094 672 1216 708 uerba
1240 676 1291 708 et
1314 670 1424 710 late
1446 678 1596 724 patet
1616 697 1670 702 —

207 730 256 762 et
288 728 511 775 quaerit.
573 726 663 764 Hoc
687 728 812 776 igitur
842 732 1098 777 postremum
1134 733 1248 765 ret-te
1281 727 1331 765 de
1357 730 1541 767 'l‘urnebi
1571 744 1669 779 con-

206 783 361 820 iectura
405 788 654 834 receperunt
683 784 873 821 Moserus
920 788 961 821 et
993 783 1191 831 Orellius3
1238 785 1382 823 Bakius
1422 785 1530 836 quod
1571 799 1670 824 con-

206 843 445 876 sentaneum
488 844 575 877 erat
605 841 692 878 eius
725 841 987 878 coniecturae
1025 840 1318 890 laborabit,
1361 842 1666 881 commendauit

205 900 453 945 quaeret3
504 895 654 947 reliqui
702 898 965 934 retinuerunt
1016 897 1209 935 mendum
1263 904 1507 950 quaerat,
1544 899 1667 952 ,quod

207 954 404 1003 originem
440 954 564 990 traxit
595 966 643 991 ex
673 953 951 1005 praecedente
983 953 1182 1005 particula
1212 967 1234 991 ιι
1249 958 1278 993 1;.

321 1019 351 1070 ξ.
385 1016 482 1059 29ᾈ
516 1022 616 1059 etsi
652 1026 765 1059 tuus
799 1027 881 1060 est
912 1027 1057 1060 totus
1090 1022 1234 1072 ordo]
1298 1022 1418 1059 Hunc
1449 1024 1669 1061 uerborum

202 1074 386 1113 ordinem
432 1078 509 1114 iam
558 1091 578 1114 a
611 1077 719 1116 Uict.
756 1079 854 1116 Dan.
888 1079 1014 1117 Goer.
1049 1079 1147 1116 Sch.
1181 1079 1287 1116 Mos.
1320 1079 1391 1117 Or.
1432 1092 1667 1131 expressum

203 1138 244 1169 et
278 1131 490 1170 meliorum
525 1133 646 1172 codd.
681 1137 925 1173 auctoritate
969 1137 1251 1173 confirmatum
1290 1136 1495 1174 immerito
1524 1137 1668 1175 Bakius

202 1187 414 1239 deseruit,
458 1191 523 1239 qui
559 1204 605 1227 ex
637 1190 739 1230 dett.
774 1191 1012 1241 quibusdam
1047 1191 1164 1230 codd.
1201 1196 1242 1228 et
1274 1205 1322 1228 ex
1355 1198 1542 1230 correcto
1575 1192 1666 1232 cod.

202 1249 233 1286 A
272 1260 361 1285 cum
404 1246 547 1297 steph.
592 1251 633 1283 et
677 1248 812 1287 Lamb.
855 1249 1020 1298 scripsit
1061 1249 1166 1285 etsi
1214 1253 1333 1284 tuus
1387 1254 1535 1286 totus
1587 1255 1669 1287 est

202 1303 329 1342 ordo
381 1308 501 1352 atque
549 1304 719 1354 insuper
765 1303 895 1341 ordo
938 1317 958 1341 a
1001 1305 1267 1352 grammatico
1308 1317 1399 1342 esse
1437 1307 1666 1356 suspicatus

202 1364 280 1398 est.
340 1363 395 1397 At
425 1364 575 1397 totus
607 1363 649 1396 ut
679 1359 727 1396 ad
761 1362 884 1397 uerba
915 1362 1019 1396 etsi
1053 1369 1170 1396 tuus
1203 1363 1309 1407 est,
1350 1362 1407 1397 ita
1448 1363 1570 1399 etiam
1613 1363 1660 1400 ad

199 1427 426 1469 pronomen
458 1413 557 1452 ille
600 1417 782 1466 pertinet
823 1417 1041 1453 uerborum
1076 1415 1220 1452 ordine
1252 1414 1551 1466 implicatiore,
1590 1431 1667 1455 nec

201 1479 337 1511 tamen
371 1485 493 1510 nouo.
555 1472 675 1509 Unde
705 1474 785 1509 nim
820 1486 898 1509 non
931 1472 1098 1521 infringi
1135 1471 1284 1520 elucet,
1318 1484 1419 1521 quae
1444 1474 1577 1523 posita
1603 1478 1668 1511 est

200 1531 240 1568 in
290 1529 533 1581 pronomine
575 1532 713 1568 tuus.
755 1529 864 1570 Man,
906 1529 1006 1566 Ern.
1051 1529 1195 1579 ssagn.
1249 1529 1348 1565 etsi
1398 1534 1476 1566 est
1522 1534 1666 1568 totus

198 1591 317 1624 tuus
351 1585 489 1625 ordo.

310 1667 438 1706 pace
468 1657 517 1691 tu
533 1653 573 1704 a]
636 1654 780 1692 Gzium
813 1654 877 1704 qui
911 1654 1000 1691 sine
1034 1652 1115 1691 ulia
1147 1656 1309 1694 ratione
1351 1654 1497 1693 idonea
1534 1656 1665 1707 parti-

200 1710 331 1749 culam
365 1716 527 1749 tamen
564 1715 659 1748 ante
692 1724 820 1762 pace
852 1712 1014 1748 restitui
1052 1710 1197 1762 uoluit,
1239 1712 1346 1764 sugit
1384 1710 1524 1750 hercle
1567 1726 1665 1750 con-

199 1770 395 1806 cessiuam
431 1768 678 1805 sententiam
714 1768 976 1805 interiectam
1011 1780 1119 1808 esse.

313 1835 407 1873 sed
451 1836 605 1872 etiam
648 1835 859 1873 iudices
903 1849 1103 1886 omnes,
1144 1836 1187 1874 id
1237 1835 1345 1887 quod
1391 1837 1522 1875 maius
1576 1842 1663 1885 est3

199 1905 291 1930 nam
335 1892 492 1930 iudices
536 1891 589 1929 de
627 1892 840 1930 maleficiis
882 1898 1038 1931 tantum
1070 1893 1329 1944 iudicabant,
1363 1906 1555 1932 censores
1599 1892 1662 1931 uel

201 1950 301 1986 uitia
333 1951 543 1987 notabant.

311 2017 487 2060 ΧΙΙΙ,
557 2017 636 2067 qui
671 2030 802 2059 nunc
849 2018 989 2068 sunt]
1072 2019 1160 2067 Quo
1206 2019 1339 2056 minus
1389 2019 1492 2056 haec
1539 2018 1664 2056 uerba

202 2087 291 2111 cum
323 2073 447 2111 Bakio
478 2088 553 2125 pro
586 2075 954 2123 interpretamento
981 2076 1141 2125 possint
1171 2076 1329 2123 haberi,
1363 2074 1463 2112 ordo
1489 2074 1664 2125 impedit

199 2132 414 2167 uerborum
456 2129 791 2180 praecedentium
829 2130 908 2166 his
950 2130 1009 2167 de
1048 2131 1365 2168 hominibus.
1435 2131 1521 2167 Nisi
1564 2143 1661 2167 sen-

199 2188 371 2224 tentiam
406 2185 619 2224 relatiuam
653 2184 808 2222 addere
839 2184 1064 2234 uoluisset,
1096 2186 1237 2237 procul
1269 2187 1392 2224 dubio
1424 2187 1661 2237 scripsisset

197 2256 289 2281 nec
320 2242 382 2280 de
411 2242 494 2280 his
524 2242 850 2292 hominibus,
884 2243 1225 2292 quemadmodum
1259 2243 1426 2293 scripsit
1466 2241 1525 2280 de
1565 2243 1659 2280 hoc

200 2304 400 2337 senatu.
464 2300 618 2348 Quibus
650 2300 813 2336 omissis
854 2300 1049 2336 minuitur
1087 2302 1208 2338 etiam
1252 2300 1449 2337 orationis
1491 2300 1659 2337 concin-

198 2357 329 2405 nitas;
364 2355 621 2407 respondent
651 2356 757 2392 enim
791 2354 897 2393 illis:
928 2357 973 2393 si
1006 2357 1089 2406 qui
1119 2379 1175 2384 —
1207 2356 1502 2395 noluerint.

312 2423 604 2474 qnisquam]
666 2424 755 2461 Hoc
797 2424 944 2460 merito
983 2429 1079 2474 post
1115 2425 1226 2464 Uict.
1269 2425 1412 2462 Lamb.
1448 2424 1659 2463 Dauisium

199 2479 321 2519 codd.
355 2482 598 2518 auctoritate
628 2481 842 2518 reuocauit
865 2480 1024 2520 BakiuS.
1087 2482 1234 2533 Steph.
1258 2482 1367 2520 Man.
1391 2481 1491 2518 Ern.
1515 2480 1659 2531 Wagn-

199 2537 324 2579 Goer.
358 2538 448 2575 sine
476 2540 587 2576 iusta
617 2536 739 2575 codd.
775 2538 1020 2574 auctoritate
1061 2543 1104 2576 et
1142 2543 1284 2576 contra
1314 2536 1443 2576 Tullii
1483 2550 1658 2576 consue-

199 2592 386 2632 tudinem
420 2606 672 2645 umqnam3
712 2607 803 2631 nam
835 2594 894 2631 sic
926 2595 1200 2646 particeps
1243 2594 1489 2633 substantiui
1530 2595 1659 2632 instar

200 2656 338 2699 esset3
370 2651 478 2702 quod
509 2653 566 2689 ita
597 2655 711 2688 recte
742 2651 832 2688 fieri
864 2648 995 2701 solet,
1027 2652 1061 2688 si
1092 2664 1220 2702 genus
1250 2652 1459 2689 hominum
1499 2650 1656 2689 indica-

198 2713 291 2758 tur,
334 2711 378 2746 ut
417 2709 665 2760 sapiens,
702 2705 965 2758 prudens,
1007 2707 1166 2759 liber,
1204 2721 1284 2746 non
1324 2709 1382 2745 ita
1423 2712 1467 2745 ut
1507 2706 1657 2758 singuli

199 2763 386 2804 homines
443 2766 597 2804 uirtute
652 2763 786 2815 aliqua
834 2764 1013 2817 praediti
1063 2766 1369 2817 significentur3
1423 2777 1657 2816 umquam

1779 1390 1781 1438 4

1779 1439 1781 1490 1

1770 1500 1781 1568 εἴ

1780 1571 1781 1615 ι
