1781 3192
224 192 282 231 58
797 198 866 237 DE
897 199 1129 241 LEGIBUS

338 311 484 348 inter
526 308 724 359 omnes]
794 310 871 349 Aut
919 313 1063 353 inter
1110 327 1164 352 se
1212 320 1277 352 aut
1326 316 1468 356 inter
1512 332 1686 360 omnes

225 365 386 404 Tullius
427 364 608 402 scribere
646 366 798 416 potuit;
853 373 1068 421 utrumque
1111 372 1370 410 coniunctum
1411 387 1565 425 ponere
1609 392 1688 416 non

223 425 370 474 potuit.
423 421 477 459 Et
499 425 709 471 praestant
730 425 970 476 scripturam
999 429 1044 464 iu
1060 432 1140 465 ter
1159 439 1230 464 om
1247 440 1336 466 nes
1361 430 1525 470 codices
1546 446 1687 473 omnes

222 483 390 531 praeter
420 490 542 515 unum
573 477 665 516 cod.
697 479 745 528 A,
775 493 894 531 quem
936 488 1163 521 correctum
1207 496 1300 521 esse
1339 492 1465 537 patet.
1535 489 1686 528 Merito

221 538 349 585 igitur
372 536 614 585 scripturam
638 535 790 574 codicis
814 540 844 576 A
872 540 1029 586 (inter
1056 553 1106 577 se
1131 542 1344 591 omnes),
1376 557 1492 594 quam
1515 546 1554 583 in
1591 559 1686 584 uer-

222 594 362 630 borum
397 592 547 629 seriem
579 598 817 643 receperat,
849 596 888 632 in
920 598 1226 635 commentariis
1259 602 1499 638 retractauit
1524 602 1684 641 Bakiun.

219 648 365 688 Mendi
405 652 579 696 antem,-
608 648 713 699 quod
756 651 795 688 in
835 651 923 690 cod.
957 653 1067 691 arch.
1098 652 1201 702 fuit,
1248 654 1420 694 iustos
1453 655 1568 709 (nam
1601 661 1683 698 ius

218 707 337 755 hos,
369 704 475 756 quod
508 709 571 741 est
600 706 640 742 in
673 706 880 745 nonnullis
913 709 1030 748 codd.
1064 709 1354 761 deterioribus,
1388 713 1550 751 uidetur
1577 728 1683 754 noua

219 763 459 815 deprauatio
491 763 760 801 correctionis
793 764 913 803 hoes
945 767 972 803 i.
1006 779 1043 805 e.
1073 766 1259 804 homines
1285 765 1399 822 esse)
1432 769 1597 809 facilior
1619 776 1684 810 est

218 821 420 858 correctio
463 832 483 856 a
517 818 681 856 Dauisio
725 821 822 870 iam,
864 821 1073 873 Ernestio,
1116 822 1333 873 Wagnero,
1371 825 1491 864 isakio
1525 832 1683 866 tentata

215 879 291 915 ius
324 888 441 925 nos,
485 888 601 926 quam
646 876 890 928 Goerenzii,
932 879 1165 928 Schuetzii,
1198 880 1377 930 Moseri,
1422 882 1569 921 Orellii
1601 886 1679 922 ius

217 935 463 972 homiues.
526 932 728 971 Similiter
759 933 881 983 §.3:3.
913 937 1215 974 muneribus
1248 935 1457 976 deorum
1491 952 1578 978 nos
1610 942 1680 979 in-

214 996 452 1029 structos
496 1001 618 1027 esse
657 990 806 1030 dicit.
873 992 992 1042 Quod
1034 998 1167 1031 autem
1209 990 1391 1043 pluribus
1436 997 1574 1034 uerbis
1614 999 1680 1035 in-

212 1049 395 1086 teriectis
439 1060 460 1084 a
498 1047 630 1098 prima
667 1060 845 1098 persona
885 1050 1079 1087 transitus
1111 1050 1157 1087 fit
1189 1048 1238 1087 ad
1273 1052 1435 1089 tertiam
1471 1052 1677 1105 (quodsi

213 1105 446 1143 homines
476 1099 598 1156 cen),
631 1103 671 1142 id
704 1117 784 1142 non
817 1105 1047 1144 insolenter
1076 1106 1227 1144 factum
1262 1111 1338 1144 est.

329 1165 484 1211 atque
517 1160 689 1198 hocin
723 1161 878 1212 omni]
949 1160 1117 1211 Colligit
1156 1163 1327 1213 primum
1371 1176 1418 1201 ex
1457 1165 1531 1213 eis,
1576 1178 1676 1215 quae

212 1217 309 1256 inde
341 1232 361 1256 a
393 1219 425 1268 ᾗ.
460 1215 644 1257 29—32.
677 1216 729 1255 de
760 1218 970 1256 hominum
1002 1219 1111 1256 inter
1147 1220 1258 1269 ipsos
1300 1221 1502 1257 societate
1534 1221 1677 1272 dispu-

212 1276 341 1325 tauit,
374 1275 563 1312 homines
597 1273 646 1312 ad
684 1275 747 1312 ius
777 1276 887 1313 inter
916 1287 960 1312 se
994 1274 1372 1313 communicandum
1406 1282 1550 1314 natura
1584 1290 1677 1315 esse

208 1332 355 1370 factos.
428 1330 647 1378 (Similiter
687 1331 739 1368 de
774 1333 865 1372 Fin.
907 1331 980 1381 ΙΙΙ,
1021 1331 1091 1372 20.
1122 1331 1192 1372 66.
1226 1344 1274 1369 ex
1313 1330 1424 1370 ciuili
1465 1333 1674 1372 hominum

210 1389 502 1426 communitate
549 1391 754 1438 tamquam
810 1401 858 1426 ex
906 1388 1024 1426 fonte
1068 1389 1267 1426 iustitiam
1317 1388 1416 1427 Cato
1465 1387 1673 1444 repetiit).

208 1445 333 1483 Addit
374 1444 524 1482 deinde
566 1444 642 1481 hoc
683 1445 760 1494 ius,
804 1444 853 1482 ad
905 1442 1012 1495 quod
1061 1445 1172 1482 inter
1210 1457 1254 1481 se
1291 1447 1672 1484 communicandum

206 1503 292 1540 nati
323 1503 405 1539 sint
434 1501 641 1549 homines,
673 1506 818 1539 natura
847 1513 956 1550 esse,
997 1500 1037 1538 id
1072 1499 1180 1551 quod
1212 1502 1251 1538 in
1283 1501 1359 1539 hac
1388 1503 1496 1539 omni
1529 1502 1672 1554 dispu-

207 1561 366 1597 tatione
407 1559 464 1595 sic
500 1555 675 1607 intelligi
716 1557 837 1607 uelit3
890 1570 980 1595 nam
1022 1563 1181 1608 atque
1231 1556 1430 1608 particula
1477 1560 1672 1597 orationis

205 1628 466 1667 progressum
500 1613 671 1662 indicat,
705 1619 750 1652 ut
779 1614 887 1652 male
911 1614 1036 1657 Goer.
1060 1614 1168 1652 Mos.
1195 1614 1266 1652 Or.
1293 1614 1395 1652 haec
1418 1627 1490 1665 pro
1522 1628 1670 1666 paren-

204 1673 313 1710 thesi
355 1672 548 1710 habuisse
589 1670 824 1710 uideantur.
886 1671 993 1709 Tum
1035 1671 1131 1709 huic
1163 1672 1395 1708 sententiae
1424 1672 1670 1710 homines

202 1730 379 1768 factos
413 1740 533 1766 esse
566 1726 621 1765 ad
653 1729 751 1778 ius,
784 1727 914 1779 quod
947 1733 1132 1766 natura
1166 1728 1259 1777 sit,
1288 1728 1432 1765 inter
1462 1741 1513 1765 se
1537 1741 1669 1766 com-

202 1784 570 1824 municandum
623 1787 772 1836 opponi
818 1786 1001 1836 oportuit
1041 1785 1167 1823 hanc:
1218 1782 1322 1821 mala
1372 1783 1669 1822 consuetudine

202 1856 272 1882 eos
305 1857 326 1881 a
356 1847 498 1881 natura
530 1840 700 1891 abduci,
742 1847 787 1880 ut
828 1843 925 1879 uitia
967 1846 1188 1892 sequantur
1216 1842 1419 1879 contraria
1451 1842 1669 1878 uirtutibus

201 1901 283 1950 eis,
330 1912 496 1950 quarum
541 1897 708 1948 igniculi
742 1900 859 1937 nobis
902 1912 924 1936 a
959 1903 1106 1936 natura
1144 1897 1228 1935 dati
1270 1898 1367 1935 sint.
1445 1896 1528 1935 Sed
1576 1909 1666 1934 cum

199 1957 474 1995 Romanorum
508 1968 621 1993 more
654 1968 703 1993 ex
735 1957 956 2005 sententia,
990 1967 1091 2006 quae
1122 1959 1263 1992 nostro
1295 1966 1409 1991 more
1449 1954 1669 2005 primariae

200 2015 435 2051 sententiae
475 2013 832 2063 interponeretur,
877 2013 1079 2050 iunxisset
1118 2011 1276 2062 reliqua
1316 2007 1472 2064 (ueluti
1511 2010 1590 2048 Off.
1632 2006 1667 2060 I,

202 2071 270 2110 15.
302 2068 372 2109 48.
405 2068 590 2120 quodsi
625 2081 705 2117 ea,
738 2083 863 2119 quae
897 2068 1087 2107 utenda
1119 2068 1426 2118 acceperiS,
1467 2068 1666 2104 maiore

198 2138 465 2175 mensura,
510 2125 552 2162 si
593 2124 738 2162 modo
781 2126 984 2176 possiS,
1028 2126 1178 2162 iubet
1217 2122 1441 2160 reddere
1480 2123 1666 2161 Hesio-

198 2182 294 2221 dus
323 2205 376 2210 —-
408 2183 437 2220 i.
468 2193 506 2218 e.
539 2180 697 2230 quodsi,
731 2186 774 2220 ut
805 2183 919 2219 iubet
940 2179 1162 2229 Hesiodus,
1185 2179 1365 2217 reddere
1389 2178 1586 2217 debemus
1610 2201 1666 2206 —

198 2238 442 2290 quidnam
495 2237 763 2275 beneficio
806 2238 1087 2289 prouocati
1140 2239 1321 2274 facere
1367 2233 1664 2285 debemus),

195 2296 299 2334 hanc
330 2307 489 2346 quoque
521 2306 637 2343 quam
670 2296 819 2345 opponi
855 2295 1035 2345 oportuit
1066 2293 1311 2331 sententiam
1348 2304 1394 2329 ex
1425 2292 1567 2329 eadem
1594 2291 1664 2329 illa

195 2353 403 2390 sententia
433 2351 574 2389 iunxit.
635 2350 758 2402 Lapsi
792 2353 915 2401 igitur
955 2355 1052 2388 sunt
1082 2350 1239 2387 Manut.
1284 2354 1326 2386 et
1356 2348 1481 2399 wytt.
1527 2350 1662 2386 uerbis

196 2407 332 2459 quod
362 2407 524 2446 dicam
567 2407 607 2444 in
648 2409 922 2458 suspicionem
974 2408 1154 2455 uocatis3
1202 2407 1383 2456 itemque
1424 2404 1545 2444 facile
1586 2405 1663 2442 hoc

193 2466 442 2516 perspicitur
471 2462 673 2501 excidisse
705 2477 879 2514 nomen,
914 2477 991 2515 quo
1025 2463 1065 2500 id
1098 2461 1344 2514 appelletur,
1378 2461 1485 2512 quod
1518 2467 1661 2499 natura

196 2533 289 2559 esse
330 2519 507 2571 intelligi
549 2519 650 2558 uelit
691 2519 766 2571 (cf.
814 2520 866 2558 de
905 2522 999 2559 Fin.
1043 2520 1111 2569 ΙΙΙ,
1151 2519 1218 2558 21.
1256 2516 1361 2571 71),
1406 2524 1450 2556 ut
1488 2517 1659 2555 Pearcio

196 2590 363 2615 suasore
395 2575 529 2630 (idem
560 2576 639 2614 iam
673 2584 767 2615 ante
799 2578 953 2615 Lbinus
988 2579 1028 2615 in
1062 2589 1188 2626 marg.
1224 2575 1324 2613 edit.
1366 2574 1486 2614 1581.
1519 2574 1659 2610 conie-

195 2639 308 2672 cerat
339 2638 497 2671 temere
528 2637 665 2671 tamen
701 2635 865 2672 mutatis
898 2635 1038 2672 uerbis
1070 2632 1205 2684 quod
1237 2632 1431 2680 dicam,
1463 2642 1536 2681 pro
1569 2631 1659 2680 qui-

196 2692 269 2729 bus
301 2688 608 2727 commendauit
646 2690 696 2728 id
739 2691 872 2742 quod
912 2687 1056 2743 dico)
1097 2688 1348 2739 Wagner-us,
1381 2687 1655 2735 Goerenzius,

193 2745 340 2797 reliqui
386 2747 466 2784 ius
510 2750 605 2797 post
659 2746 774 2785 uolo
819 2749 1094 2785 restituerint.
1173 2745 1319 2781 Parum
1366 2748 1477 2781 recte
1527 2755 1659 2794 nuper

190 2803 409 2855 Zumptius
450 2803 630 2843 coniecit
668 2803 944 2856 intelligi,
985 2816 1081 2854 quo
1131 2801 1192 2839 de
1236 2800 1424 2849 dicam,
1473 2804 1656 2838 natura
