1781 3192
432 203 591 242 Lissfflz
618 202 842 240 I‘le'S.
892 201 991 242 Cap.
1027 201 1134 240 xix.
1460 198 1520 236 93

55 317 307 369 deteriorum
333 314 517 354 codicum
542 315 838 352 correctionem
875 328 927 351 ae
956 314 1113 352 nimis
1142 314 1363 350 istorum
1398 311 1519 361 Gzio,

52 374 236 423 Mosero,
271 371 427 409 Orellio
466 373 675 423 probatam
720 370 848 415 (unde
880 372 1019 408 nescio
1061 369 1264 420 quomodo
1305 368 1521 418 Znniptins

54 431 195 468 ell'evit
234 434 284 466 at
327 430 502 473 niniis)
546 433 588 465 et
627 427 826 475 Ernestii,
869 427 1077 476 Wagneri,
1111 426 1319 464 Schuetzii
1352 422 1522 473 conglu-

55 489 222 525 tinatam
256 486 496 535 scripturam
531 497 582 521 ac
614 496 684 520 me
718 485 874 520 nimis
909 490 949 520 et
981 486 1256 521 coniecturam
1290 495 1310 518 a
1336 482 1520 519 Manutio

56 556 99 581 ac
131 543 327 580 Lanibino
361 554 593 591 expressam
628 553 682 576 ae
716 553 790 576 ine
822 541 1074 578 nimirum.
1134 541 1221 577 Nec
1260 551 1357 575 nero
1388 539 1521 575 minus

56 602 134 637 hoc
177 603 346 648 apparet
386 599 461 634 iam
506 599 542 634 in
587 596 681 634 cod.
721 596 831 633 arch.
866 595 969 633 111111(Ᾱ
1009 601 1208 634 tentatam
1252 608 1345 631 esse
1385 607 1523 631 corre-

57 656 232 693 ctioneni
268 654 371 690 hane
405 655 490 703 qni
525 651 724 690 nullum
760 652 1012 690 iudiciuin
1045 653 1219 689 uitare
1254 651 1355 687 nisi
1387 651 1523 687 nitio

55 714 171 763 ipso
204 708 473 746 multatum
509 715 713 760 putant.
775 710 874 746 Nam
908 708 1009 746 nihil
1042 710 1235 759 Epicurei
1281 706 1331 743 de
1373 706 1524 743 indicio

56 780 134 806 non
169 766 335 804 nitando
369 766 570 803 (licebant.
636 766 831 802 Dicebant
876 779 971 802 nero
1014 770 1158 815 suapte
1197 765 1234 801 ni
1267 776 1345 800 nec
1385 762 1522 813 appeti

59 826 231 862 uirtutes
273 835 349 859 nec
392 824 489 859 uitia
522 824 657 871 uitari,
692 822 765 859 sed
798 828 969 873 propter
1001 821 1147 859 danina
1171 827 1238 858 aut
1263 820 1525 856 detrimenta.

59 879 164 917 Uide
196 879 331 923 (1.51.
366 878 416 915 de
451 880 541 916 hin.
578 879 607 926 Ι,
641 894 676 915 ‹·.
714 878 776 917 13.
809 879 933 915 Tusc.
967 874 1024 928 Il,
1065 879 1126 917 12.
1160 878 1228 917 22⁸5.
1264 876 1381 926 Diog.
1406 876 1451 913 L.
1478 875 1526 922 X,

60 936 156 976 1:31.
220 936 395 972 'l'entata
429 941 492 972 ‹·st
534 936 609 971 ista
651 936 852 972 correctio
893 936 940 972 ab
982 948 1054 983 eo,
1098 935 1158 972 cui
1199 938 1370 985 propter
1405 933 1531 969 uerba

59 998 153 1029 ante
186 993 316 1040 posita
350 991 676 1028 inl'ainiaene
709 998 846 1028 metu
882 1014 933 1019 ——
964 992 1311 1039 iudiciorum,
1353 1002 1441 1026 cum
1476 988 1528 1025 de

58 1049 251 1086 infamiae
285 1053 397 1084 metu
431 1049 586 1085 dietum
622 1053 748 1096 esset,
783 1048 833 1085 de
866 1052 977 1085 metu
1022 1046 1262 1084 iudiciorum
1308 1046 1527 1083 dicendum

59 1118 152 1142 esse
186 1103 408 1142 uideretur.
472 1103 553 1139 Sed
595 1115 670 1152 pro
704 1104 803 1151 hac,
843 1117 944 1152 quae
988 1104 1037 1140 ad
1077 1102 1163 1140 sola
1203 1103 1356 1141 indicia
1394 1103 1528 1153 perti-

58 1164 204 1209 neret,
245 1159 453 1196 sententia
486 1159 697 1195 substituit
728 1158 1026 1209 Epicureorum
1059 1162 1307 1197 sententiam
1342 1158 1395 1196 de
1428 1159 1531 1196 nitio

57 1222 276 1269 propterea
307 1214 526 1265 fugiendo,
570 1215 662 1264 qnia
701 1215 851 1252 malum
884 1215 980 1253 inde
1013 1221 1199 1265 emanet3
1244 1227 1441 1265 eamque,
1487 1217 1531 1251 nt

57 1275 110 1311 de
142 1274 235 1310 Fin.
269 1272 318 1321 ll,
356 1270 421 1311 19.
455 1270 521 1311 60.
555 1270 654 1308 ibid.
683 1271 751 1320 22,
787 1270 852 1311 73.
887 1272 937 1309 ad
968 1272 1265 1324 impudicitiam
1299 1269 1528 1319 transtulit,

58 1330 102 1368 id
134 1328 243 1380 quod
274 1327 508 1366 luculenter
538 1328 790 1378 perspicitur
819 1341 867 1366 ex
897 1329 971 1379 iis,
1013 1342 1115 1379 quae
1155 1328 1307 1367 deinde
1340 1329 1391 1367 ad
1422 1329 1529 1366 hune

59 1387 357 1437 Epicureorum
392 1397 573 1422 errorem
604 1383 939 1434 redarguendum
975 1385 1258 1423 disseruntur:
1304 1399 1406 1436 qnae
1439 1385 1530 1435 qni-

61 1443 154 1480 dem
192 1454 240 1478 eo
273 1441 471 1490 tendunt,
514 1444 558 1477 nt
600 1441 760 1478 etiamsi
804 1442 892 1491 quis
928 1455 977 1479 ex
1010 1442 1266 1493 impudicitia
1297 1441 1402 1480 nihil
1434 1438 1530 1478 mali

63 1499 211 1548 capiat,
245 1501 381 1533 tamen
414 1509 504 1533 enm
537 1509 615 1533 non
644 1496 835 1546 pudicum
870 1511 963 1535 esse
1003 1498 1324 1538 demonstretur.
1388 1495 1533 1548 ltaque

61 1567 114 1592 ne
154 1566 262 1591 nunc
302 1552 464 1602 quidem
510 1565 577 1590 me
620 1554 807 1603 poenitet
849 1556 1109 1593 coniecturae
1143 1557 1182 1593 in
1214 1555 1358 1593 eodem
1391 1567 1530 1606 progr.

61 1625 103 1662 p.
143 1609 495 1659 13.‚pr0positae:
538 1609 617 1659 qni
660 1608 856 1647 nullum
899 1612 1218 1661 impudicum
1257 1613 1364 1649 nisi
1399 1611 1530 1649 uitio

62 1669 183 1717 ipso
221 1664 502 1703 multatum
534 1669 748 1715 putant,
783 1667 810 1703 i.
845 1679 880 1705 e.
914 1669 982 1718 qni
1015 1681 1105 1706 eum
1150 1674 1335 1718 tantuin,
1376 1670 1442 1719 qni
1484 1679 1531 1704 ex

64 1725 154 1773 ipsa
186 1721 440 1772 impudicitia
472 1721 608 1758 damni
643 1721 737 1770 qnid
771 1725 943 1773 ceperit,
983 1737 1063 1762 non
1098 1737 1206 1774 enm,
1237 1726 1301 1776 qni
1335 1723 1532 1776 impudici

62 1780 116 1817 sit
157 1779 313 1825 animi,
365 1777 505 1815 damni
558 1782 694 1814 antem
745 1777 842 1816 inde
893 1782 1053 1832 ceperit
1099 1781 1231 1831 nihil,
1279 1782 1530 1833 impudicum

62 1840 223 1887 putant.
285 1833 505 1871 Multari
550 1832 616 1870 nel
648 1833 902 1873 mulctari
940 1850 1020 1874 non
1063 1850 1153 1875 raro
1197 1840 1254 1876 ita
1293 1843 1532 1889 usurpatur,

65 1896 108 1929 nt
138 1903 217 1927 non
251 1889 426 1926 addatur
455 1902 603 1940 poena,
637 1902 713 1938 qua
745 1892 833 1939 quis
867 1892 1086 1944 afficiatur,
1130 1895 1205 1932 sed
1243 1908 1325 1943 res,
1370 1909 1416 1933 ex
1456 1907 1533 1944 qua

65 1948 154 1997 quis
187 1945 378 1983 damnum
412 1947 556 1997 capiat.
620 1945 705 1983 Cic.
748 1946 846 1985 Rab.
888 1948 1003 1986 Post.
1054 1951 1090 1999 1,
1134 1952 1174 1991 2.
1212 1951 1261 1988 ad
1306 1952 1419 1990 Fam.
1462 1949 1530 1998 Vl,

67 2005 106 2043 7.
144 2003 176 2041 1.
239 2002 363 2039 Certe
402 2015 481 2040 non
525 2003 659 2053 reperi
701 2004 979 2043 coniecturam
1011 2008 1344 2057 probabiliorem.
1407 2008 1532 2045 Com-

67 2071 293 2097 memorare
332 2064 467 2096 tamen
505 2065 673 2109 praeter
712 2058 918 2109 uulgatum
959 2064 1062 2112 (qni
1102 2063 1301 2103 nullum
1345 2065 1530 2102 uitium

65 2116 238 2154 uitare
287 2115 393 2152 nisi
445 2116 654 2153 iudicio
704 2116 818 2166 ipso
874 2123 1114 2158 notatum
1167 2125 1369 2172 putant)
1422 2123 1533 2159 iuuat

63 2173 318 2209 coniecturas
352 2172 593 2209 Goerenzii:
628 2174 709 2221 qni
742 2171 939 2212 nullum
973 2177 1161 2215 uitium
1192 2179 1295 2215 nisi
1326 2177 1529 2217 indicio

63 2230 176 2279 ipso
205 2232 438 2266 notatum
471 2233 679 2279 putant3
712 2228 851 2268 Bakii:
894 2232 977 2282 qni
1014 2232 1216 2271 nullum
1249 2233 1529 2286 flagitium

64 2286 113 2322 in
156 2285 366 2334 uerbis,
416 2286 520 2322 nisi
560 2286 750 2323 uitium
794 2287 958 2338 ipsum
1003 2290 1278 2329 uitandum
1316 2296 1531 2344 pntant3

62 2341 285 2389 Maduigii:
318 2342 403 2390 qui
427 2341 591 2379 ullum
621 2342 872 2380 indicium
893 2347 1229 2395 pertinacius
1255 2349 1388 2387 nitio
1414 2350 1530 2400 ipso

64 2397 342 2435 uitandum
374 2402 584 2448 putant3
621 2397 773 2436 Ilalmii
814 2401 855 2437 in
889 2402 1082 2440 Schneid.
1117 2404 1229 2443 Phil.
1263 2401 1292 2443 I.
1334 2419 1375 2456 p.
1416 2406 1529 2444 175:

65 2456 146 2505 qni
189 2452 350 2491 ullum
391 2455 580 2493 uitium
630 2456 799 2493 uitari
844 2458 946 2495 nisi
994 2461 1129 2498 nitio
1182 2463 1295 2512 ipso
1339 2467 1530 2499 mutato

64 2516 280 2563 putant3
340 2511 499 2548 Kl‘allssii
540 2513 579 2549 in
620 2524 759 2562 Progr-
803 2527 846 2564 p-
882 2515 930 2555 5:
976 2518 1060 2567 qui
1107 2517 1302 2557 nulium
1350 2521 1532 2557 uitium

63 2569 261 2606 uitiare
293 2568 399 2605 nisi
434 2568 637 2606 indicio
669 2570 784 2620 ipso
815 2576 1049 2611 notatum
1077 2579 1279 2625 putant.

177 2625 210 2674 ξ.
251 2623 320 2663 51.
392 2637 413 2661 a
453 2625 656 2676 stupro]
734 2625 838 2664 Post
881 2628 1125 2669 Lambinum
1174 2633 1529 2684 praepositionem

67 2677 315 2774 ‹ll3etkcrior1nn
348 2688 711 2774 clorrectornmque
742 2683 929 2723 codicum
962 2689 1208 2727 auctoritate
1239 2703 1382 2742 parum
1414 2695 1530 2729 recte

105 2749 125 2773 a
155 2737 215 2774 ius
247 2742 361 2776 sustu
384 2739 427 2775 it.

182 2794 223 2830 si
247 2815 296 2822 —
322 2796 644 2846 recesseris]
707 2797 982 2838 Recedere
1013 2814 1034 2838 a
1066 2805 1250 2840 natura
1281 2804 1384 2852 rei,
1425 2801 1531 2853 qnod
