1781 3192
389 206 542 245 {ABER
577 204 877 243 SECUNDUS.
930 199 1026 243 (λιν,
1067 202 1189 242 ΧΧΙΙ.
1335 221 1340 226 ·
1428 200 1515 239 223

61 334 136 361 nec
168 318 369 372 publicae.
430 319 575 355 Parum
609 321 723 354 recte
759 315 904 352 Bakius
933 329 1020 354 cum
1056 315 1144 354 aliis
1174 315 1274 352 haec
1303 314 1362 351 sic
1385 314 1515 350 inter-

62 382 264 430 pretatur,
297 375 420 413 serias
455 373 543 411 illas
576 375 631 410 ita
664 371 940 409 instituendas
982 372 1138 421 fuisse,
1183 376 1226 409 ut
1263 382 1396 420 neque
1428 370 1515 406 eius

62 432 260 481 familiae,
292 443 392 481 quae
414 435 568 479 ageret,
595 429 784 479 propriae
809 433 966 477 essent,
999 441 1133 478 neque
1154 433 1289 465 tamen
1315 422 1516 477 publicae,

63 489 138 528 sed
179 488 357 525 omnium
404 486 654 523 sunestarum
695 482 938 520 familiarum
978 497 1229 522 communeS.
1296 483 1382 520 Nec
1419 493 1517 533 pru·

64 546 227 583 dentius
268 542 454 592 profecto
495 540 702 590 Wyttenh.
742 540 938 587 cogitauit
983 540 1033 577 de
1083 541 1197 578 feriis
1245 541 1288 577 in
1332 550 1516 576 mensem

63 599 325 640 Februarium
360 596 641 644 conserendis,
675 607 751 645 quo
785 596 969 633 omnibus
1002 598 1174 634 mortuis
1214 599 1517 646 parentaretur.

63 657 128 694 cf.
161 666 263 704 quae
295 652 415 690 modo
448 652 545 690 dixi.
607 652 790 689 Effectus
824 652 1091 701 significatio,
1123 664 1224 702 quae
1256 653 1293 689 in
1327 654 1432 701 part.
1467 656 1519 688 ut

63 713 185 759 inest,
217 714 309 760 post
344 722 461 759 pron.
497 708 721 746 demonstr.
756 708 909 757 optime
941 720 985 745 se
1020 709 1159 757 habet,
1192 712 1234 745 ut
1264 719 1343 744 non
1372 718 1519 744 neces-

65 767 171 804 saria
203 766 256 802 sit
284 767 487 802 correctio
520 778 542 814 q
557 765 708 801 uibus
741 776 762 800 a
788 763 918 801 Turn.
945 764 1055 802 Man.
1078 765 1221 802 Lamb.
1247 764 1348 801 Ern.
1371 762 1515 812 Wagn.

63 826 246 871 recepta.
310 820 375 858 cf.
410 820 439 858 1.
469 821 502 871 ξ.
536 820 604 859 37.
666 817 755 857 ΛΙίο
787 820 910 856 etium
943 822 1107 858 nomine
1139 817 1421 871 uituperabilis
1454 823 1520 856 est

65 878 220 917 Dauisii
254 879 485 914 coniectura
518 877 618 914 ubi.
681 875 844 924 Gzium,
878 877 943 926 qui
976 876 1188 914 meliorum
1222 875 1343 914 codd.
1368 874 1518 913 mendo

65 938 119 972 ut
149 945 210 970 ne
243 933 415 983 ipsius
448 937 640 983 suscepto
674 932 908 982 scripsitut
930 945 989 970 ne
1014 934 1175 983 ipsius
1196 944 1328 970 neue
1349 930 1520 983 publi-

63 1002 152 1029 cae
194 988 374 1026 feriae
416 990 552 1037 sint,
592 988 713 1025 latuit
751 1000 830 1024 uon
873 991 1033 1038 caueri,
1076 1001 1128 1026 ne
1171 990 1253 1025 sint
1290 989 1419 1038 ipsius
1452 991 1520 1025 aut

60 1043 250 1098 publicae
290 1045 417 1081 seriae
460 1042 687 1097 (quomodo
730 1045 836 1080 enim
880 1044 957 1081 hoc
999 1046 1135 1082 caueri
1181 1041 1398 1096 potuit?),
1446 1041 1521 1080 sed

11 1127 13 1129 -
61 1103 141 1140 hoc
179 1101 341 1149 caueri,
394 1113 445 1137 ne
487 1100 752 1138 conserantur
792 1100 832 1136 in
875 1099 964 1137 dies
1005 1113 1098 1149 eos,
1150 1101 1292 1149 quihus
1332 1101 1411 1136 iam
1452 1102 1520 1137 aut

63 1160 190 1209 ipsius
231 1156 361 1194 seriae
401 1158 483 1193 sint
519 1161 587 1193 aut
618 1153 818 1206 publicae.
879 1155 1038 1193 Deinde
1070 1157 1184 1205 ipse
1213 1167 1439 1205 pronomen
1471 1153 1521 1192 ad

63 1213 318 1252 indefinitam
351 1213 508 1262 agentis
538 1223 754 1262 personam
791 1210 937 1248 referri
970 1213 1245 1249 notissimum.
1315 1211 1380 1249 Cf.
1419 1223 1523 1261 quae

65 1270 146 1308 dixi
179 1269 209 1308 1.
243 1268 277 1319 §0
310 1267 380 1308 56.
440 1269 627 1318 Denique
658 1279 738 1304 non
773 1271 882 1316 erat,
926 1281 998 1305 cur
1035 1268 1176 1306 Lamb.
1221 1271 1264 1305 et
1292 1267 1441 1306 Bakius
1479 1268 1520 1304 in

62 1327 138 1365 hac
184 1324 367 1375 generali
417 1326 623 1362 sententia
672 1322 767 1360 addi
818 1322 974 1362 uellent
1015 1324 1202 1377 copulam
1244 1322 1350 1378 (ius
1392 1321 1520 1377 est)3

64 1395 142 1433 qua
173 1382 324 1418 omissa
355 1381 577 1431 praedicati
610 1382 671 1418 uis
704 1384 886 1430 augetur.

180 1449 307 1487 quae
348 1437 478 1474 finis
518 1436 620 1486 cet]
691 1436 780 1472 Non
830 1450 930 1488 opus
972 1443 1036 1476 est
1075 1438 1333 1477 correctione
1372 1436 1456 1486 qui
1501 1448 1522 1474 a

65 1494 179 1533 Man.
212 1497 254 1530 et
283 1493 430 1530 Rathio
464 1491 765 1531 commendata.
828 1494 963 1542 Quae
1006 1495 1136 1532 finis
1180 1498 1244 1531 est
1285 1492 1393 1544 apud
1433 1493 1520 1531 Cic.

66 1551 116 1588 ad
144 1551 229 1587 Att.
264 1548 333 1597 lX,
372 1550 436 1588 10.
470 1548 509 1588 4.
571 1549 672 1586 Hor.
704 1547 838 1599 Epod.
874 1550 996 1600 xvii,
1029 1550 1097 1591 36.
1160 1551 1249 1588 Liu.
1290 1549 1414 1598 XXII,
1451 1549 1520 1589 57.

65 1605 260 1655 idemque
292 1605 474 1642 eiusdem
506 1605 680 1642 nominis
712 1615 840 1653 genus
870 1607 1012 1657 optimi
1047 1605 1170 1645 codd.
1208 1611 1377 1644 tuentur
1416 1604 1521 1657 apud

65 1663 150 1701 Cic.
185 1660 235 1698 ad
267 1660 382 1699 Fam.
412 1661 499 1710 ΧΠ,
537 1660 574 1700 1.
612 1660 647 1700 1.
683 1660 732 1709 Χ,
765 1659 834 1701 32.
863 1662 903 1702 5.
944 1663 1032 1701 Liu.
1066 1663 1135 1712 IV,
1176 1663 1216 1702 2.
1286 1663 1523 1700 Funesta

65 1715 267 1756 familia
307 1722 395 1755 erat
435 1730 480 1754 ea
505 1744 518 1766 ,
566 1728 669 1767 quae
711 1717 858 1755 sunere
902 1717 1060 1769 polluta
1101 1724 1209 1756 erat:
1258 1730 1359 1768 quae
1400 1717 1524 1755 desiit

66 1775 232 1812 funesta
268 1785 360 1810 esse
396 1778 555 1811 mortuo
597 1774 762 1811 humato
804 1778 845 1811 et
882 1775 1000 1812 iustis
1039 1776 1117 1813 rite
1158 1776 1337 1825 peractis
1383 1773 1522 1822 (Varr-

66 1830 115 1868 L.
149 1830 197 1867 1..
234 1828 280 1877 V,
315 1830 349 1878 ᾗ.
381 1828 449 1869 23.
484 1829 550 1867 ed.
582 1827 768 1876 Muell.);
808 1829 851 1866 id
883 1830 986 1880 quod
1020 1844 1165 1869 nouem
1197 1830 1355 1869 dierum
1390 1830 1523 1881 spatio

70 1885 234 1924 uidetur
266 1884 417 1923 factum
453 1897 561 1923 esse.
622 1885 686 1923 Cf.
720 1881 823 1923 lust.
856 1886 960 1925 Nou.
997 1887 1090 1927 115.
1123 1900 1156 1924 c.
1183 1886 1224 1927 5.
1257 1887 1523 1924 sancimus

68 1943 274 1992 itaque,
306 1939 442 1979 nulli
479 1941 697 1993 penitus
726 1953 843 1978 esse
873 1941 1155 1981 licentiam
1186 1948 1273 1980 aut
1294 1940 1524 1980 heredes

69 2002 155 2035 aut
185 2002 442 2048 parentes
482 2001 566 2035 aut
605 1996 810 2034 liberos
849 2019 903 2025 -—-
939 2004 1060 2036 ante
1100 2011 1283 2036 nouem
1323 1997 1523 2036 dierum

69 2054 310 2104 spatium,
342 2046 392 2091 in
426 2054 611 2102 quibus
646 2052 893 2091 uidentur
918 2052 1120 2104 lugere,
1161 2052 1526 2092 conueniendi

70 2114 155 2146 aut
185 2120 495 2158 quocunque
526 2106 674 2146 modo
704 2109 1045 2158 inquietandi
1077 2116 1162 2148 aut
1193 2111 1242 2147 in
1271 2110 1524 2148 iudicium

71 2163 308 2203 uocandi.
367 2163 529 2202 Deinde
558 2162 872 2214 intelligendum
903 2165 982 2203 hoc
1006 2170 1085 2216 est,
1118 2167 1251 2203 omnia
1274 2164 1369 2204 illa:
1401 2177 1527 2216 quae

69 2220 210 2258 finis
251 2241 306 2248 -—
342 2219 611 2270 religione
644 2224 895 2259 teneatur
931 2222 1060 2259 tribus
1101 2221 1312 2260 ordinibus
1344 2223 1402 2260 ita
1430 2233 1528 2259 con-

74 2281 204 2325 stare,
245 2280 288 2313 ut
315 2275 464 2326 singuli
496 2276 660 2314 ordines
694 2277 798 2314 binis
821 2279 1042 2315 sententiis
1066 2280 1368 2317 contineantur.
1410 2276 1529 2326 Quod

69 2334 104 2371 si
132 2333 189 2369 ita
220 2336 300 2380 est,
332 2331 434 2369 fiat
464 2345 545 2369 non
574 2331 694 2370 modo
726 2332 777 2369 ad
815 2333 917 2371 haec
959 2333 1093 2384 quod
1133 2336 1215 2372 ius
1256 2333 1528 2373 sacrificii

68 2388 216 2437 Lari,
250 2398 391 2425 uerum
425 2389 546 2426 etiam
580 2387 631 2425 ad
661 2386 732 2426 illa
773 2402 901 2439 quae
932 2389 1064 2427 finis
1095 2390 1348 2429 funestae
1379 2389 1528 2427 fami-

69 2443 185 2482 liae
230 2445 428 2494 pertinet.
498 2442 620 2483 Unde
670 2446 856 2494 sequitur
905 2444 1142 2484 familiae
1180 2459 1261 2484 non
1302 2446 1529 2497 genitiuum

71 2512 191 2549 esse,
233 2498 309 2537 sed
350 2498 556 2549 datiuum,
598 2501 664 2551 qui
703 2502 892 2551 sequenti
934 2501 1071 2540 datiuo
1104 2503 1225 2541 Lari
1264 2500 1529 2553 respondeat.

73 2556 143 2595 Sic
175 2556 283 2593 enim
316 2568 404 2593 cum
437 2555 568 2593 Lbino
604 2562 647 2593 et
675 2556 778 2594 Gzio
810 2557 1070 2596 scribendum
1100 2560 1255 2610 putaui,
1287 2570 1378 2597 cum
1408 2555 1529 2596 codd.

14 2619 242 2666 somnes,
275 2610 319 2648 id
357 2611 464 2661 quod
504 2612 545 2649 in
588 2616 727 2650 annot.
764 2614 852 2651 crit.
896 2618 1040 2652 notare
1084 2613 1273 2665 neglexi,
1324 2614 1531 2664 antiquam

10 2659 52 2728 ᾖ
74 2667 201 2706 datiui
232 2667 404 2705 sormam
438 2668 565 2705 Lare
596 2672 790 2717 teneant,
829 2682 930 2719 quae
960 2671 1001 2707 in
1036 2671 1126 2722 ipsa
1164 2669 1258 2721 lege
1298 2671 1453 2722 optime
1487 2679 1531 2706 se

75 2724 265 2773 haberet,
297 2736 378 2761 non
410 2724 509 2761 item
542 2725 582 2761 in
614 2724 689 2762 hac
721 2723 1017 2775 disputatione.
1077 2726 1253 2777 Deinde,
1293 2728 1326 2764 si
1370 2724 1441 2764 illa
1481 2723 1531 2762 de

39 2775 47 2796 ⁴
76 2780 206 2818 tribus
239 2778 449 2818 ordinibus
482 2784 595 2819 recte
628 2779 851 2833 disputaui,
883 2776 1207 2820 uerbe'cibus
1238 2784 1423 2834 ineptum
1470 2785 1534 2818 est
