1743 3202
643 192 926 227 PRAEFATIO.
1397 195 1523 228 xm'n

56 309 197 344 auctor
228 304 369 356 fuerit,
404 310 447 344 ut
485 308 856 345 controuersiarum
889 305 1065 357 aliquem
1112 306 1302 346 facerent
1342 308 1522 360 modum,

54 372 259 424 simulque
291 385 458 426 operam
493 387 604 413 suam
636 375 686 412 iis
723 376 777 412 sit
807 373 1042 425 pollicitus,
1075 375 1110 412 si
1139 379 1283 426 posset
1314 377 1422 415 inter
1453 390 1523 415 eos

54 440 211 492 aliquid
253 442 491 480 conuenire.
552 444 641 491 9110
680 443 806 479 misso
849 443 936 479 ioco
978 442 1173 480 arbitrum
1214 455 1260 481 se
1291 442 1378 481 dari
1410 446 1524 495 cupit

54 512 164 548 inter
194 511 396 560 antiquam
418 508 680 547 Academiam
708 515 750 547 et
772 510 999 558 Zenonem,
1033 510 1139 546 inter
1165 523 1263 561 quos
1288 512 1521 562 uerborum,

51 592 131 617 non
162 591 296 617 rerum
329 579 382 615 sit
413 577 709 626 controuersia,
744 578 895 627 quippe
927 589 1014 613 eum
1040 575 1180 625 decus,
1214 577 1321 627 quod
1345 582 1511 617 ueteres

52 660 253 687 summum
290 648 437 684 bonum
471 644 674 694 dixerint,
716 645 783 682 hic
815 643 945 682 solum
979 645 1127 681 bonum
1160 644 1292 694 (licat3
1334 648 1518 697 itemque

50 713 244 764 dedecus,
278 712 385 764 quod
418 710 480 749 illi
512 725 712 750 summum
744 710 910 762 malum,
942 711 1010 749 hic
1041 710 1171 749 solum
1207 710 1356 750 malum
1387 712 1519 762 dicat3

48 780 229 831 diuitias,
264 780 559 831 ualetudinem,
592 778 940 832 pulchritudinem
964 778 1201 817 commodas
1227 791 1293 817 res
1319 780 1518 832 appellet,

46 861 128 887 non
160 850 310 898 bonas3
342 852 642 900 paupertatem,
681 847 969 896 debilitatem,
1003 845 1187 884 dolorem
1220 847 1517 898 incommodas,

46 929 126 954 non
159 915 302 955 malas.
364 917 472 955 Ilinc
504 919 640 954 natam
681 928 773 954 esse
806 914 1127 953 controuersiam
1171 912 1223 951 de
1261 915 1433 965 finibus,
1475 916 1517 953 in

47 996 124 1034 qua
156 985 308 1033 Quinto
341 986 571 1036 quaerenti,
603 997 815 1035 ‹piamnam
849 982 1097 1021 sententiam
1131 980 1210 1019 dici
1238 981 1417 1033 placeat,
1450 996 1519 1021 re-

43 1052 148 1101 quiri
194 1049 359 1102 placere
397 1054 454 1090 ait
494 1053 719 1100 terminos,
785 1064 883 1101 quos
922 1050 1114 1087 Socrates
1145 1050 1366 1100 pepigerit.
1434 1050 1519 1088 Sed

43 1117 216 1166 Quintus
246 1118 343 1167 iam,
377 1132 467 1157 eum
497 1132 574 1157 nec
604 1117 819 1156 diiudicari
851 1117 894 1155 id
925 1118 1002 1155 hoc
1033 1128 1225 1154 sermone
1251 1117 1402 1167 possit,
1435 1130 1513 1156 nec

41 1185 255 1236 quicquam
292 1183 363 1224 illa
394 1185 447 1224 de
478 1198 635 1224 summo
673 1187 779 1224 bono
820 1185 1027 1223 dissensio
1068 1183 1119 1221 ad
1159 1184 1266 1222 hanc
1296 1196 1384 1222 rem
1413 1197 1511 1236 per-

39 1253 186 1303 tineat,
233 1264 465 1291 sermonem
514 1251 565 1290 ad
604 1266 689 1290 rem
732 1254 986 1305 propositam
1020 1256 1199 1291 reuocat.
1243 1251 1277 1300 ᾗ.
1312 1250 1512 1291 52—56.

37 1318 315 1370 Posteaquam
347 1320 475 1370 igitur
503 1320 669 1359 Marcus
690 1321 794 1359 haec
825 1321 933 1371 fere,
967 1323 1011 1357 ut
1044 1320 1204 1370 opinor,
1239 1317 1434 1356 disseruit
1458 1341 1513 1348 ——

40 1398 134 1425 nam
164 1384 307 1425 lacuna
339 1388 420 1426 ista
448 1386 748 1426 interciderunt
784 1410 832 1416 —
867 1402 916 1426 ex
948 1389 1024 1438 eis,
1057 1400 1160 1438 quae
1184 1386 1389 1437 disputata
1412 1389 1511 1437 sint,

38 1465 236 1505 apparere
262 1456 326 1493 ius
354 1458 497 1494 natura
521 1459 652 1493 ortum
683 1467 777 1493 esse
799 1454 1016 1506 legemque
1039 1468 1133 1493 esse
1153 1467 1234 1492 non
1257 1465 1361 1503 eam,
1394 1468 1508 1505 quam

42 1520 162 1571 uulgo
200 1522 423 1574 appellent,
456 1523 531 1561 sed
563 1521 783 1561 caelestem
816 1523 946 1573 illam,
986 1521 1037 1560 ad
1069 1535 1185 1574 quam
1212 1520 1326 1572 leges
1350 1534 1509 1572 omnes,

45 1603 147 1642 quae
193 1591 346 1629 ciuibus
379 1592 707 1642 constituantur,
750 1590 997 1630 referendae
1034 1591 1116 1628 sint
1152 1602 1322 1640 eamque
1354 1602 1398 1627 se
1431 1592 1509 1628 iam

37 1658 175 1710 legem
208 1671 300 1697 esse
333 1663 590 1697 secuturum:
628 1663 741 1697 reete
774 1658 814 1697 id
848 1672 938 1698 611111
970 1658 1109 1696 facere
1141 1658 1315 1707 QuIntus
1348 1657 1511 1696 uidetur

41 1726 322 1778 respondisse,
360 1724 486 1779 (haec
517 1728 597 1764 iam
633 1729 772 1776 Quinti
806 1728 929 1765 uerba
952 1727 1184 1778 etiamnunc
1208 1728 1250 1764 in
1271 1726 1388 1764 codd.
1418 1738 1509 1765 ser-

33 1798 124 1833 uata
142 1799 255 1840 sunt)
278 1806 355 1832 nec
379 1806 424 1831 se
448 1795 526 1832 iam
551 1793 788 1833 desiderare
809 1792 923 1846 leges
944 1796 1199 1846 superiorum
1220 1792 1504 1845 legislatorum

33 1873 110 1899 nec
160 1860 376 1898 duodecim
420 1861 577 1901 tabulas
617 1875 694 1902 nec
734 1862 972 1914 plebiscita,
1020 1861 1094 1899 sed
1134 1863 1367 1900 existimare
1413 1876 1504 1901 eum

36 1940 125 1965 cum
178 1925 366 1978 populis,
415 1932 497 1965 tum
541 1931 663 1967 etiam
704 1930 875 1981 singulis
917 1929 1120 1967 hodierno
1158 1942 1349 1968 sermone
1389 1929 1505 1981 leges

31 1993 201 2032 uiuendi
249 1999 291 2032 et
333 1994 589 2047 disciplinam
630 1997 831 2035 daturum.
893 1998 979 2046 Qua
1018 1996 1159 2046 Quinti
1195 1998 1364 2048 probata
1408 2010 1504 2035 sen-

36 2063 169 2098 tentia
202 2074 222 2098 a
253 2060 346 2111 lege
376 2062 579 2113 profecto,
615 2068 657 2101 ut
687 2065 873 2102 uitiorum
917 2064 1194 2103 emendatrice
1227 2066 1504 2116 uirtutumque

38 2129 389 2167 commendatrice
421 2131 477 2168 ait
508 2131 675 2169 uiuendi
704 2131 959 2183 disciplinam
986 2131 1212 2170 ducendam
1238 2146 1344 2172 esse.
1376 2135 1409 2184 ᾖ.
1433 2135 1503 2175 57.

34 2194 104 2236 58.
166 2197 254 2245 9110
287 2197 451 2248 quidem
484 2197 770 2250 disputationis
803 2199 977 2237 decursu
1008 2200 1195 2238 defertur
1224 2200 1273 2239 ad
1315 2202 1501 2252 philoso-

30 2262 153 2314 phiae
182 2261 361 2313 laudem,
394 2279 497 2315 quae
531 2268 708 2305 omnium
740 2268 935 2305 bonarum
977 2281 1114 2306 rerum
1156 2282 1306 2320 parens
1350 2270 1500 2308 educa-

31 2330 189 2380 trixque
220 2332 274 2368 sit
306 2345 461 2382 quaque
492 2334 593 2371 nihil
624 2336 733 2372 uitae
762 2335 969 2373 hominum
1005 2335 1144 2374 datum
1178 2337 1231 2374 sit
1268 2340 1499 2388 praestabi-

32 2394 126 2433 lius.
188 2398 276 2446 Qua
307 2400 486 2449 grauiter
514 2400 678 2439 laudata
709 2398 767 2456 (ᾗ.
799 2401 1003 2450 58-62.)
1029 2398 1191 2454 Attico,
1224 2418 1395 2455 quorsus
1422 2406 1499 2443 hoc

28 2464 266 2514 pertineat,
313 2469 522 2516 quaerenti
565 2481 613 2506 eo
644 2468 686 2506 id
718 2475 906 2521 spectare
946 2470 1198 2522 respondet,
1245 2478 1289 2510 ut
1328 2486 1400 2523 ea,
1446 2473 1498 2512 de

31 2531 177 2582 quibus
209 2532 288 2569 iam
324 2535 451 2571 acturi
475 2536 556 2573 sint
579 2548 762 2587 quaeque
781 2541 947 2576 manent
981 2550 1030 2575 ex
1050 2536 1135 2589 illa,
1169 2540 1251 2577 sint
1271 2539 1497 2592 ampliora3

28 2602 151 2648 atque
181 2597 375 2639 lubenter
405 2605 461 2651 et,
497 2606 540 2639 ut
571 2608 727 2653 speret,
759 2609 873 2643 recte
900 2618 944 2642 se
965 2605 1121 2656 facere,
1157 2606 1265 2657 quod
1288 2620 1393 2657 eam,
1425 2621 1495 2646 cu-

25 2664 87 2702 ius
121 2664 256 2704 studio
286 2670 477 2705 teneatur
518 2680 700 2718 quaeque
735 2682 849 2722 eum,
892 2674 1131 2723 quicumque
1164 2675 1242 2724 sit,
1290 2675 1492 2723 effecerit,
