1781 3192
240 158 332 197 226
813 159 884 197 DE
915 159 1145 200 LEGIBUS

251 271 372 311 odio
411 272 692 319 incitatus,
742 273 823 310 cui
868 274 1141 324 paruisset
1188 287 1464 326 nunquam,
1525 280 1564 316 si
1633 285 1720 318 tam

252 330 466 381 sapiens
513 326 744 378 fuisset,
786 341 925 379 quam
964 329 1070 368 fuit
1110 330 1414 382 uehemens,
1450 345 1528 372 nec
1569 335 1719 375 Manu-

250 388 387 425 tianae
422 396 471 438 ex
511 381 602 421 cod.
644 384 784 423 nescio
824 398 901 436 quo
943 392 1191 439 excerptae:
1236 400 1377 437 quam
1418 388 1531 427 fuit
1571 391 1718 433 felix.

251 440 391 481 Sullae
422 439 685 478 uehementia
723 442 822 479 satis
852 445 1004 481 testata
1035 450 1098 482 est
1132 447 1319 481 ueterum
1352 450 1562 484 auctorum
1598 450 1719 488 testi-

251 497 417 536 moniis.
463 495 528 534 Cf.
561 495 649 534 Cic.
691 497 808 605 Philp
838 498 907 548 XI,
951 498 991 539 1.
1038 498 1074 540 1.
1117 500 1216 539 Tac.
1254 501 1363 540 Hist.
1406 498 1462 552 11,
1504 501 1573 543 38.
1622 505 1718 546 Sen.

249 554 392 592 Contr.
425 548 483 591 ΙΙ.
515 557 649 592 contr.
687 553 752 594 12
813 553 954 596 .169.
986 556 1054 596 ed.
1086 558 1177 607 Bip.
1240 556 1350 595 Idem
1392 557 1444 596 de
1482 558 1594 598 Sulla
1634 565 1717 599 tra-

249 610 334 661 dit,
376 610 552 648 fortasse
590 610 722 660 ipsum
763 568 1006 650 Ciceronem
1048 618 1243 663 secutus,
1286 613 1390 654 Plin
1433 615 1715 669 H.N.V11,

251 667 318 708 55.
360 668 409 705 in
450 664 702 705 Cornelia
750 664 954 722 (familia)
1003 682 1149 707 nemo
1198 675 1318 708 ante
1369 670 1564 721 Syllam
1613 679 1718 712 tra-

256 723 404 762 ditur
434 727 698 761 crematus
731 724 886 775 idque
908 737 1015 763 eum
1042 727 1285 764 uetuisse
1310 731 1532 767 ueritum
1558 728 1717 769 talio-

252 794 362 819 nem
395 781 452 818 ab
488 783 636 817 eruto
667 780 714 820 C.
745 781 895 819 Marii
929 781 1200 822 cadauere.

367 837 401 887 §.
435 835 502 877 57.
562 837 786 887 timens,
819 850 880 876 ne
919 861 973 867 —
1011 839 1173 890 posset]
1245 838 1351 877 Liuii
1390 845 1455 879 est
1496 845 1538 878 et
1575 847 1717 893 poste-

230 895 403 941 ‚riorum
445 893 690 943 scriptorum
731 895 913 945 itemque
948 898 1162 947 poetarum
1204 896 1434 935 timendi
1465 898 1600 936 uerbis
1628 912 1715 939 acc.

234 958 286 990 lc.
319 950 397 989 inf.
428 950 488 987 ita
519 948 760 1001 adiungere,
793 955 837 988 ut
867 956 1027 1002 metus,
1069 965 1122 990 ne
1164 951 1257 1003 quid
1301 954 1372 991 fiat
1402 953 1611 992 factumue
1643 957 1715 1007 sit,

237 1007 458 1046 ‘indicetur
508 1001 624 1056 (Liu.
660 1004 725 1057 ΙΙ,
758 1007 798 1047 7.
832 1009 902 1047 fin.
945 1004 1036 1058 III,
1075 1009 1145 1049 22.
1196 1009 1311 1048 Curt.
1351 1010 1430 1060 IX,
1469 1008 1538 1050 29.
1578 1010 1714 1053 Plaut.

240 1064 344 1103 zmil.
383 1062 440 1114 gl.
483 1058 570 1113 IV,
613 1063 650 1104 ’7.
692 1060 780 1117 3.);
830 1078 852 1102 a
892 1064 1092 1103 Cicerone
1133 1067 1300 1116 eiusque
1347 1065 1584 1117 aequalibus
1633 1069 1715 1107 11οο

244 1119 419 1159 ‘dicendi
450 1132 577 1170 genus
610 1120 787 1159 alienum
822 1125 900 1159 est.
963 1122 1040 1170 Qui
1078 1123 1327 1160 infinitiuum
1369 1123 1425 1160 ita
1458 1127 1614 1162 tantum
1646 1125 1713 1162 his

247 1178 388 1216 uerbis
437 1176 690 1226 adiungunt,
746 1179 779 1215 si
826 1178 1061 1228 significant
1099 1184 1238 1216 metu
1280 1177 1485 1228 aliquid
1533 1180 1715 1218 facere

249 1232 393 1272 nolle
420 1232 565 1280 (Caes.
597 1233 640 1273 B.
673 1233 721 1273 C.
754 1230 790 1284 I,
821 1232 890 1274 64.
924 1235 968 1274 B.
994 1234 1044 1273 G.
1079 1231 1203 1284 VIII,
1241 1234 1304 1275 16.
1337 1234 1424 1274 Cic.
1457 1234 1509 1273 de
1532 1236 1622 1274 Fin.
1653 1232 1714 1287 II,

250 1289 317 1331 14.
358 1286 471 1341 47.).
540 1288 901 1328 Existimandi
945 1291 1053 1340 uim,
1104 1304 1221 1342 quam
1259 1291 1387 1329 Gzius
1439 1296 1481 1330 et
1520 1292 1713 1331 Moserus

248 1345 480 1385 timendi
519 1346 646 1384 uerbo
686 1347 942 1396 tribuerunt,
983 1360 1182 1398 nusquam
1223 1347 1366 1386 habet.
1433 1348 1570 1386 Uerae
1608 1350 1712 1387 scri-

247 1407 396 1455 pturae
436 1400 595 1453 pridem
637 1416 659 1440 a
690 1403 819 1440 Lbino
859 1406 1045 1440 tentatae
1085 1408 1127 1442 et
1167 1417 1188 1441 a
1218 1404 1370 1441 Rathio
1403 1406 1600 1454 probatae
1631 1406 1712 1452 (ti-

248 1471 417 1508 menS,
449 1470 510 1495 ne
540 1479 590 1486 -
626 1463 827 1509 posset)
852 1460 1068 1510 uestigium
1093 1464 1278 1512 posset
1308 1461 1542 1500 etiamnunc
1566 1473 1712 1512 super-

251 1520 317 1555 est
345 1517 385 1553 in
419 1513 537 1554 codd.
570 1514 828 1566 melioribus,
862 1528 911 1553 ex
942 1518 1086 1567 quibus
1117 1520 1332 1568 praeterea
1364 1515 1441 1554 Gd.
1478 1517 1503 1557 2
1536 1522 1578 1556 et
1605 1518 1637 1555 C
1670 1522 1712 1556 et

246 1570 390 1624 procul
422 1570 546 1609 dubio
579 1572 606 1615 ὅ
640 1572 795 1610 habent
825 1573 989 1610 timen
1030 1586 1136 1614 suo.
1208 1573 1250 1610 In
1288 1572 1539 1612 deteriorum
1587 1573 1710 1614 codd.

246 1628 473 1681 plerisque,
506 1641 594 1668 cum
630 1627 759 1666 semel
792 1628 992 1681 particula
1023 1629 1325 1679 intercidisset,
1358 1634 1401 1668 et
1432 1629 1475 1668 11.
1507 1629 1535 1669 l.
1565 1643 1710 1682 parum

249 1687 355 1724 scite
388 1689 545 1723 tentata
574 1686 775 1724 correctio
809 1690 873 1724 est
903 1699 1077 1736 posse,
1111 1699 1229 1736 quam
1263 1685 1412 1736 reliqui
1442 1687 1680 1737 probarunt.

363 1740 609 1780 declarat
641 1741 796 1792 enim]
859 1740 1032 1792 Uulgata
1072 1743 1274 1793 scriptura
1313 1740 1556 1780 declarat
1596 1748 1710 1781 ete-

245 1800 345 1837 nim
384 1810 462 1836 nec
502 1799 611 1836 iusta
652 1798 837 1836 codicum
879 1801 1125 1837 auctoritate
1165 1799 1312 1835 nititur
1353 1802 1395 1835 et
1437 1811 1459 1835 a
1498 1798 1710 1838 Ciceronis

247 1854 548 1894 consuetudine
600 1854 804 1893 abhorret.
883 1853 1079 1893 Codicum
1131 1854 1294 1905 quidem
1350 1852 1564 1893 meliorum
1617 1868 1709 1894 cum

245 1912 458 1964 plerisque
501 1910 752 1949 deteriorum
796 1923 1020 1949 consensus
1060 1914 1102 1950 in
1143 1911 1235 1949 cod.
1275 1911 1385 1948 arch.
1414 1910 1543 1950 fuisse
1575 1914 1710 1963 arguit

246 1967 497 2007 declarat
528 1969 691 2018 enim,
736 1967 844 2019 quod
876 1969 1022 2006 merito
1065 1969 1157 2007 Car.
1197 1967 1432 2020 Stephanus
1472 1973 1516 2006 et
1555 1969 1710 2007 Lbinus

242 2027 478 2078 probarunt.
549 2025 712 2063 Etenim
760 2024 868 2076 quod
913 2026 1088 2075 probare
1133 2023 1273 2063 Tullio
1324 2025 1578 2075 propositum
1627 2029 1708 2075 est,

245 2081 399 2121 Sullam
439 2083 613 2133 primum
657 2093 704 2119 ex
743 2079 946 2119 Corneliis
994 2094 1039 2119 se
1091 2082 1265 2120 cremari
1316 2080 1523 2132 uoluisse,
1568 2081 1613 2120 id
1659 2094 1707 2120 eo

245 2139 508 2189 comprobat,
549 2136 658 2187 quod
697 2150 745 2174 ex
775 2137 896 2174 Ennii
937 2150 1059 2175 uersu
1090 2138 1352 2188 Scipionem,
1383 2135 1495 2174 Sulla
1533 2150 1613 2175 non
1650 2139 1708 2175 ita

245 2194 376 2233 multo
408 2195 679 2245 superiorem,
713 2193 924 2231 humatum
960 2206 1053 2231 esse
1082 2193 1280 2232 ostendit.
1343 2192 1436 2243 Ipse
1457 2193 1579 2231 Ennii
1612 2207 1707 2231 uer-

246 2263 317 2290 sus
348 2251 503 2289 obiecti
546 2247 638 2287 loco
680 2254 758 2288 est.
823 2251 952 2299 Quem
996 2263 1094 2288 uere
1134 2250 1259 2287 Gzius
1299 2248 1591 2287 animaduertit
1631 2249 1707 2288 de-

245 2311 422 2347 sumtum
464 2318 557 2345 esse
598 2319 645 2343 ex
695 2305 829 2356 elogio
869 2307 908 2343 in
951 2307 1184 2344 Africanum
1226 2307 1408 2355 scripto,
1456 2305 1562 2356 quod
1601 2305 1708 2358 apud

243 2365 338 2404 Sen.
371 2364 448 2416 Ep.
486 2361 575 2403 109.
608 2368 817 2413 repertum
850 2377 872 2401 a
914 2364 1010 2401 uiris
1050 2363 1182 2401 doctis
1221 2363 1329 2400 hunc
1369 2363 1409 2399 in
1450 2362 1613 2400 modum
1653 2364 1708 2401 sit

244 2423 504 2460 restitutum:
535 2420 633 2458 Hic
666 2425 749 2458 est
780 2418 876 2458 ille
908 2421 1070 2470 situs,
1110 2421 1230 2471 quoi
1270 2431 1419 2457 nemo
1456 2420 1583 2457 ciui'
1622 2431 1704 2458 ne-

246 2491 342 2529 que
375 2478 548 2517 hostis
573 2477 755 2525 Quiuit
784 2490 876 2528 pro
907 2476 1068 2515 factis
1100 2475 1335 2514 reddere
1367 2488 1557 2527 operae
1588 2488 1705 2527 pre-

246 2535 386 2575 tium.
445 2532 560 2573 Male
592 2533 843 2584 Wagnerus‚
887 2532 997 2584 quod
1027 2533 1236 2584 Maduigio
1277 2544 1435 2584 quoque
1472 2531 1626 2583 placuit
1662 2533 1704 2569 in

243 2590 483 2630 Emendatt.
514 2603 556 2642 p.
580 2588 648 2640 76,
678 2590 849 2641 Orellio,
878 2590 1022 2641 Bakio,
1057 2591 1235 2630 coniecit
1266 2590 1441 2639 etiam,
1475 2590 1588 2640 quasi
1609 2589 1704 2627 noui

243 2647 401 2699 aliquid
427 2646 681 2697 adiungatur.

360 2716 542 2756 corpus
575 2716 757 2742 caesus
788 2704 888 2754 est]
956 2703 999 2742 In
1043 2703 1133 2742 cod.
1170 2703 1280 2742 arch.
1322 2706 1455 2739 utrum
1499 2714 1700 2740 caesum

242 2766 329 2800 est
360 2761 487 2800 suerit
527 2773 575 2799 an
614 2773 791 2800 caesus
831 2765 938 2811 est,
976 2759 1226 2814 nihilhscire
1262 2759 1416 2810 refert,
1459 2759 1492 2797 si
1531 2757 1697 2810 quidem
