1781 3192
447 198 605 236 Lmen
634 196 893 236 mumius,
939 185 1041 236 cst.
1075 196 1122 235 11.
1431 192 1519 232 2255

57 311 149 352 Alia
180 316 246 351 est
276 310 382 349 ratio
413 310 629 348 uerborum
662 309 703 346 in
738 308 863 347 Taso.
895 309 1040 362 Dispp.
1070 309 1110 359 1,
1142 307 1213 349 31.
1245 307 1314 348 75.
1346 318 1518 344 secer-

57 382 186 407 nere
218 371 388 406 autem
423 379 443 403 a
475 378 695 416 corpore
727 367 946 403 animum
977 378 1066 404 nec
1095 366 1357 416 quicquam
1378 360 1519 400 aliud

59 431 143 464 est
183 425 315 462 mori
355 422 594 469 discere3
635 422 690 458 ibi
733 423 840 459 enim
885 423 1017 473 ipsam
1058 421 1339 460 definitionem
1386 419 1518 469 ponit,

60 481 241 532 quamuis
272 478 389 516 aliani
424 476 656 516 excludens.
719 476 817 514 Sine
859 491 980 516 causa
1020 479 1209 517 Mosei-us
1247 477 1323 514 hac
1359 478 1520 513 tentata

60 539 292 576 coniectura
324 533 455 583 quod
488 546 593 571 cum
623 532 752 581 dico,
783 532 946 583 legem
982 533 1227 585 intelligi
1270 530 1388 571 uolo
1419 543 1518 569 uer-

61 595 152 632 bum
183 591 290 628 dici
322 591 493 640 spreuit.
553 589 614 627 De
645 601 690 626 re
722 590 809 640 ipsa
842 590 937 628 uide
968 592 997 630 Ι.
1029 605 1062 631 e.
1093 590 1131 631 6.

169 681 278 706 nam
312 667 478 705 ethic
510 666 610 717 cet.]
671 667 795 707 Pron.
836 668 916 706 hic
953 669 1001 707 ad
1044 667 1265 717 mundum,
1307 665 1430 703 huic
1471 662 1522 701 ad

60 724 180 763 deum
213 724 360 762 referri
394 723 555 775 pridem
587 722 847 762 intellectum
883 731 968 774 est3
1002 731 1144 776 estque
1173 725 1240 762 hic
1271 722 1374 760 deus
1397 732 1521 772 prae-

57 785 207 833 potens
255 779 327 818 ille
376 780 604 818 Stoicorum
658 779 759 818 deus
812 780 865 833 (Ι.
907 781 940 832 ᾗ.
971 780 1099 835 23.),
1151 793 1269 832 quem
1319 775 1521 829 quomodo

57 836 209 876 deinde
260 848 491 887 supremam
544 834 678 886 legem
726 836 875 875 dixerit
919 844 1090 890 apparet
1138 850 1186 876 ex
1225 837 1311 884 eis,
1360 845 1464 885 quae
1492 832 1522 871 1.

57 907 94 932 c.
119 892 157 934 6.
191 892 430 944 disputauit.
495 891 705 930 Dauisium
727 898 769 931 et
792 893 1056 945 wagnerum,
1083 895 1148 946 qui
1179 894 1299 931 huic
1333 890 1381 928 ad
1404 902 1524 928 mun-

60 949 155 988 dum
187 948 442 998 retulerunt,
485 948 563 986 hoc
596 948 786 1002 decepit,
821 951 927 999 quod
959 964 1031 1002 ea,
1064 963 1167 1002 quae
1204 949 1291 1000 pari
1324 948 1524 997 dignitate

56 1019 132 1058 per
171 1004 391 1059 particulas
439 1010 489 1043 et
528 1028 583 1033 —
624 1010 676 1044 et
726 1006 1043 1058 copularentur,
1090 1008 1156 1044 his
1200 1006 1299 1058 ipsis
1341 1004 1525 1054 proxime

58 1061 221 1113 adiungi
275 1066 469 1113 oportere
524 1075 602 1100 nec
641 1061 802 1101 leuiore
845 1063 979 1114 aliqua
1021 1076 1123 1101 uoce
1165 1063 1213 1100 ab
1253 1062 1303 1098 iis
1346 1058 1526 1107 disiungi

56 1131 179 1171 posse
211 1120 431 1169 putabant,
470 1130 547 1156 nec
583 1132 659 1169 per
697 1119 924 1157 chiasmum
966 1120 1068 1157 haec
1111 1119 1246 1171 posita
1276 1128 1369 1155 esse
1402 1113 1526 1153 intel-

58 1174 262 1213 lexerunt.
325 1175 517 1213 Ceterum
552 1179 595 1213 ut
626 1180 722 1213 ante
767 1189 789 1213 a
827 1179 987 1214 minore
1030 1175 1081 1213 ad
1121 1176 1275 1223 maius,
1317 1174 1375 1210 ita
1419 1183 1526 1208 nunc

61 1231 248 1270 ascendit
283 1245 305 1269 a
340 1233 495 1269 maiore
525 1231 574 1269 ad
615 1233 774 1282 minus,
815 1246 837 1269 a
877 1231 1030 1270 mundo
1071 1231 1122 1269 ad
1159 1243 1294 1268 rerum
1340 1233 1526 1266 naturam

59 1284 246 1342 (maria
273 1284 578 1341 terraeque)
611 1293 653 1326 et
684 1288 734 1326 ad
767 1290 894 1327 uitam
937 1289 1166 1328 hominum.
1231 1283 1526 1337 Imprudenter

57 1345 157 1384 Dan.
205 1344 381 1383 coniecit
421 1356 529 1382 nam
570 1348 621 1383 et
662 1345 786 1383 huic
826 1342 911 1399 (sc.
953 1342 1162 1398 imperio)
1215 1341 1412 1381 caelum
1457 1338 1526 1378 uel

60 1400 185 1440 deus
217 1403 380 1451 paret.

178 1468 260 1509 ΙΙ.
321 1466 354 1515 §.
387 1464 428 1505 4.
489 1468 765 1518 citeriora]
828 1468 997 1506 Transit
1042 1465 1207 1506 Tullius
1252 1467 1300 1506 ab
1342 1464 1526 1503 uniuersi

63 1522 202 1562 mundi
235 1523 530 1578 gubernatione
558 1523 606 1560 ad
641 1525 883 1575 populorum
917 1537 1060 1574 regna,
1094 1536 1198 1574 quae
1228 1528 1271 1560 ut
1293 1523 1527 1560 hominibus

59 1580 251 1630 propiora
282 1584 402 1616 uocat
433 1580 707 1619 citeriora.
769 1580 834 1618 Cs.
867 1580 952 1619 Cic.
992 1580 1118 1619 Tusc.
1143 1575 1199 1629 V,
1232 1578 1301 1619 25.
1335 1577 1402 1619 71.
1441 1577 1526 1616 Cic.

60 1636 223 1684 Fragm.
258 1635 310 1672 de
341 1635 444 1686 Rep.
479 1635 544 1675 Vl.
578 1636 683 1688 apud
714 1637 891 1674 Nonium
932 1650 971 1687 p.
1003 1635 1071 1676 85.
1113 1648 1170 1673 ex
1210 1636 1396 1686 quibus
1440 1636 1530 1671 erat

61 1704 119 1729 ea
143 1692 368 1740 minima,
403 1704 531 1742 quae
556 1691 745 1731 ultima
779 1691 943 1743 caelo,
971 1694 1163 1731 cituma
1192 1693 1375 1740 terris,
1407 1690 1528 1728 luce

59 1746 279 1785 lucebat
326 1746 511 1788 aliena.
561 1752 614 1788 et.
659 1748 727 1790 lib,
774 1744 806 1788 Ι.
852 1749 958 1800 apud
1006 1748 1208 1786 eundem:
1257 1760 1437 1798 quare,
1483 1746 1526 1783 si

60 1802 263 1858 placet,
306 1803 477 1841 deduc
518 1807 804 1844 orationem
849 1810 981 1843 tuam
1015 1805 1074 1843 de
1103 1817 1159 1842 eo
1190 1803 1306 1842 loco
1340 1802 1526 1852 (caclo)

61 1859 122 1898 ad
163 1860 288 1898 haec
327 1861 599 1901 citeriora.
668 1861 779 1899 Male
821 1862 944 1900 Bakio
984 1861 1036 1899 de
1088 1866 1276 1912 tempore
1321 1861 1398 1898 hoc
1445 1859 1527 1897 dici

62 1919 192 1957 uisum
224 1922 300 1956 est.
363 1918 492 1956 Gzius
516 1931 587 1955 cur
609 1922 659 1955 ut
683 1920 947 1956 citeriora
980 1917 1252 1956 uideamus
1286 1919 1526 1964 conficeret,

61 1987 181 2013 causa
211 1972 325 2012 nulla
354 1980 453 2013 erat.
516 1974 617 2012 Nau]
651 1975 758 2025 quod
790 1988 811 2013 a
842 1974 1084 2014 melioribus
1116 1973 1236 2014 codd.
1270 1973 1329 2012 ad
1364 1975 1422 2021 (in
1446 1972 1525 2012 AB

67 2030 129 2072 11.
163 2029 230 2071 65.
268 2032 506 2069 restitutum
541 2035 605 2068 cst
646 2045 693 2069 ex
736 2032 880 2081 dett),
924 2045 946 2069 a
985 2031 1087 2070 dett.
1126 2031 1258 2069 haec
1300 2032 1442 2079 abest,
1483 2027 1526 2065 id

63 2088 273 2138 utriusque
305 2087 487 2125 familiae
514 2086 705 2126 mendum
737 2090 947 2140 proprium
981 2092 1056 2128 est.
1117 2086 1229 2125 Male
1260 2087 1386 2137 igitur
1416 2085 1524 2125 Uict.

63 2148 105 2183 et
144 2144 284 2183 Lamb.
327 2144 458 2182 haec
498 2145 750 2194 omiserunt,
789 2143 933 2196 steph.
976 2143 1228 2182 deteriorum
1276 2142 1526 2194 quorundam

63 2199 182 2241 codd.
224 2201 520 2239 correctionem
553 2206 718 2238 secutus
751 2206 815 2239 est
844 2199 900 2238 ad
931 2201 1062 2239 haec
1093 2201 1346 2239 certiora.

180 2266 240 2303 ad
270 2267 508 2305 homines
540 2268 682 2317 iust.]
743 2268 985 2320 Opportune
1008 2269 1200 2307 Dauisius
1232 2267 1413 2306 laudauit
1441 2266 1523 2306 Cic.

67 2322 144 2360 Off.
177 2317 326 2370 Il,12.
359 2322 425 2362 42.
470 2323 599 2373 apud
632 2325 857 2362 maiores
890 2330 1106 2363 nostros
1138 2327 1390 2364 iustitiae
1422 2324 1525 2361 sru-

67 2377 235 2416 endae
284 2391 443 2416 causa
494 2379 745 2417 uidentur
791 2380 910 2419 olim
956 2382 1089 2420 bene
1138 2383 1329 2420 morati
1371 2392 1526 2432 reges

0 2439 1 2444 ’
66 2435 373 2473 constituti.

180 2502 338 2553 idque
375 2503 426 2539 in
464 2502 592 2553 rep]
662 2503 729 2542 Sic
777 2507 923 2558 scripsi
967 2518 1056 2544 cum
1107 2505 1280 2557 reliquis
1317 2518 1366 2543 ex
1404 2503 1523 2544 codd.

65 2557 356 2598 deterioribus.
426 2558 509 2596 Sed
560 2559 709 2598 mendo
761 2562 880 2602 codd.
929 2561 1144 2601 meliorum
1191 2563 1526 2612 deteriorumque

66 2615 316 2666 quorundam
350 2615 510 2665 idque
545 2620 595 2653 ut
626 2617 672 2654 in
702 2631 811 2669 rep.
843 2632 925 2657 non
958 2632 1026 2669 ea,
1059 2633 1161 2670 quae
1192 2621 1234 2657 in
1267 2619 1370 2657 dett.
1404 2616 1526 2656 codd.

65 2677 223 2710 tentata
254 2676 334 2722 est,
367 2673 441 2710 sed
468 2673 619 2710 Dauisii
642 2676 842 2713 correctio
875 2676 1034 2727 idque
1066 2684 1115 2714 et
1144 2677 1195 2715 in
1227 2689 1335 2729 rep.
1360 2675 1525 2713 uidetur

66 2729 364 2768 commendari.
424 2727 624 2767 [Nimirum
661 2736 703 2769 et
732 2732 889 2771 Romae
920 2737 962 2771 et
993 2731 1088 2771 alibi
1120 2733 1164 2771 id
1196 2732 1372 2772 ualuisse
1396 2731 1524 2781 signi-

66 2785 226 2825 ficatur.
279 2785 343 2826 Cf.
376 2799 478 2836 quae
512 2785 594 2824 dixi
626 2783 656 2828 I.
692 2788 727 2839 ξ.
760 2788 830 2830 23.
862 2786 919 2829 ΙΙ.
952 2789 985 2840 §-
1006 2788 1075 2831 63.
1136 2790 1273 2829 Minus
1303 2785 1524 2841 probabilis
