1781 3192
419 200 574 239 Limen.
606 198 864 238 'l‘ER'l‘ws
913 197 1013 237 cm».
1049 198 1114 236 ΙΙΙ.
1411 196 1500 236 257

156 314 327 367 geret]
392 313 500 352 Uict.
534 311 634 352 Dau.
667 310 767 350 lem.
806 312 945 363 Wagn.
983 309 1205 350 secundum
1238 310 1343 349 dett.
1376 324 1500 362 quos-

43 370 135 410 dam
188 371 307 411 codd.
354 373 516 421 gerat.
586 368 669 408 Sed
720 367 900 407 futurum
951 370 1182 421 praeceptis
1230 372 1299 405 aut
1339 365 1500 418 legibus

43 428 217 467 edendis
250 429 289 465 in
333 427 538 464 sententia
575 425 750 464 relatiua
790 426 1170 476 frequentissimum
1214 427 1292 462 est.
1340 423 1405 462 Cf.
1447 419 1502 463 ll.

43 485 75 535 ᾧ.
120 486 189 525 21.
235 496 368 534 quae
409 497 497 534 pro
543 482 738 535 populo
778 484 885 520 rite
931 483 1081 520 sient.
1127 477 1204 520 ΙΙΙ.
1247 479 1278 530 ᾧ.
1332 478 1396 520 10.
1443 479 1502 520 11.

44 542 121 580 Off.
147 537 180 590 l,
212 542 271 579 11.
297 540 362 579 35.
400 542 452 579 ib.
490 538 554 589 1-1,
579 538 644 579 42.
678 539 746 588 25,
769 540 837 578 88.
871 539 940 590 28,
974 538 1060 579 136.
1093 535 1280 588 -tO,142.
1314 536 1383 586 41,
1414 534 1503 577 148.

157 607 199 646 Μ
216 608 363 644 inore
379 620 395 644 s
417 606 778 657 magistratus]
814 605 1161 656 Quemadmodum
1182 608 1357 644 maiores
1377 604 1505 656 magi-

45 668 195 702 stratus
224 665 246 701 ii
269 669 377 712 suut,
411 666 554 714 quibus
588 665 739 701 maiora
772 666 952 715 auspic-ia
979 670 1110 712 erant,
1143 661 1352 712 consules,
1384 676 1505 714 prae-

41 726 172 770 tores,
207 734 426 758 censores:
462 723 516 757 ita
551 722 728 758 minores
762 727 856 758 suut.
888 722 939 770 ii,
986 721 1129 770 quibus
1167 721 1348 771 auspic-ia
1389 722 1506 757 erant

43 778 215 815 minora.
276 777 339 813 (ΒΓ.
375 775 484 814 Geli.
519 777 563 814 N.
601 777 646 814 A.
683 776 785 826 xm,
835 777 896 817 15.
958 778 1032 826 Qui
1076 775 1182 828 quod
1221 772 1358 827 partiti
1401 774 1502 813 iuris

42 832 184 885 plures
214 834 251 870 in
286 832 400 883 plura
434 846 525 870 esse
557 834 762 882 iubentur,
796 834 873 871 hoc
906 834 1221 884 praescribitur,
1267 840 1309 870 ut
1350 831 1389 870 in
1431 844 1504 869 suo

47 903 204 941 quoque
243 903 395 939 genere
438 889 576 941 plures
618 892 699 927 sint
748 891 1008 940 magistratus
1057 891 1235 927 minores
1286 899 1508 939 eorumque

46 960 215 985 munera
249 960 269 983 a
303 946 549 996 reliquorum
585 948 818 984 muneribus
851 947 1052 995 seiuncta,
1087 951 1129 983 ut
1161 945 1234 983 alia
1269 946 1351 983 sint
1384 957 1509 996 quae-

46 1009 217 1052 storum,
251 1002 328 1039 alia
363 1002 573 1053 aedilium,
606 1005 683 1041 alia
717 1003 904 1040 aliorum.
968 1000 1053 1041 Ius
1085 1003 1191 1039 enim
1225 1002 1378 1052 pariter
1407 1002 1445 1041 h.
1479 999 1507 1041 l.

45 1067 167 1110 atque
213 1059 276 1096 ΙΙΙ.
317 1059 349 1108 ἦ.
384 1058 452 1098 48.
495 1058 546 1096 de
594 1072 763 1096 munere
801 1059 949 1096 dicitur
989 1065 1109 1108 atque
1150 1058 1301 1096 officio.
1355 1057 1420 1095 Cf.
1457 1056 1506 1095 ΙΙ.

46 1116 80 1166 ᾗ.
114 1114 182 1156 63.
245 1117 321 1163 Qui
363 1115 560 1165 deinceps
604 1114 894 1152 describuntur
943 1116 1230 1164 magistratus,
1282 1119 1378 1152 sunt
1415 1114 1509 1151 tri-

43 1173 162 1210 buni
197 1171 425 1208 militum
456 1178 576 1221 (quos
610 1171 873 1220 magistratus
905 1182 996 1208 esse
1029 1170 1213 1218 habitos,
1247 1166 1344 1208 inde
1375 1174 1507 1221 patet,

43 1227 149 1280 quod
184 1229 326 1278 partim
363 1240 502 1264 eorum
536 1225 673 1277 populi
709 1228 900 1277 suffragio
945 1225 1245 1277 deligebantur.
1290 1224 1378 1265 Liu.
1419 1225 1506 1276 Vll,

44 1287 82 1326 5.
114 1283 230 1322 Halm
257 1295 329 1334 pro
354 1283 449 1320 sest
488 1295 525 1333 p.
552 1282 654 1331 ΕΓΔ),
689 1288 1029 1333 quaestores,
1063 1282 1337 1320 triumuiri
1372 1284 1508 1334 capi-

44 1340 208 1386 tales,
243 1339 513 1378 triumuiri
558 1338 881 1388 monetales,
922 1339 1208 1377 decemuiri
1252 1338 1508 1377 stlitibus

44 1395 374 1436 iudicandis.
437 1396 567 1432 Recte
609 1408 707 1432 uero
738 1397 894 1446 primus
927 1394 1074 1433 Bakius
1106 1393 1294 1447 ploera
1324 1395 1509 1446 scripsit,

47 1465 137 1491 cum
172 1451 318 1501 Steph.
366 1451 471 1487 Man.
519 1451 617 1488 nau.
658 1451 759 1488 Ern.
809 1452 950 1500 WVagn.
1002 1451 1187 1502 plera,
1237 1451 1363 1489 Goer.
1411 1451 1510 1491 Sch.

45 1510 153 1547 Mos.
185 1508 256 1545 Or.
286 1506 465 1557 pluria
498 1507 773 1557 scripsissent.
835 1507 1035 1546 Similiter
1055 1509 1191 1558 prisce
1223 1507 1257 1558 ᾗ.
1281 1504 1321 1546 9.
1345 1520 1507 1545 oenus

44 1578 117 1616 pro
151 1576 291 1612 unus,
325 1563 358 1612 §-
394 1562 455 1601 10.
489 1565 697 1600 coerari
728 1577 799 1614 pro
825 1566 999 1601 curari
1025 1570 1066 1601 et
1089 1577 1244 1602 oesus
1275 1576 1508 1615 pronsas,

47 1620 127 1659 Sed
170 1619 277 1670 quod
325 1620 418 1657 huic
459 1621 606 1657 rationi
649 1626 966 1658 consentaneum
1007 1626 1116 1670 erat,
1168 1626 1211 1658 ut
1250 1619 1283 1670 §-
1325 1618 1363 1660 ’7.
1417 1633 1510 1659 cum

46 1677 194 1725 Lbino,
226 1675 411 1724 Dauisio,
445 1674 613 1726 reliquis
646 1683 812 1727 praeter
842 1676 1009 1714 Bakium
1050 1683 1362 1715 coeratores
1405 1678 1510 1715 scri-

45 1733 185 1771 berem
225 1745 299 1782 pro
339 1737 633 1781 curatores,
684 1732 725 1771 id
776 1735 916 1771 inuitis
966 1733 1087 1772 codd.
1136 1734 1324 1771 omnibus
1371 1732 1513 1771 facere

43 1802 122 1827 non
155 1800 275 1826 ausus
306 1800 411 1825 sum.

162 1857 353 1906 quibus
385 1856 516 1893 iussi
551 1860 703 1893 erunt
733 1869 789 1894 sc.
833 1856 1037 1907 imperare
1079 1855 1144 1894 Cf.
1184 1855 1270 1893 Cic.
1316 1851 1440 1893 Verr.
1476 1851 1511 1904 I,

46 1912 115 1954 26.
147 1912 216 1953 65.
249 1916 398 1961 rogat
431 1912 700 1960 Rubrium,
745 1918 797 1950 ut
839 1926 962 1963 quos
1005 1914 1051 1949 ei
1084 1911 1404 1950 commodum
1438 1913 1512 1950 sit

48 1968 132 2023 (sc.
164 1965 383 2020 inuitare),
416 1969 464 2005 in
483 1971 630 2007 uitet.
673 1970 751 2008 Off.
785 1964 818 2018 I,
856 1971 916 2008 l8.
951 1966 1017 2009 59.
1053 1969 1082 2018 Ι,
1117 1968 1185 2008 32.
1229 1968 1318 2007 118.
1355 1964 1412 2018 ll,
1450 1967 1514 2009 16.

47 2026 117 2067 68.
187 2025 486 2063 Praescribitur
524 2027 622 2074 hoc,
665 2027 756 2076 quia
802 2024 868 2063 uel
907 2027 948 2063 in
988 2026 1166 2063 comitiis
1209 2026 1334 2062 creati
1375 2030 1510 2062 tamen

48 2083 96 2120 ab
130 2095 203 2130 eo,
244 2082 310 2131 qui
352 2094 442 2118 cum
486 2083 658 2132 imperio
702 2082 808 2132 apud
851 2083 1072 2119 exercitum
1115 2086 1225 2130 erat,
1271 2083 1515 2118 iubebantur

0 2170 1 2174 ,
47 2139 112 2177 his
146 2138 210 2175 uel
246 2136 330 2174 illis
366 2139 592 2187 imperare:
634 2139 696 2174 cui
729 2139 1016 2188 obtemperare
1058 2138 1133 2174 hac
1174 2137 1266 2187 lege
1308 2139 1515 2175 iubentur.

49 2196 312 2245 Quapropter
334 2192 491 2231 inutilis
519 2199 583 2231 est
606 2194 797 2244 Wagneri
823 2196 1060 2231 coniectura
1084 2207 1105 2231 0
1121 2195 1291 2244 btemp
1307 2206 1428 2231 eran
1445 2199 1513 2243 to,

0 2247 1 2250 ’
50 2263 173 2300 praua
216 2249 378 2287 Rathii:
429 2263 448 2286 a
500 2252 690 2300 quibus
737 2252 872 2288 iussi
920 2256 1100 2300 erunt,
1151 2251 1220 2288 iis
1270 2258 1512 2301 parento.

52 2306 236 2354 Itemque
275 2305 449 2342 Manutii
492 2308 729 2344 coniectura
767 2308 1077 2357 aerariique
1118 2320 1193 2358 pro
1235 2319 1515 2356 eorumque

52 2362 199 2398 merito
232 2358 396 2410 explosa
421 2365 500 2398 est.
559 2362 750 2400 Eorum
782 2369 897 2400 recte
927 2362 1106 2401 refertur
1137 2363 1188 2401 ad
1229 2376 1327 2412 e0S,
1367 2366 1512 2414 quibus

51 2419 252 2467 imperare
283 2417 381 2453 iussi
410 2422 518 2454 suut.

165 2495 344 2521 aurum
362 2482 438 2534 ue]
503 2481 647 2521 Orellii
686 2486 958 2523 coniecturam
999 2499 1082 2525 aes
1121 2491 1390 2537 argentum
1434 2500 1515 2525 au-

50 2553 180 2589 rum,
211 2541 250 2578 in
284 2541 359 2577 hac
390 2539 510 2590 plena
543 2553 679 2579 rerum
706 2544 1016 2581 enumeratione
1038 2544 1345 2594 haudquaquam
1368 2556 1515 2581 neces—

52 2599 220 2647 sariam,
251 2597 459 2634 immerito
490 2597 640 2635 Bakius
670 2599 859 2649 probauit
888 2600 929 2636 in
961 2607 1185 2639 comment.

166 2675 524 2727 quodcumque
568 2677 593 2715 i.
634 2689 671 2716 e.
725 2677 1016 2730 quodcunque,
1070 2678 1178 2731 quod
1218 2677 1379 2730 quidem
1426 2689 1516 2716 cum

51 2733 235 2784 ipsorum
280 2745 450 2770 munere
491 2734 749 2771 coniunctum
790 2736 865 2785 sit,
898 2740 1064 2774 senatus
1096 2738 1290 2775 creuerit.
1355 2732 1516 2772 Inutilis

54 2794 119 2826 est
153 2788 265 2826 Bakii
298 2791 532 2827 coniectura
565 2789 824 2841 quodque.

1252 2863 1300 2896 17
