1781 3192
395 201 555 241 IABER
587 197 890 238 SECUNDUS.
942 196 1044 236 Car.
1077 194 1205 236 XXV.
1454 193 1544 233 243

76 330 170 368 ego
204 314 709 367 apprehenderam),
749 309 798 347 ad
839 310 954 348 Fam.
987 307 1040 358 V,
1077 306 1113 348 1.
1150 307 1186 347 1.
1226 309 1293 353 (et
1331 306 1371 344 si
1414 318 1532 358 quo-

74 385 276 424 cunque
309 373 356 411 in
388 372 499 410 loco
532 367 779 422 quisquis
814 370 919 411 est)
959 378 1078 416 pron.
1117 362 1398 415 quicquid,
1441 364 1532 412 quia

74 429 287 467 relatiuam
321 442 433 467 suam
470 429 549 465 uim
582 427 737 464 retinet
765 434 840 459 nec
870 421 1120 472 singularum
1154 433 1287 459 rerum
1321 421 1528 458 notionem

75 487 268 535 suscipit,
311 484 569 522 retinendum
613 486 692 519 est.
738 478 823 516 Ci'r.
864 479 929 528 qui
972 483 1110 514 nostra
1156 481 1288 514 aetate
1322 489 1367 514 ea
1402 475 1453 513 de
1486 488 1530 512 re

74 543 265 580 dixerunt
295 541 459 591 Zumpt.
494 540 543 577 ad
579 539 694 578 Verr.
725 531 802 583 IV,
841 534 902 574 13.
937 533 1005 573 31.
1067 534 1284 571 Stuerenb.
1309 546 1381 585 pro
1405 531 1528 571 Arch.

72 611 112 648 p.
151 596 242 635 102.
276 594 393 633 Klotz
424 596 473 634 ad
508 597 626 635 Tusc.
662 593 730 642 lv,
768 588 832 630 19.
862 589 932 630 44.
967 588 1105 627 Mada.
1149 588 1200 626 de
1233 590 1324 627 Fin.
1360 602 1401 639 p.
1433 587 1529 629 655.

75 652 185 690 Bakii
211 653 446 690 coniectura
477 665 621 703 quim)
658 651 714 688 ab
748 660 841 685 uno
872 652 982 684 erat
1018 658 1141 682 nere
1173 644 1530 696 praedicatum

70 720 146 746 nec
175 721 195 744 a
226 706 455 745 litterarum
492 707 761 746 similitudine
793 716 869 741 nec
901 717 923 740 a
954 704 1161 740 sententia
1203 700 1529 739 commendatio-

69 776 160 801 nem
193 764 329 800 habet.
394 766 481 802 Non
512 766 576 802 uni
609 761 798 802 laudandi
833 771 978 797 munus
1008 758 1231 796 iniunctum
1279 757 1408 795 fuisse
1438 769 1530 794 cre-

68 818 196 856 dibile
229 824 306 856 est.
369 821 591 872 Propinqui
621 832 786 868 omues,
818 814 1007 868 quicquid
1041 816 1126 852 ueri
1158 818 1375 867 poterant,
1406 825 1527 865 prae-

67 874 270 912 dicabant.

180 931 318 969 iusta
351 932 621 983 confecta]
683 931 751 970 Sic
793 929 843 968 de
871 929 1044 968 Manutii
1086 928 1191 966 coni.
1224 927 1367 965 Lamb.
1401 926 1526 964 Goer-

65 986 158 1026 Sch.
193 988 297 1027 Mos
332 989 400 1028 Or.
461 990 664 1027 Nimirum
699 987 759 1026 ad
790 985 856 1024 uel
889 990 939 1023 at
979 998 1026 1022 ex
1067 983 1329 1036 praecedenti
1374 981 1529 1033 syllaba

66 1048 117 1081 at
161 1049 298 1081 natum
348 1050 427 1083 est.
495 1047 567 1082 lta
607 1045 857 1083 confecta
899 1046 1077 1090 erant,
1128 1040 1237 1091 quod
1283 1040 1334 1078 de
1374 1039 1526 1077 Dauisii

65 1100 171 1139 coni.
205 1100 420 1138 Ernestius
454 1107 498 1139 et
528 1102 754 1151 WVagnerus
787 1103 1034 1150 receperunt
1062 1098 1290 1148 Bakiusqne
1320 1096 1526 1147 probauit,

63 1157 104 1194 in
138 1155 305 1207 apodosi
339 1156 469 1195 locum
504 1171 583 1195 non
616 1158 764 1205 habet3
807 1169 882 1193 nec
913 1153 1011 1191 licet
1044 1159 1179 1192 tamen
1213 1155 1437 1191 orationem
1469 1153 1527 1189 sic

66 1212 285 1262 dissecare,
321 1219 364 1251 ut
398 1215 494 1254 Dau.
529 1215 629 1251 Eru.
657 1214 799 1263 Wagn.
833 1211 1047 1249 fecerunt:
1081 1209 1211 1263 apud
1245 1222 1384 1260 quas,
1419 1221 1526 1245 cum

64 1268 188 1320 quid
229 1271 338 1307 ueri
379 1276 512 1320 erat,
548 1269 935 1322 praedicatum.
976 1280 1081 1305 nam
1121 1290 1176 1295 ——
1216 1266 1527 1305 habebatur.

63 1326 137 1363 ita
168 1327 310 1364 iusta
343 1332 422 1366 cet.

177 1382 210 1430 ξ.
242 1380 309 1421 64.
362 1381 728 1433 posteaquam]
780 1380 841 1418 De
859 1381 1033 1418 Manutii
1058 1380 1164 1418 coni.
1186 1379 1312 1417 Goer.
1331 1377 1527 1416 Schuetz.

66 1436 171 1474 Mos.
193 1436 264 1473 Or.
299 1438 387 1474 sine
418 1440 524 1476 iusta
555 1451 676 1476 cansa
708 1439 961 1487 scripserunt
993 1440 1179 1486 postea
1210 1448 1358 1486 quum
1390 1433 1526 1471 idem-

64 1505 141 1543 que
172 1492 294 1530 Bakio
326 1493 491 1544 placuit.
548 1494 631 1532 Sed
656 1495 862 1531 Romanos
895 1493 1194 1530 sententiarum
1220 1489 1526 1529 uinciendarum

63 1548 269 1585 studiosos
321 1551 626 1588 coniunctiuum
670 1555 750 1587 tam
793 1562 886 1587 cum
929 1549 1004 1586 hac
1042 1549 1358 1595 coniunctione,
1409 1559 1527 1596 quam

62 1617 150 1641 cum
183 1605 309 1643 simili
344 1612 617 1658 antequam
653 1607 835 1643 iunxisse
866 1609 908 1642 et
940 1609 1105 1642 ueteres
1138 1604 1351 1655 grammati
1395 1602 1524 1640 tradi-

61 1660 210 1698 derunt
241 1673 263 1698 a
292 1662 460 1699 Krausio
494 1665 622 1712 citati,
659 1662 843 1700 Diomed.
887 1674 910 1712 p
960 1660 1043 1700 388
1085 1666 1127 1698 et
1169 1661 1327 1699 Charis,
1372 1672 1409 1710 p.
1444 1658 1525 1698 203

61 1720 103 1753 et
135 1717 261 1766 ipsius
295 1718 507 1756 Ciceronis
550 1719 705 1770 aliquot
747 1717 946 1768 exemplis
991 1718 1296 1768 comprobatum
1341 1720 1418 1753 cst.
1461 1714 1523 1754 Cf.

59 1777 230 1824 praeter
260 1772 373 1811 locos
407 1789 425 1811 a
460 1776 624 1813 lx'rausio
658 1775 815 1815 allatos.
858 1775 943 1812 Cic.
985 1774 1035 1811 de
1067 1775 1162 1825 imp.
1208 1773 1280 1813 Cn.
1312 1773 1457 1822 Pomp.
1484 1770 1525 1820 4,

61 1828 85 1867 9
118 1834 160 1866 et
191 1828 242 1865 ad
275 1830 389 1868 Fam.
421 1828 476 1880 ll,
510 1831 567 1871 19.
596 1833 630 1871 1.
661 1834 781 1869 etiam
805 1845 877 1882 pro
902 1830 1066 1867 Cluent.
1090 1830 1158 1880 64,
1188 1830 1282 1870 181.
1315 1833 1524 1882 postea-

61 1898 204 1936 quam
240 1885 340 1924 illa
372 1888 708 1926 abducturam
742 1901 799 1926 se
830 1886 1020 1936 filiam,
1051 1892 1359 1925 mutaturam
1398 1897 1523 1922 esse

59 1946 435 1981 testamentum
479 1947 800 1993 minaretur,
855 1941 1075 1982 mulieri
1116 1942 1525 1982 crudelissimae

60 2011 262 2036 seruum
296 1999 732 2039 crudelissimum
767 2001 944 2038 nonin
978 2003 1343 2050 quaestionem
1378 1995 1526 2047 tulit,

60 2054 151 2092 sed
184 2053 336 2105 plane
369 2057 428 2094 ad
461 2058 771 2109 supplicium
806 2056 969 2096 dedit.
1035 2055 1191 2094 Similis
1244 2059 1377 2093 autem
1420 2056 1524 2092 ratio

63 2115 126 2149 est
164 2112 494 2150 coniunctionum
538 2113 828 2151 relatiuuarum
875 2118 996 2162 atque
1048 2114 1301 2162 pronominis
1344 2109 1523 2148 relatiui-

61 2167 411 2217 Quemadmodum
443 2170 522 2207 hoc
553 2172 593 2208 in
627 2169 863 2207 definienda
894 2167 1077 2219 generali
1112 2170 1170 2206 rei
1203 2169 1371 2206 notione
1410 2169 1524 2217 cogi-

64 2225 218 2288 tatione
258 2227 554 2276 comprehcnsa
592 2228 896 2264 coniunctiuum
930 2225 1125 2263 adsciscit
1155 2225 1229 2274 (cf.
1263 2224 1310 2274 ll,
1344 2224 1375 2274 §
1409 2223 1524 2269 3O.J:

65 2291 124 2315 sie
156 2281 465 2318 coniunctiones
508 2290 783 2334 antequam
826 2287 868 2320 et
910 2287 1251 2333 posteaquam
1291 2282 1522 2318 coniuncti-

68 2347 157 2371 uum
201 2336 257 2371 ita
293 2336 553 2388 adsciscunt,
594 2341 627 2376 si
668 2353 746 2377 non
790 2339 991 2376 factorum
1040 2339 1240 2389 quaedam
1289 2339 1522 2387 successio,

3 2416 8 2421 -
66 2390 138 2427 sed
195 2389 289 2428 talis
337 2394 531 2443 quaedam
594 2398 889 2433 sententiarum
941 2396 1206 2433 necessitudo
1264 2392 1521 2444 declaratur,

68 2460 173 2497 quae
206 2448 452 2496 cogitatione
491 2457 644 2489 tantum
688 2451 1074 2502 comprehendatur.
1142 2453 1231 2490 Iloc
1273 2452 1395 2501 igitur
1432 2449 1522 2488 loco

66 2505 189 2540 uerba
231 2511 568 2557 posteaquam
613 2531 662 2536 —
704 2510 1017 2558 coepissent
1055 2509 1162 2547 hanc
1217 2509 1300 2546 uim
1346 2507 1524 2546 habent:

67 2560 265 2597 nachdem
306 2563 369 2599 ein
409 2562 572 2602 soli-her
602 2566 826 2616 Zeitpnnct
867 2565 1127 2616 eingetreten
1170 2579 1276 2615 war,
1319 2563 1414 2602 dass
1457 2564 1524 2602 die

68 2617 523 2670 Leichenbegangnisse
556 2624 743 2672 aniingen
775 2625 856 2659 cet.

182 2674 498 2728 Phalereus]
562 2678 637 2717 Est
664 2679 730 2717 hic
763 2678 995 2716 Demetrius
1018 2676 1260 2728 Phalereus,
1291 2676 1524 2716 Aristotelis

67 2727 309 2782 discipulus,
341 2733 606 2773 Atheniensis
638 2740 679 2773 et
710 2735 959 2774 Athenarum
994 2737 1069 2774 sub
1103 2734 1351 2784 Cassandro,
1385 2734 1524 2771 Mare-

69 2785 214 2825 doniae
259 2802 380 2840 rege,
420 2793 680 2842 gubernator.
743 2793 915 2844 Saepius
959 2805 1050 2831 eum
1092 2797 1234 2831 noster
1277 2790 1413 2828 laudat
1445 2789 1525 2843 (cf.

1226 2860 1309 2897 lb‘f‘
