1781 3192
464 209 618 248 Llssfflt
651 208 871 248 PMMUS.
922 207 1019 249 cip.
1053 207 1106 248 lV
1139 207 1182 247 V.
1497 206 1554 243 27

200 322 269 366 V.
332 323 366 372 ᾗ.
403 322 462 363 15.
523 324 565 360 si
595 321 842 373 quaeres]
875 321 1038 370 Bakius,
1070 321 1135 371 qui
1169 321 1212 358 ut
1251 322 1346 357 ante
1376 317 1549 356 Ratlnius

84 392 158 432 pro
190 392 409 429 quaeres
450 378 753 418 commendauit
791 379 1026 427 quaeris,
1073 378 1163 427 quia
1202 378 1241 414 in
1282 374 1358 413 hac
1386 374 1551 413 dicendi

86 435 262 474 formula
300 449 380 474 non
425 435 537 473 locus
580 440 692 473 esset
723 434 886 483 futuro,
925 434 1071 471 inscite
1103 434 1180 471 hoc
1211 430 1374 470 dicendi
1406 443 1549 481 genus,

87 505 168 543 quo
200 505 346 530 revera
379 493 604 543 quempiam
636 491 830 528 sumimus
863 501 1073 540 quaerere,
1112 488 1300 527 confudit
1330 500 1418 525 cum
1453 488 1548 525 rhe-

85 550 213 586 torico
247 547 332 597 illo,
367 562 442 598 quo
475 554 559 586 tum
593 549 756 595 utimur,
790 559 878 584 cum
914 547 976 595 ei,
1011 558 1129 595 quem
1173 548 1438 595 quaerentem
1470 545 1548 581 tin-

85 607 233 655 gimuS,
256 609 321 641 aut
342 618 424 642 rem
452 609 519 642 aut
541 605 707 641 uerbum
727 602 1050 653 suppeditamuS.
1086 601 1174 639 Cic.
1193 601 1273 639 Off.
1298 596 1378 649 lll,
1398 599 1463 640 20.
1479 599 1548 640 80.

85 665 137 698 et
167 673 220 697 ea
251 673 357 709 reS,
405 662 444 699 si
473 661 708 711 quaeriS,
754 661 798 696 ci
839 672 1014 709 magno
1057 658 1239 695 honori
1273 656 1380 694 suit.
1422 657 1548 697 Tusc.

85 713 175 765 Ill,
216 714 281 756 29.
325 717 391 757 73,
446 715 769 768 praeclarum
818 714 955 753 illud
1000 718 1079 752 est
1130 718 1182 750 et
1231 713 1272 750 si
1323 714 1550 762 qnaeris,

84 776 279 810 rectum
314 786 510 823 quoque
543 777 595 811 et
627 784 801 811 uerum
834 775 916 809 cet.
949 770 1002 809 de
1029 770 1100 808 Or.
1135 765 1193 819 ΙΙ,
1226 768 1280 810 62
1323 767 1420 808 25-1.
1453 769 1548 807 Cat.

84 830 180 869 Mai.
218 828 279 868 18.
316 830 382 870 65.
417 830 467 867 ad
498 831 613 868 Fam.
647 829 734 878 Vll,
772 828 807 868 1.
841 828 884 867 2.
945 828 1036 865 Hoc
1076 832 1210 864 autem
1240 824 1331 863 loco
1360 838 1450 863 cum
1481 837 1550 863 re-

84 899 196 935 uera,
228 886 322 936 quid
354 887 445 937 ipse
476 887 666 936 sentiret,
699 886 884 924 Marcum
919 884 1194 935 quaesiturum
1229 894 1321 919 esse
1344 887 1547 930 sumeret,

84 946 152 980 aut
187 944 462 993 praesenti
501 947 688 994 tempore
719 943 776 979 uti
806 942 960 992 potuit,
993 944 1037 978 ut
1066 946 1163 978 tunc
1193 940 1342 990 ipsum,
1382 942 1450 976 aut
1480 938 1549 975 fu-

84 1004 227 1049 turo,
261 1005 305 1037 ut
334 1005 430 1050 post
461 1012 550 1036 eum
579 1005 843 1050 quaerentem
867 998 1058 1046 fingeret,
1090 994 1431 1045 quemadmodum
1453 1007 1550 1046 par-

85 1053 209 1093 ticula
241 1057 280 1093 si
314 1068 392 1093 non
427 1055 567 1092 addita
598 1054 648 1092 ad
681 1056 763 1092 Att.
800 1054 869 1103 lV,
902 1053 966 1093 16.
1001 1051 1037 1091 9.
1076 1052 1152 1089 ait:
1195 1053 1413 1101 quaeris
1453 1063 1549 1100 ego

84 1116 136 1148 ut
176 1123 250 1148 me
292 1108 586 1161 gesserim?
627 1123 701 1161 pro
732 1109 931 1158 Arche,
968 1109 1034 1148 12.
1077 1119 1298 1158 quaeres
1331 1120 1352 1143 a
1382 1108 1549 1155 nobis,

85 1167 253 1215 Grati,
289 1170 686 1217 curtantopere
716 1166 810 1203 hoc
841 1166 1048 1203 nomine
1079 1161 1420 1202 delectemur.
1449 1162 1551 1203 ibid.

87 1223 127 1272 7,
163 1222 226 1263 15.
260 1227 485 1273 quaeret
516 1223 794 1274 quispiam.

199 1279 376 1317 Platon
391 1278 481 1328 em]
557 1280 717 1327 Quanta
768 1276 953 1317 Platonis
1011 1276 1280 1316 admiratione
1325 1280 1554 1325 teneretur,

83 1337 174 1386 ipse
222 1337 373 1387 passim
421 1334 661 1374 declarauit.
731 1335 794 1373 Cf.
836 1331 923 1385 Ill,
968 1335 1006 1375 1.
1041 1334 1078 1375 1.
1111 1334 1161 1372 ad
1192 1336 1278 1376 Att.
1309 1334 1378 1384 lv,
1415 1332 1477 1374 16.
1511 1333 1553 1373 3.

85 1393 208 1431 ‹leus
250 1390 349 1429 ille
388 1396 572 1429 noster
612 1390 778 1431 Plato.
847 1391 1033 1429 Eandem
1073 1390 1234 1430 laudem
1280 1390 1443 1428 Platoni
1476 1391 1552 1427 tri-

86 1451 279 1486 buentem
311 1449 428 1498 fingit
469 1448 522 1485 de
558 1448 648 1486 Nat.
681 1449 804 1486 Deor.
838 1444 895 1497 ΙΙ,
933 1449 993 1488 12.
1028 1447 1094 1488 32.
1126 1447 1320 1497 Balbum,
1363 1447 1429 1497 qui
1460 1458 1550 1483 eum

88 1505 199 1556 quasi
233 1504 352 1541 deum
386 1504 586 1554 quendam
620 1504 959 1556 philosophorum
990 1507 1187 1542 nominat.

199 1558 319 1609 ille]
360 1558 530 1598 Scilicet
568 1573 669 1610 quae
708 1562 799 1612 ipse
837 1561 1045 1598 sentiebat
1079 1560 1197 1598 Plato
1239 1559 1392 1609 hospiti
1425 1558 1551 1597 Athe-

87 1617 220 1653 niensi
253 1617 422 1665 tribuit,
463 1618 529 1667 qui
570 1615 653 1654 illis
694 1618 733 1654 in
776 1615 895 1653 libris
937 1629 1025 1655 cum
1059 1616 1185 1654 Crete
1217 1615 1350 1653 Clinia
1389 1620 1432 1653 et
1463 1628 1551 1653 cum

91 1671 259 1723 Megillo
292 1672 615 1710 Lacedaemonio
648 1671 903 1723 colloquitur.

202 1728 263 1765 de
294 1728 596 1778 institutis]
658 1728 775 1778 Quod
807 1728 1058 1766 Goerenzius
1092 1728 1215 1778 fecit,
1260 1732 1303 1765 ut
1334 1727 1551 1778 optimis

87 1782 152 1821 uel
183 1784 233 1822 ad
265 1785 540 1822 institutis
572 1785 764 1834 referret,
796 1784 840 1822 id
871 1797 948 1823 nec
969 1797 1046 1836 per
1066 1785 1351 1835 grammaticas
1373 1785 1553 1821 rationes

87 1841 223 1878 facere
255 1841 354 1878 licet
386 1840 487 1888 (dici
518 1844 698 1893 oportuit
729 1841 940 1892 legibus
973 1839 1214 1894 optimis)
1256 1852 1332 1878 nec
1361 1852 1438 1891 per
1467 1852 1552 1877 rem

85 1899 230 1947 ipsam.
291 1898 378 1934 Non
414 1898 520 1934 enim
554 1897 606 1934 de
638 1899 790 1948 optima
821 1910 956 1934 rerum
986 1896 1237 1948 publicarum
1271 1896 1402 1934 forma
1434 1895 1552 1934 Plato

87 1954 126 1990 in
167 1951 250 1989 illis
291 1952 342 1990 de
381 1952 540 2001 legibus
572 1953 687 1991 libris
726 1955 915 2004 scripsit,
945 1953 1017 1990 sed
1056 1953 1109 1991 de
1148 1954 1274 1991 certis
1307 1952 1550 2003 quidusdam

87 2010 296 2046 ciuitatum
354 2010 554 2046 institutis
609 2009 829 2059 disseruit,
876 2009 1318 2058 Lacedaemoniorum,
1371 2009 1553 2059 Cretum,

89 2065 274 2103 aliorum.

200 2126 304 2159 tum
337 2122 529 2172 autem]
571 2122 693 2160 Tum
733 2123 916 2160 actiones
958 2122 999 2163 h.
1042 2122 1072 2161 l.
1114 2122 1318 2172 significat
1354 2134 1400 2160 se
1441 2123 1552 2159 exci-

89 2179 269 2229 pienteS,
302 2191 382 2216 non
414 2179 688 2231 partiendi
720 2180 801 2216 uim
832 2179 972 2229 habet,
1007 2183 1051 2217 ut
1081 2178 1234 2217 dictum
1267 2179 1321 2216 sit
1350 2192 1423 2230 pro
1453 2183 1554 2218 tum

89 2233 447 2284 ambulantes,
469 2240 568 2273 tum
592 2234 912 2285 residentes,
932 2235 973 2273 id
999 2235 1106 2286 quod
1125 2235 1274 2273 Bakius
1298 2234 1416 2273 dixit.
1467 2237 1553 2275 Nec

88 2303 257 2340 usquam
290 2291 395 2329 hanc
435 2292 516 2329 uim
555 2293 728 2330 assumit
769 2291 970 2342 particula
1001 2298 1103 2330 tum
1137 2290 1267 2329 semel
1300 2293 1456 2343 posita;
1485 2298 1555 2330 aut

89 2348 271 2384 actiones
316 2348 519 2397 signifieat
569 2360 613 2385 se
664 2348 944 2398 excipientes,
992 2353 1037 2387 ut
1083 2348 1229 2411 §3470
1280 2351 1381 2386 tum
1428 2349 1555 2387 haec

90 2403 378 2440 tractanda
409 2408 487 2441 cet.
552 2405 622 2441 Ac.
656 2399 714 2452 II,
746 2403 815 2443 37.
851 2403 941 2444 138.
982 2410 1051 2443 aut
1093 2406 1135 2442 in
1170 2417 1307 2442 rerum
1340 2417 1657 2470 enumera-N

90 2459 203 2496 tione
234 2460 415 2510 ponitur,
445 2463 490 2496 ut
521 2461 594 2498 Ac.
618 2455 675 2509 II,
704 2463 742 2499 1.
774 2460 810 2498 1.
842 2472 1075 2512 magnum
1106 2462 1366 2511 ingenium
1390 2463 1438 2500 L.
1464 2463 1555 2500 Lu-

88 2512 220 2553 culli
244 2527 586 2566 magnumque
618 2518 925 2566 optimarum
955 2519 1144 2556 artium
1178 2517 1429 2568 studium,
1451 2523 1554 2557 tum

89 2573 254 2610 omnis
283 2570 620 2610 liberalitas.
653 2572 704 2611 de
735 2574 827 2611 Nat.
848 2573 971 2614 Deor.
991 2571 1026 2624 Ι,
1053 2574 1117 2616 16.
1137 2573 1205 2614 43.
1237 2574 1320 2613 Off.
1340 2571 1376 2625 Ι,
1397 2575 1467 2615 21.
1491 2577 1554 2616 71.

92 2628 175 2665 Nec
209 2629 412 2667 assentior
442 2629 670 2679 Maduigio‚
702 2630 766 2680 qui
799 2629 852 2667 de
882 2632 971 2670 Fin.
1002 2628 1059 2680 11,
1096 2630 1160 2672 16.
1184 2630 1249 2671 53.
1283 2643 1430 2682 quom
1462 2636 1558 2670 ante

92 2686 249 2723 animi
295 2684 526 2723 desiderari
568 2686 681 2724 dicit.
749 2686 839 2724 Non
884 2689 991 2726 enim
1030 2699 1204 2726 necesse
1244 2692 1309 2725 est
1350 2688 1408 2726 sic
1447 2687 1557 2738 loqui

92 2739 300 2792 Tullium,
343 2746 387 2779 ut
419 2743 461 2779 in
494 2743 631 2793 priore
674 2744 857 2781 membro
887 2745 966 2782 iam
1000 2742 1169 2782 alterius
1203 2745 1453 2796 exspectatio
1486 2755 1558 2782 ex-

92 2797 257 2837 citetur.
321 2798 383 2837 cf.
419 2797 636 2837 Stuerenb.
670 2812 742 2850 pro
774 2800 898 2839 Arch.
930 2813 972 2852 p.
1008 2798 1102 2840 179.

1285 2865 1340 2886 §ie
