1791 3192
234 196 263 228 Χ
272 197 315 229 Π
832 197 1117 233 PRAEFATIO.

234 298 330 348 fuit,
363 303 521 337 tantum
554 299 709 349 profuit
742 302 1008 339 accurationi.
1071 301 1265 339 Ceterum
1299 300 1350 339 de
1384 302 1496 341 Bakii
1537 303 1705 342 silentio

234 379 314 405 non
364 367 413 404 iis
460 371 617 404 tantum
660 365 760 405 locis
804 369 1053 406 mentionem
1093 369 1203 419 feci,
1247 369 1391 420 quibus
1430 369 1482 407 de
1521 370 1705 409 codicum

236 435 437 486 scriptura
466 439 621 473 certam
654 435 751 472 mihi
784 434 948 475 uiderer
977 435 1116 474 facere
1146 448 1271 488 posse
1298 438 1602 489 coniecturam,
1630 451 1704 478 ue-

233 515 324 540 rum
357 503 479 540 etiam
511 501 612 541 locis
645 504 710 553 iis,
745 504 887 554 quibus
918 502 960 541 id
993 502 1061 541 uel
1092 505 1266 542 maxime
1292 503 1456 543 dubium
1491 509 1620 556 esset,
1652 518 1706 544 ne

235 570 301 619 qui
334 580 425 607 mea
458 567 644 609 editione
677 574 906 620 uterentur,
936 572 977 608 in
1011 571 1240 623 scripturae
1279 569 1555 623 discrepantia
1593 573 1706 624 quic—

236 650 356 688 quam
390 635 703 689 desiderarent,
746 637 853 689 quod
885 651 931 676 ex
963 638 1110 691 amplis
1141 638 1254 677 Bakii
1293 640 1422 691 copiis
1462 641 1547 691 peti
1582 652 1707 692 posse

232 704 464 744 uideretur.

347 796 525 835 Codices
556 801 693 834 autem
724 796 792 834 isti
825 801 868 835 et
899 798 964 848 qui
996 797 1064 836 alii
1088 799 1242 850 passim
1266 802 1363 836 sunt
1388 799 1583 849 inspecti,
1615 795 1706 836 uel-

236 866 294 904 uti
327 865 538 914 Lambini,
568 864 732 911 Ursini,
766 861 952 914 aliorum,
986 877 1129 903 omnes
1162 877 1209 903 ex
1238 878 1319 903 uno
1354 864 1583 916 eodemque
1615 878 1708 904 cor-

234 937 355 984 rupto
398 930 617 969 admodum
649 944 693 968 ac
725 930 870 969 mutilo
902 932 1047 970 codice
1077 932 1302 981 fluxerunt,
1341 930 1384 968 id
1418 931 1525 982 quod
1569 931 1707 971 decla-

233 1003 327 1037 rant
357 999 533 1051 primum
570 996 741 1036 lacunae
781 998 981 1049 quaedam
1014 1011 1251 1037 communes
1284 997 1469 1037 codicum
1511 1001 1708 1049 omnium,

232 1054 597 1118 interpretantium
630 1065 782 1103 deinde
814 1065 1094 1104 additamenta
1126 1065 1325 1117 quaedam
1358 1070 1523 1117 reperta
1544 1067 1585 1104 in
1617 1079 1706 1104 om-

233 1136 373 1185 nibus,
405 1132 608 1173 eiusmodi
650 1132 828 1183 deniqne
858 1134 1008 1172 menda
1050 1135 1262 1185 quaedam,
1304 1147 1405 1184 quae
1437 1133 1622 1173 miraculi
1653 1136 1708 1172 sit

232 1203 368 1241 instar
399 1201 578 1239 eundem
610 1202 650 1238 in
682 1200 844 1238 modum
880 1214 974 1239 casu
1008 1207 1097 1240 orta
1128 1215 1221 1240 esse
1253 1203 1294 1239 in
1327 1202 1526 1239 omnibus.

347 1293 403 1330 Et
435 1292 487 1329 de
515 1290 674 1329 lacunis
695 1296 739 1328 ut
768 1292 944 1343 primum
975 1292 1122 1343 dicam,
1151 1292 1279 1330 codex
1310 1290 1446 1330 nullus
1477 1289 1584 1330 ultra
1613 1290 1707 1332 libri

234 1361 349 1399 tertii
382 1373 471 1410 cap.
497 1358 562 1398 20.
595 1357 874 1409 progreditur,
907 1373 998 1398 cum
1032 1373 1078 1398 ex
1111 1360 1308 1399 Macrobii
1338 1359 1423 1398 Sat.
1449 1359 1520 1410 Vl,
1541 1359 1578 1400 4.
1612 1361 1705 1408 (cfr.

232 1429 499 1480 fragmenta),
533 1438 782 1476 sermonem,
815 1428 974 1465 etiamsi
1008 1441 1087 1465 non
1116 1429 1169 1465 sit
1192 1427 1421 1478 absolutus,
1452 1435 1589 1466 tamen
1614 1427 1706 1467 lon-

232 1498 321 1548 gius
355 1509 377 1533 a
407 1493 544 1533 Tullio
570 1493 815 1544 productum
842 1508 937 1533 esse
959 1500 1135 1534 constet.
1199 1497 1390 1545 Quaeque
1414 1494 1566 1535 deinde
1588 1497 1705 1548 quin-

234 1576 313 1615 que
344 1562 529 1601 locis-—
564 1557 600 1611 Ι,
632 1560 701 1602 40.
738 1558 773 1611 I,
806 1562 872 1602 57.
906 1558 964 1612 ΙΙ,
997 1561 1066 1602 28.
1100 1558 1160 1613 II,
1191 1560 1256 1602 54.
1290 1558 1372 1612 ΙΙΙ,
1408 1562 1474 1603 17.
1507 1585 1559 1591 --
1589 1564 1706 1601 inue-

233 1632 405 1668 niuntur
435 1630 612 1667 maiores
644 1632 878 1667 minore-sue
902 1627 1085 1679 lacunae,
1119 1628 1290 1667 eaedem
1315 1633 1411 1668 sunt
1432 1631 1473 1668 in
1497 1629 1706 1668 codicibus

233 1699 433 1737 omnibus.
493 1698 858 1748 interpretantium
889 1702 1024 1735 autem
1056 1696 1337 1734 additamenta
1364 1698 1513 1735 ceteris
1536 1699 1708 1748 insigni-

232 1779 302 1804 ora
343 1765 458 1803 haec.
491 1763 862 1816 deprehendimus:
910 1761 953 1815 I,
987 1763 1023 1804 3.
1055 1776 1300 1802 uerumne
1330 1765 1418 1813 sit3
1468 1761 1503 1814 Ι,
1537 1764 1606 1805 34.
1647 1765 1707 1803 (16

231 1834 479 1872 amicitia
508 1831 680 1880 locus;
724 1832 754 1881 l,
786 1831 854 1872 61.
884 1831 1187 1884 popularem
1217 1830 1450 1870 alicuius
1486 1832 1701 1871 definiti

229 1901 360 1950 loci;
394 1896 453 1949 ΙΙ,
487 1900 524 1939 5.
554 1899 713 1936 habet
755 1900 1012 1937 ciuitates
1054 1899 1178 1937 duas
1221 1899 1367 1948 (duas
1398 1912 1478 1940 om.
1510 1901 1551 1936 in
1583 1900 1705 1939 codd.

231 1963 497 2019 melioribus)
530 1970 572 2004 et
614 1965 700 2016 (uel
738 1963 851 2019 sed)
884 1979 1025 2004 unam
1071 1965 1211 2005 illam
1242 1969 1508 2006 ciuitatem
1539 1972 1706 2020 putat.

234 2038 283 2087 ll,
318 2035 386 2077 28.
416 2034 664 2074 uincendi
696 2040 851 2085 atque
881 2034 1154 2085 potiundi3
1188 2033 1340 2071 deinde
1382 2035 1555 2085 sandi,
1597 2037 1702 2087 quod

232 2102 376 2157 procul
423 2103 545 2140 dubio
596 2097 728 2139 ortum
781 2105 846 2139 est
895 2113 941 2137 ex
990 2100 1165 2138 standi
1219 2102 1358 2141 uerbo.
1430 2102 1488 2151 Π,
1531 2102 1598 2143 60.
1643 2103 1703 2142 de

232 2175 458 2209 unctura
499 2180 643 2218 quae.
705 2167 761 2216 Π,
806 2166 873 2206 60.
906 2169 1177 2219 praecipit
1210 2168 1380 2206 altera
1412 2169 1555 2221 lege,
1595 2171 1701 2221 quod

233 2250 385 2276 nouum
417 2236 529 2288 cepit
566 2236 868 2274 incrementum
909 2236 950 2272 in
993 2234 1290 2273 deterioribus:
1332 2238 1603 2290 praecipit
1634 2237 1702 2276 al-

231 2311 341 2345 tera
372 2303 454 2341 lex
487 2308 645 2342 uetat.
705 2303 925 2340 Latissime
958 2307 1091 2340 autem
1121 2307 1234 2353 patet
1271 2316 1398 2354 genus
1438 2302 1541 2342 illud
1583 2318 1701 2342 men-

232 2375 400 2422 dorum,
441 2384 543 2422 quae
577 2378 671 2408 nata
703 2375 799 2408 sunt
829 2369 985 2408 librarii
1018 2370 1082 2408 uel
1114 2371 1284 2408 leuitate
1315 2370 1379 2408 uel
1411 2371 1700 2423 imprudentia.

232 2442 287 2479 Et
332 2444 555 2478 cernuntur
602 2437 670 2476 illa
716 2439 881 2489 quidem
929 2439 966 2475 in
1017 2439 1234 2476 uerborum
1283 2438 1583 2489 syllabarumue
1637 2439 1703 2477 uel

234 2509 458 2548 omissione
485 2504 553 2544 uel
585 2506 838 2555 accessione,
880 2510 920 2542 et
942 2506 981 2543 in
1006 2507 1153 2556 insigni
1179 2506 1349 2557 quadam
1371 2506 1598 2545 litterarum
1629 2506 1701 2543 de-

232 2576 491 2629 prauatione.
555 2574 642 2621 Quo
684 2573 722 2609 iu
763 2585 915 2622 genere
952 2586 1032 2610 non
1067 2572 1240 2624 desunt,
1272 2578 1498 2625 quae-nata
1525 2573 1607 2610 sint
1636 2578 1703 2611 aut

236 2645 396 2682 duobus
429 2640 495 2679 uel
525 2642 655 2679 tribus
688 2640 896 2678 uocabulis
929 2642 1116 2679 conflatis
1145 2644 1184 2679 in
1218 2655 1358 2692 unum,
1392 2638 1521 2678 ueluti
1553 2640 1602 2689 ll,
1636 2638 1702 2680 24.

235 2745 443 2798 quidem
471 2758 544 2796 pro
575 2756 776 2795 quoque
805 2743 985 2781 eadem
1019 2715 1293 2796 (qlzademk
1333 2743 1388 2793 ll,
1421 2742 1489 2784 26.
1522 2743 1703 2782 infans

234 2829 307 2866 pro
329 2816 377 2852 in
402 2814 564 2860 sanis3
593 2810 720 2861 11‚32.
739 2823 957 2848 summos
979 2813 1115 2862 prosi
1143 2812 1275 2849 enim
1301 2809 1704 2861 de0s311,48.m0-
