1781 3192
210 165 270 205 5ss
780 163 849 202 DE
883 164 1115 204 LEGfflUS

212 278 394 320 additum
419 281 545 315 esset.
607 273 766 313 Deinde
800 289 888 314 eum
918 278 1039 316 uerba
1062 276 1298 315 leuitate
1323 300 1375 305 -—
1400 277 1680 318 delectans

211 337 347 376 uerbis
374 333 570 372 accedant
591 333 773 383 proxime
796 333 1143 384 praecedentibus
1168 338 1342 372 tamen
1367 333 1682 387 habetquid-

212 393 321 432 dam
360 387 537 429 simile
575 387 812 426 naturali
853 390 1010 440 bono,
1052 404 1099 428 ea
1137 391 1240 441 ipsa,
1280 402 1382 440 quae
1413 404 1573 430 causam
1607 391 1682 430 de-

212 448 392 496 clarant,
434 458 506 483 cur
545 443 720 482 naturali
761 446 868 483 bono
911 445 1098 497 uoluptas
1141 445 1291 484 similis
1329 448 1408 497 sit,
1459 461 1539 486 non
1581 449 1682 487 satis

211 505 391 556 grauiter
422 502 662 551 efferuntur,
694 502 727 538 si
762 502 860 551 sie,
894 508 938 540 ut
968 503 1080 541 Brut.
1117 501 1182 553 18,
1217 503 1297 552 71,,
1339 503 1389 541 ad
1421 508 1681 556 tamquam

210 560 370 599 referre
419 557 616 596 uolueris.
685 557 968 596 Demonstrari
1019 564 1153 597 autem
1207 559 1408 610 particula
1457 574 1527 610 ea,
1581 573 1682 612 quae

210 616 424 669 participio
458 619 552 651 sunt
585 612 806 663 declarata,
842 619 886 652 ut
923 616 1083 666 grauius
1127 615 1370 667 efferantur,
1413 616 1456 655 id
1498 617 1683 656 Graeco-

211 686 301 712 rum
343 676 407 710 est
448 669 523 724 (ef.
557 668 705 707 Stallb.
747 670 797 707 ad
828 669 932 710 Plat.
974 671 1080 711 Phil.
1122 685 1159 723 p.
1199 671 1292 713 135.
1334 673 1455 724 (ἔοις
1495 687 1535 724 p.
1570 670 1683 727 GO.)‚

211 742 292 768 non
334 730 632 776 Romanorum,
684 727 748 777 qui
790 727 824 764 si
871 727 1029 778 quando
1069 742 1145 780 per
1186 729 1306 767 istam
1350 729 1587 781 particulam
1636 744 1683 767 ea

213 787 518 831 demonstrant,
553 795 653 833 quae
684 783 1031 834 praecedentibus
1065 784 1304 836 quibusdam
1334 787 1559 838 participiis
1588 790 1682 824 sunt

212 841 443 891 declarata,
484 840 524 878 id
567 842 622 877 ita
662 839 842 890 faciunt,
886 842 919 878 si
961 840 1211 892 implicatior
1252 843 1434 880 euaserit
1463 844 1681 881 uerborum

213 904 435 939 structura.
494 897 585 936 Liu.
622 895 823 946 XXXVII,
851 895 917 937 34.
979 898 1166 948 Denique
1200 896 1464 949 leuitatis,
1498 913 1578 937 non
1609 898 1683 937 le-

211 957 404 994 nitatis
434 966 595 1002 uocem,
629 966 650 990 a
681 953 824 1003 steph.
858 954 1019 994 Manut.
1050 955 1148 993 Sch.
1182 954 1306 997 Goer.
1349 968 1603 1007 expressam,
1641 960 1683 993 et

213 1012 376 1051 codices
415 1014 628 1062 praestant
671 1013 713 1046 et
759 1012 968 1048 sententia
1014 1012 1103 1062 ipsa
1150 1012 1376 1052 confirmat.
1447 1011 1682 1064 Uoluptatis

215 1073 280 1107 est
312 1069 417 1106 enim
451 1079 532 1104 non
562 1066 729 1115 lenitas,
763 1065 837 1103 sed
869 1066 1036 1116 leuitas,
1069 1069 1131 1105 cui
1156 1070 1357 1106 contraria
1380 1072 1444 1106 est
1467 1070 1682 1119 asperitas.

327 1121 622 1173 similique]
685 1121 786 1159 Cum
829 1124 1056 1161 orationem
1104 1125 1277 1175 primum
1328 1126 1385 1163 ita
1432 1126 1684 1163 instituisset

211 1184 283 1227 (et
315 1179 631 1231 uoluptate),
667 1182 871 1229 tamquam
903 1178 1075 1218 alterum
1110 1185 1161 1218 et
1192 1185 1304 1218 esset
1335 1186 1588 1230 secuturum,
1634 1181 1681 1217 ab

211 1239 288 1277 hac
320 1237 515 1276 orationis
546 1235 677 1273 forma
706 1240 876 1287 propter
908 1249 977 1286 ea,
1017 1249 1120 1287 quae
1160 1238 1404 1288 interposita
1444 1241 1562 1286 sunt,
1606 1235 1681 1274 de—

212 1297 348 1344 flexit3
403 1306 480 1344 quo
540 1291 592 1330 de
646 1303 798 1343 genere
853 1291 947 1330 uide
1003 1294 1044 1331 in
1087 1294 1232 1345 primis
1287 1293 1425 1334 Mada.
1494 1293 1582 1332 Cic.
1631 1293 1682 1331 de

210 1353 305 1389 Fin.
338 1364 378 1401 p.
411 1347 505 1389 729.

326 1419 434 1444 cum
478 1404 583 1455 sua]
659 1403 775 1453 Quod
822 1405 901 1442 iam
942 1405 1049 1443 Uict.
1093 1405 1233 1446 Lamb.
1272 1406 1371 1444 Ern.
1413 1406 1557 1456 VVagn.
1611 1419 1682 1443 ex-

212 1466 452 1517 presserant
484 1467 526 1499 et
555 1459 677 1499 codd.
712 1458 907 1498 meliores
946 1466 1091 1499 tenent
1132 1475 1221 1499 cum
1255 1462 1466 1513 plerisque
1498 1462 1681 1500 deterio-

210 1534 298 1559 rum
333 1532 462 1568 cum,
503 1517 546 1555 id
585 1520 699 1554 recte
739 1516 883 1554 Bakius
926 1520 1135 1556 reuocauit
1175 1531 1247 1569 pro
1290 1531 1354 1568 eo,
1403 1517 1511 1570 quod
1551 1518 1681 1557 Goer.

211 1578 304 1616 sch.
337 1576 440 1614 Mos.
473 1575 545 1613 Or.
579 1578 871 1624 expresserunt
904 1579 1032 1624 tum,
1073 1574 1179 1625 quod
1221 1575 1270 1612 ad
1313 1579 1475 1626 tempus
1523 1580 1679 1613 tantum

213 1637 402 1685 spectare
450 1635 569 1669 acute
617 1629 918 1668 demonstrauit
958 1630 1179 1671 Stuerenb.
1227 1644 1301 1683 pro
1338 1632 1461 1671 Arch.
1505 1645 1544 1684 p.
1587 1630 1681 1673 164.

211 1690 273 1730 Cf.
310 1691 432 1727 etiam
464 1686 606 1727 Madu.
638 1685 689 1728 de
720 1687 813 1725 Fin.
843 1699 883 1737 p.
919 1685 983 1726 73.

327 1747 359 1796 ᾗ.
390 1744 459 1785 32.
518 1756 610 1781 nec
646 1744 687 1780 si
722 1743 1029 1795 opiniones]
1078 1745 1228 1783 Locum
1250 1742 1546 1783 conclamatum
1566 1749 1681 1783 recte

213 1802 425 1854 expediuit
462 1800 611 1839 Bakius
654 1798 801 1836 eodem
842 1799 986 1849 modo,
1030 1813 1108 1851 quo
1151 1813 1226 1850 ego
1268 1800 1461 1852 expediui
1503 1800 1681 1838 nondum

214 1860 375 1911 cognita
408 1859 494 1896 eius
526 1857 809 1908 disputatione
835 1856 876 1893 in
899 1856 1040 1894 Jahnii
1071 1853 1185 1894 Ann.
1212 1855 1332 1897 1842.
1365 1870 1400 1908 p.
1433 1856 1533 1898 302.
1577 1857 1684 1896 Sen-

213 1918 345 1955 tentia
384 1916 575 1952 nimirum
615 1913 719 1950 haec
759 1916 848 1950 est:
892 1913 1010 1951 Licet
1047 1911 1150 1952 aliae
1192 1914 1278 1951 sint
1316 1914 1531 1965 opiniones
1574 1913 1684 1965 apud

214 1972 314 2011 alios
346 1970 545 2024 populos,
585 1981 737 2020 genere
777 1974 913 2007 tamen
955 1970 1267 2020 superstitionis
1307 1983 1449 2008 omnes
1488 1975 1686 2009 tenentur

214 2028 378 2078 eodem,
413 2032 457 2066 ut
486 2041 538 2065 ne
569 2027 863 2076 Aegyptiorum
895 2025 1056 2076 quidem
1099 2039 1238 2064 canem
1274 2032 1316 2065 et
1346 2024 1469 2064 selem
1506 2031 1549 2066 ut
1584 2026 1683 2065 deos

214 2084 437 2123 colentium
477 2085 717 2134 superstitio
753 2094 907 2132 genere
942 2081 1153 2133 discrepet
1193 2084 1241 2120 ab
1281 2096 1351 2132 ea,
1401 2096 1477 2133 qua
1519 2087 1684 2121 ceterae

213 2147 363 2192 gentes
396 2140 695 2178 conflictantur.
756 2138 955 2188 Loquitur
993 2140 1119 2188 igitur
1156 2138 1197 2176 h.
1230 2136 1257 2177 l.
1300 2138 1351 2177 de
1389 2141 1685 2191 superstitione

215 2194 416 2250 generali,
450 2194 790 2246 quemadmodum
825 2195 858 2244 ᾧ.
890 2192 961 2234 29.
993 2194 1152 2233 locutus
1187 2199 1253 2232 est
1292 2195 1343 2233 de
1384 2194 1567 2246 generali
1607 2196 1685 2234 ho-

216 2257 371 2294 minum
403 2251 690 2291 similitudine.
752 2252 830 2301 Qui
869 2250 1112 2301 particulam
1150 2264 1253 2289 non
1294 2257 1388 2290 ante
1420 2250 1559 2290 colunt
1591 2265 1684 2290 ora-

214 2312 318 2350 tioni
351 2310 476 2347 inseri
510 2310 734 2358 iusserunt,
772 2311 818 2345 ut
856 2306 982 2358 tht.
1025 2308 1168 2359 Wagn.
1211 2308 1316 2346 Mos.
1360 2309 1430 2347 Or.
1473 2322 1517 2346 ac
1555 2322 1686 2360 nuper

212 2368 408 2406 Krausius
440 2367 482 2403 in
514 2365 650 2403 Jahnii
676 2366 781 2402 Ann.
808 2362 925 2403 1845.
956 2378 995 2415 p.
1019 2363 1133 2414 466„
1169 2377 1249 2403 non
1279 2364 1548 2403 attenderunt
1570 2370 1685 2403 cete-

211 2437 349 2462 rarum
381 2422 562 2474 gentium
592 2421 757 2458 nomine
785 2424 872 2458 tum
906 2420 1106 2472 appellari
1131 2434 1199 2459 eas
1219 2426 1381 2472 gentes,
1415 2434 1518 2472 quae
1541 2434 1683 2460 canem

214 2484 256 2519 et
287 2479 414 2518 felem
446 2483 490 2516 ut
522 2477 622 2515 deos
656 2476 809 2528 colant,
842 2479 870 2517 i.
893 2490 930 2516 e.
990 2479 1233 2530 AegyptioS‚
1266 2478 1309 2516 id
1333 2477 1438 2530 quod
1460 2479 1549 2516 fieri
1570 2475 1682 2515 nullo

211 2541 332 2589 pacto
363 2539 515 2588 potest.

327 2593 515 2644 quibus
556 2603 610 2628 ex
650 2590 824 2641 rebus]
893 2592 1006 2641 Quae
1040 2590 1139 2629 inde
1171 2605 1193 2629 a
1229 2591 1264 2642 ᾗ.
1295 2589 1366 2631 29.
1406 2589 1682 2639 disseruntur,

215 2664 264 2689 eo
304 2650 462 2696 ualent,
507 2651 550 2685 ut
586 2647 797 2684 hominum
832 2660 926 2686 esse
960 2649 1068 2687 inter
1096 2649 1208 2700 ipsos
1240 2648 1478 2685 societatem
1511 2647 1684 2683 coniun-

215 2709 477 2755 ctionemque
506 2702 763 2753 intelligatur
837 2704 925 2742 Hoc
959 2710 1093 2752 autem
1128 2704 1290 2754 assequi
1329 2706 1499 2741 conatur
1537 2715 1682 2753 perse-

213 2762 372 2816 quendo
404 2758 579 2814 singula,
612 2760 651 2797 in
685 2761 829 2811 quibus
862 2760 1086 2800 similitudo
1119 2761 1329 2799 hominum
1358 2763 1561 2798 cernatur.
1622 2758 1681 2797 Ex

1776 2587 1778 2597 —
1776 2536 1779 2553 v
1774 2227 1781 2520 ‹—.—--..·u-»..4..-„-..,.„
1776 2179 1781 2216 q..
1778 2159 1779 2162 „
