1781 3192
244 177 336 219 256
816 175 887 215 DE
917 175 1148 215 LEGIBUS

362 287 769 338 uerberibusue]
852 287 1083 327 Admodum
1134 290 1250 327 tenui
1299 288 1419 329 codd.
1468 292 1712 329 anctoritate

248 350 438 389 Moserus
472 345 578 383 Gzio
612 356 780 382 suasore
812 357 870 382 ne
903 346 1055 395 omisit,
1088 344 1218 384 obelis
1258 350 1370 383 certe
1401 347 1559 384 notauit
1585 346 1708 385 Orel-

247 406 341 445 lius.
402 403 454 440 At
492 405 599 451 part.
641 413 703 438 ue
739 401 780 438 in
821 400 973 440 multae
1027 406 1071 440 et
1119 400 1344 440 ninclorum
1397 400 1530 439 locum
1584 405 1707 442 etiam

248 462 422 501 uerbera
442 456 667 495 succedere
689 470 812 508 posse
832 459 1048 508 significat.
1101 459 1162 496 Cf.
1192 459 1316 496 uerba
1348 457 1545 510 deinceps
1576 460 1711 509 posita

249 530 335 556 aes
368 518 642 564 argentum
685 527 943 554 aurumne.
1005 515 1198 553 Ceterum
1240 516 1274 553 si
1307 528 1450 553 nerum
1483 521 1568 564 est,
1602 514 1711 566 qnod
1772 538 1776 546 ι

246 575 336 614 LiU.
366 571 417 620 X,
449 567 486 611 9.
520 575 562 608 et
601 568 670 608 alii
710 570 877 609 tradunt
921 569 1043 624 (Sall.
1087 572 1175 611 Cat.
1209 571 1280 622 51,
1313 572 1379 612 22.
1410 571 1479 622 51,
1512 570 1580 611 40.
1625 572 1710 612 Cic.
1774 569 1776 584 ³

248 643 322 682 pro
363 628 466 668 Rab.
500 626 541 677 3,
573 625 612 667 S.
642 625 683 677 4',
719 627 768 667 12
801 633 842 665 et
879 627 938 668 13.
982 629 1021 665 in
1058 628 1171 667 Verr.
1206 628 1268 678 V,
1301 628 1368 669 63.
1404 627 1495 669 163.
1528 630 1632 680 App.
1664 629 1710 668 Β.
1774 634 1776 669 1

247 690 293 729 C.
325 681 384 736 ll,
417 680 526 737 26),
558 683 695 734 legem
728 684 915 722 Porciam
947 686 1252 735 magistratibus
1282 686 1344 723 ins
1384 686 1628 722 uerberibus
1670 687 1711 723 in

249 745 362 783 ciues
396 740 752 779 animaduertendi
773 740 993 792 ademisse,
1028 741 1191 779 Tullius
1222 742 1263 780 11.
1286 740 1312 781 l.
1346 740 1389 779 id
1421 742 1481 779 eis
1514 742 1711 781 restitnit.

248 800 312 841 (tf,
344 798 515 837 Beckeri
554 797 647 837 Ant.
686 811 787 836 rom.
820 793 900 838 Ill.
934 797 972 838 3.
1013 812 1052 850 p.
1092 797 1182 838 150.
1252 798 1313 835 De
1355 799 1649 849 prouocatione
1690 811 1714 836 a

248 858 408 895 mInore
441 855 681 904 magistratu
713 853 762 891 ad
795 855 1006 904 maiorem,
1047 856 1094 892 ab
1128 855 1316 892 omuibus
1349 854 1400 892 ad
1431 853 1625 906 populum
1658 853 1711 893 cf.
1765 875 1767 880 ·

249 914 367 953 Geib.
410 910 778 962 Criminalprozess
818 924 857 962 p.
888 909 954 951 24.
994 910 1083 951 156.
1116 923 1203 961 sqq.
1238 911 1322 950 Cic.
1357 911 1461 962 Rep.
1493 907 1553 960 ΙΙ,
1585 909 1655 952 31.

360 965 678 1021 populusne]
737 967 799 1005 Ex
830 966 1070 1017 quibusdam
1101 967 1218 1006 codd.
1253 967 1413 1005 indiciis
1446 967 1552 1018 qnod
1585 967 1711 1005 Gzius

250 1026 452 1074 coniecit,
484 1022 814 1076 populosue,
846 1023 888 1061 id
919 1037 1018 1062 sane
1048 1025 1135 1062 ueri
1167 1023 1420 1062 simillimum
1454 1029 1519 1063 est
1550 1025 1592 1062 in
1623 1022 1712 1064 cod.

248 1084 357 1124 arch,
390 1082 533 1121 fuisse.

365 1140 523 1187 Quom
572 1136 715 1188 mag]
791 1136 1010 1175 Pertincnt
1061 1135 1165 1175 haec
1212 1135 1263 1174 ad
1303 1138 1605 1176 accusationem
1652 1136 1715 1174 rei

250 1199 291 1235 in
330 1194 528 1232 concione
564 1206 638 1244 per
677 1193 959 1243 magistratum
999 1192 1337 1244 comparandam3
1376 1195 1417 1231 in
1460 1207 1538 1244 qua
1579 1190 1716 1231 iudi·
1765 1233 1768 1239 ,

251 1251 403 1292 candi
438 1251 605 1287 uerbum
636 1247 864 1300 legitimum
899 1250 1028 1287 fuisse
1058 1251 1156 1287 satis
1198 1254 1370 1289 constat.
1420 1246 1538 1301 (Liu.
1568 1248 1715 1298 XXVI,
1767 1283 1769 1285 .

252 1309 291 1350 3.
323 1313 425 1346 tum
459 1306 801 1357 Sempronius
833 1303 1240 1357 perduellionis
1270 1317 1324 1343 se
1356 1305 1601 1343 iudicare
1632 1305 1715 1345 Cn.

252 1363 440 1404 Fuluio
472 1361 616 1400 dixit.
658 1362 756 1411 XL,
802 1359 904 1412 16).
973 1360 1090 1409 Quod
1127 1362 1168 1401 h.
1208 1359 1236 1401 l.
1273 1366 1315 1399 et
1354 1360 1633 1399 indicandi
1674 1364 1717 1400 et

249 1417 528 1469 irrogandi
560 1418 729 1455 uerbum
775 1419 1032 1454 coniunctum
1066 1420 1152 1465 est,
1184 1415 1285 1454 illud
1316 1417 1482 1454 uidetur
1512 1417 1563 1454 ad
1595 1430 1716 1467 prae-

252 1476 450 1516 iudicium
483 1474 654 1523 referri,
688 1472 796 1523 quod
829 1474 887 1521 is,
920 1474 987 1522 qni
1020 1473 1258 1521 accusabat,
1299 1471 1351 1509 de
1383 1472 1492 1509 facto
1522 1472 1717 1522 faciebat,

251 1534 331 1572 hoc
363 1531 414 1569 ad
444 1542 601 1581 poenae
633 1529 840 1567 mnltaene
874 1529 1179 1579 irrogationem.
1240 1528 1296 1565 Et
1327 1529 1589 1566 coniunctum
1621 1541 1715 1566 ner-

250 1591 346 1628 bnm
379 1592 596 1637 utrumque
631 1590 695 1624 est
725 1599 797 1637 pro
832 1586 945 1625 Dom.
980 1585 1045 1635 17,
1076 1584 1165 1634 45„
1207 1586 1272 1622 ubi
1312 1585 1461 1623 inscite
1486 1590 1624 1623 tamen
1654 1590 1720 1623 ter

254 1651 349 1684 ante
379 1644 641 1694 magistratus
675 1655 866 1680 accusare
899 1641 1048 1680 dicitnr
1086 1640 1163 1694 (cf.
1197 1640 1313 1679 Wolf
1341 1641 1393 1679 ad
1423 1642 1464 1682 h.
1496 1638 1567 1695 l.),
1600 1654 1716 1692 quam

254 1702 422 1741 multam
463 1701 619 1749 irroget
651 1702 719 1736 aut
750 1698 919 1748 indicet,
961 1711 1050 1736 cnm
1083 1700 1216 1750 ipsum
1252 1702 1294 1736 et
1324 1699 1506 1749 irrogare
1536 1703 1578 1736 et
1608 1697 1718 1736 indi-

255 1771 349 1798 care
382 1757 610 1795 accusantis
643 1756 708 1794 sit.
769 1754 1050 1805 irrogandi
1084 1756 1253 1792 uerbum
1287 1761 1331 1792 nt
1361 1753 1607 1793 insolentius
1646 1756 1719 1793 ab·

257 1815 393 1854 solute
425 1817 602 1864 ponatur
635 1825 724 1850 cum
756 1811 1010 1862 praecedens
1043 1810 1319 1849 iudicandi
1360 1812 1528 1849 uerbum
1571 1809 1719 1860 efficit,

255 1877 341 1910 tum
382 1868 510 1918 illud,
549 1867 658 1919 quod
699 1880 770 1918 ea,
814 1880 915 1918 quae
958 1867 1144 1917 auditur,
1184 1880 1386 1918 poenae
1423 1869 1538 1906 notio
1577 1868 1719 1906 statim
1780 1878 1781 1910 ξ

256 1928 453 1978 sequitur.
514 1925 568 1963 Et
593 1929 756 1962 constat
778 1938 877 1962 sane
901 1924 964 1962 nel
995 1925 1213 1962 transitiua
1246 1925 1386 1973 uerba,
1419 1925 1452 1962 si
1482 1936 1565 1973 res,
1598 1937 1719 1975 qnam
1780 1924 1781 1963 Ξ

257 1985 363 2023 actio
396 1994 535 2020 eorum
569 1982 759 2031 attingat,
790 1979 915 2019 facile
947 1979 1151 2030 audiatur,
1185 1979 1371 2018 absolute
1404 1983 1602 2032 usurpari.
1634 1981 1719 2020 Cic.
1779 1995 1781 2006 ³

255 2042 295 2079 in
327 2039 445 2079 Verr.
479 2037 549 2087 lV,
587 2037 649 2078 13.
680 2036 747 2077 30.
781 2051 987 2088 quornm
1022 2036 1241 2074 alterum
1281 2036 1490 2087 fingere
1530 2040 1721 2089 opinor
1780 2052 1781 2058 ¹

257 2111 280 2136 e
312 2109 433 2135 cera
464 2094 698 2142 solitum,
730 2092 951 2131 alterum
986 2106 1105 2130 esse
1137 2095 1413 2144 pictorem.
1475 2095 1575 2132 Sine
1599 2106 1719 2132 causa
1780 2120 1781 2123 η

257 2154 383 2204 igitur
422 2150 577 2188 Lbinns
615 2150 790 2187 coniecit
826 2149 1104 2186 multamne
1146 2150 1442 2198 inrogassit
1481 2148 1546 2186 nel
1579 2151 1719 2186 inro-

257 2208 503 2260 gassitne
535 2203 762 2244 multam.
824 2205 933 2243 Male
958 2203 1164 2243 Gulielmo
1196 2203 1385 2255 placebat
1404 2203 1504 2245 dett.
1537 2217 1719 2255 quorun-

259 2265 351 2304 dam
384 2261 503 2301 codd.
536 2261 737 2300 correctio
768 2261 1226 2312 interrogassitue
1259 2258 1318 2312 (γ
1355 2260 1415 2300 10.
1448 2258 1555 2314 58).
1617 2262 1720 2300 Par-

258 2319 384 2360 ticnla
415 2331 561 2370 quom
592 2317 643 2356 de
674 2329 807 2367 poena
839 2323 908 2355 aut
939 2316 1065 2355 multa
1099 2322 1205 2361 (nam
1228 2330 1276 2354 ea
1299 2321 1364 2355 est
1385 2330 1543 2368 poenae
1566 2316 1719 2356 multae

259 2378 448 2418 certatio.
480 2375 569 2415 Lin.
595 2370 727 2424 XXV,
754 2372 813 2423 4.)
847 2382 929 2412 tum
964 2375 1025 2425 agi
1058 2374 1229 2424 indicat,
1262 2387 1349 2411 cnm
1375 2376 1577 2412 accusatio
1600 2375 1719 2412 insti-

259 2439 350 2473 tuta
389 2434 443 2470 sit
482 2444 504 2469 a
541 2433 791 2482 magistratu.
864 2430 975 2469 Mhil
1028 2431 1150 2481 igitur
1189 2443 1334 2469 causae
1374 2435 1485 2480 erat,
1534 2444 1606 2469 cnr
1653 2436 1721 2469 ant

258 2490 410 2529 Bakius
453 2501 600 2540 qnam
647 2487 714 2526 nel
762 2501 889 2538 quae
940 2487 1006 2525 nel
1046 2501 1280 2538 qnorum,
1323 2492 1393 2525 aut
1429 2486 1617 2526 Halmius
1653 2487 1719 2541 (in

257 2545 366 2586 Phil.
397 2559 437 2598 p.
474 2542 591 2598 177.)
624 2545 742 2595 quoi
775 2546 1011 2584 coniiceret.
1072 2543 1279 2583 Particula
1317 2556 1489 2595 quom,
1528 2544 1570 2582 id
1613 2543 1720 2594 qnod
1770 2584 1776 2596 Ἡ

258 2603 409 2643 Bakius
442 2602 523 2650 ait,
556 2614 627 2639 cnr
658 2614 680 2638 a
712 2614 901 2639 sermone
938 2600 1044 2651 legis
1085 2600 1216 2639 aliena
1250 2602 1327 2651 sit,
1368 2613 1447 2639 non
1491 2602 1719 2652 perspicio3
1769 2599 1777 2645 ‘ss

262 2665 304 2699 et
335 2658 507 2697 eandem
541 2657 660 2697 codd.
693 2671 835 2695 omnes
866 2663 1013 2696 tenent
1050 2657 1081 2708 ᾗ.
1116 2656 1152 2698 9,
1187 2671 1330 2709 quom
1365 2662 1580 2696 senatus
1613 2669 1719 2695 cre·
1765 2651 1777 2674 ’ἶ

260 2717 408 2756 uerit
438 2712 736 2766 populusne
768 2715 1011 2764 iusserit3
1036 2715 1102 2752 ubi
1125 2728 1250 2765 quas
1272 2714 1324 2751 de
1351 2713 1461 2752 Bakii
1486 2715 1719 2753 coniectura

257 2773 480 2812 restituere
510 2771 756 2810 temeritatis
789 2775 865 2812 est.
910 2771 975 2811 Cf.
1009 2771 1132 2810 etiam
1166 2771 1201 2821 ᾗ.
1240 2769 1305 2811 10.
