1781 3192
193 173 286 214 322
767 173 840 213 DE
869 173 1104 214 LEGfflUS

207 292 277 326 aut
304 286 509 338 stipendia
540 290 609 324 aut
638 285 858 337 uectigalia
888 284 1121 327 soluebant.
1183 288 1283 326 Nam
1315 290 1393 328 etsi
1414 290 1493 327 hoc
1514 295 1673 330 utrum-

208 357 288 396 que
327 357 456 395 genus
501 341 682 381 discerni
735 342 868 393 solet,
918 348 1054 384 tamen
1105 358 1195 384 cum
1243 344 1390 385 liberis
1438 347 1672 386 ciuitatibus

209 405 513 452 opponeretur,
556 401 655 437 satis
695 406 783 438 erat
823 401 1005 452 speciem
1048 403 1262 441 nominare
1293 415 1367 453 pro
1397 415 1566 454 genere.
1607 404 1673 445 Cf.

207 456 449 506 Marquardt
497 458 594 496 Ant.
635 469 739 495 rom.
783 457 865 507 ΙΙΙ,
912 458 949 497 1.
997 470 1039 509 p.
1081 457 1177 498 247.
1259 459 1453 498 Ceterum
1506 462 1674 499 inuerso

209 512 352 551 ordine
381 511 463 551 lex
496 513 546 551 ad
578 513 886 565 stipendiarios,
921 515 1163 554 conditio
1196 514 1247 552 ad
1280 518 1449 567 amicos,
1483 516 1675 556 foedus

208 569 258 607 ad
290 570 424 608 socios
455 569 650 609 refertur.

325 639 468 665 omne
499 628 794 678 scientiae,
823 627 1165 678 diligentiae,
1198 629 1510 680 memoriae]
1564 629 1674 668 Con-

210 684 394 720 firmatur
425 685 528 722 haec
557 686 776 734 correctio,
809 699 924 736 quam
957 690 1051 736 post
1081 686 1333 735 Stephanum
1365 697 1498 736 paene
1528 695 1671 724 omnes

211 746 473 791 receperunt,
507 741 656 779 mendo
681 741 802 779 codd.
827 741 1039 780 meliorum
1074 743 1320 779 memoria
1354 747 1435 780 est
1463 755 1527 780 ne
1560 756 1674 793 quo.

214 796 444 836 Manutius:
473 800 566 835 hoc
598 811 742 836 omne
775 800 1039 836 scientiae
1069 798 1363 849 diligentis
1389 801 1674 837 memoriae

213 865 357 903 esse3
388 856 569 893 Lbinus:
607 856 901 905 scientiae,
943 854 1269 907 diligentiae
1302 860 1355 893 et
1391 857 1674 894 memoriae

212 922 347 949 esse.
418 912 515 950 Mox
562 925 636 963 pro
685 913 802 950 sine
852 925 946 963 quo
987 925 1045 950 sc.
1098 924 1252 963 genere
1292 912 1520 963 Wagnerus
1569 911 1676 951 male

212 968 324 1004 sine
358 971 556 1020 quibuS.

327 1024 361 1074 ᾧ.
394 1024 464 1066 42.
525 1024 659 1063 nihil
700 1025 869 1063 minus
917 1029 967 1062 et
1005 1026 1101 1063 ciu.
1134 1029 1188 1063 et
1216 1025 1343 1064 hum.
1378 1025 1476 1076 est]
1538 1024 1675 1063 Parti.-

210 1077 342 1118 culam
384 1088 436 1121 et
477 1087 570 1120 ante
610 1082 772 1120 ciuile
808 1082 961 1133 primus
1001 1084 1184 1120 restituit
1223 1083 1350 1120 Gzius
1391 1080 1545 1133 (secuti
1578 1087 1676 1121 sunt

209 1134 306 1175 Sch.
348 1138 457 1178 Mos.
501 1136 624 1192 Or.);
672 1152 866 1189 eamque,
918 1139 997 1176 etsi
1045 1140 1202 1177 minimi
1246 1140 1350 1177 facio
1397 1137 1478 1177 Vd.
1522 1142 1564 1176 et
1606 1140 1674 1177 Br.

212 1196 498 1234 auctoritatem
536 1193 603 1248 (et
636 1194 813 1233 dubitari
854 1199 1019 1245 potest,
1060 1209 1153 1233 num
1197 1197 1324 1234 Gzius
1363 1208 1506 1234 uerum
1547 1196 1675 1233 tradi-

211 1249 362 1303 derit),
385 1257 520 1290 tamen
546 1251 695 1289 mendo
719 1250 840 1289 codd.
866 1250 1081 1288 meliorum
1106 1253 1337 1289 confirmari
1358 1258 1470 1301 puto.
1523 1251 1675 1290 Addidi

213 1310 347 1345 aunem
379 1316 588 1360 postremo
620 1307 711 1345 loco
744 1312 851 1356 est,
884 1308 975 1357 quia
1006 1308 1258 1345 humanus
1298 1310 1337 1345 in
1371 1307 1492 1345 codd.
1527 1307 1674 1346 melio-

211 1362 325 1401 ribus
369 1364 561 1403 similiter
611 1368 746 1401 natum
792 1368 888 1413 puto
938 1375 985 1399 ex
1022 1364 1321 1412 humanust,
1365 1369 1408 1400 ut
1440 1363 1494 1413 ll,
1535 1365 1568 1413 ᾗ.
1601 1364 1671 1404 31.

213 1425 428 1467 rogatas
462 1433 510 1458 ex
547 1424 814 1469 rogatast,
848 1418 915 1456 ΙΙΙ.
950 1417 983 1468 ξ.
1017 1418 1086 1459 33.
1117 1421 1381 1470 proximus
1414 1431 1462 1455 ex
1500 1422 1674 1469 proxi-

213 1475 372 1517 mi’lst.
434 1479 536 1517 Cum
569 1477 753 1514 Uictorio
788 1475 960 1513 Bakius:
1001 1475 1135 1514 nihil
1178 1477 1343 1513 minus
1382 1474 1548 1513 ciuile
1593 1479 1675 1513 est

213 1537 266 1570 et
286 1533 579 1583 humanum3
612 1532 759 1583 reliqui
784 1531 916 1569 nihil
940 1533 1105 1571 minus
1131 1533 1297 1570 ciuile
1322 1530 1674 1570 ethumanum.

326 1591 490 1635 XIX.
552 1603 607 1628 ex
638 1589 841 1639 Crassi]
912 1589 1017 1627 Uter
1057 1589 1229 1628 Crassus
1267 1587 1562 1638 intelligendus
1604 1590 1673 1639 sit,

215 1645 259 1683 P.
311 1646 485 1686 Crassus
531 1648 747 1686 Mucianus
790 1647 937 1695 Diues,
983 1659 1102 1696 quem
1153 1646 1297 1695 Wagn.
1350 1646 1476 1683 Goer.
1526 1644 1674 1683 Bakius

213 1701 471 1754 intelligunt,
514 1706 581 1755 qui
622 1717 707 1742 cos.
744 1703 823 1740 fuit
856 1702 954 1743 623.
998 1716 1088 1741 cum
1131 1703 1177 1740 L.
1218 1701 1381 1740 Valerio
1422 1700 1596 1751 Flacco,
1624 1715 1673 1740 an

214 1760 261 1798 L.
294 1759 477 1799 Licinius
510 1761 710 1809 crassus,
754 1772 840 1797 cos.
884 1773 919 1798 a.
953 1757 1052 1799 659.
1085 1772 1173 1797 cum
1203 1759 1251 1807 Q.
1285 1759 1423 1797 Mucio
1457 1757 1673 1808 Scaeuola,

214 1828 330 1865 quem
365 1817 493 1869 Wytt.
528 1817 607 1855 dici
625 1820 758 1870 putat,
790 1815 965 1854 dubitari
985 1819 1142 1867 potest.
1202 1815 1387 1866 Uterque
1410 1819 1452 1852 et
1475 1814 1674 1866 eloquens

213 1876 255 1909 et
294 1873 393 1911 iuris
434 1876 595 1926 peritus
636 1874 732 1912 fuit.
790 1872 855 1910 Cf.
900 1871 953 1910 de
989 1872 1063 1911 illo
1096 1873 1182 1910 Cic.
1222 1871 1274 1910 de
1305 1874 1377 1912 Or.
1409 1870 1440 1921 l,
1473 1870 1543 1912 50.
1575 1871 1674 1912 216.

211 1927 293 1966 Sed
323 1928 415 1980 plus
447 1935 585 1969 tamen
619 1931 765 1968 Cicero
799 1929 846 1967 L.
879 1929 1038 1967 Licinio
1070 1929 1234 1979 Crasso,
1275 1930 1328 1979 ei,
1361 1929 1426 1967 cui
1453 1929 1604 1980 primas
1633 1929 1674 1966 in

214 1985 330 2023 libris
364 1986 415 2024 de
445 1988 618 2025 Oratore
649 1992 789 2038 partes
820 1985 972 2024 detulit
1003 1983 1081 2039 (de
1102 1986 1172 2024 Or.
1198 1986 1228 2036 Ι,
1263 1986 1302 2025 7.
1335 1982 1447 2038 24.),
1479 1985 1674 2022 tribuisse

215 2040 392 2092 uidetur,
422 2056 596 2094 eumque
628 2049 670 2082 et
700 2045 741 2081 in
770 2043 856 2081 Pis.
890 2041 959 2092 26,
992 2042 1060 2083 62.
1094 2043 1299 2080 hominem
1332 2046 1497 2080 nostrae
1528 2042 1674 2079 aetatis

213 2099 566 2150 sapientissimum
600 2105 722 2138 uocat
753 2104 796 2137 et
824 2099 940 2136 Brut.
973 2097 1042 2148 64,
1082 2097 1178 2138 229.
1218 2111 1362 2136 omnes
1400 2096 1675 2147 intelligentia

214 2157 495 2193 antecessisse
526 2155 675 2204 tradit3
706 2154 964 2204 eundemque
996 2160 1039 2191 ut
1071 2155 1223 2191 ceteris
1258 2155 1521 2203 insigniorem
1549 2153 1671 2189 etiam

212 2207 319 2248 Phil.
352 2210 470 2261 le,
503 2210 543 2252 6.
581 2211 647 2250 17.
689 2211 956 2262 praenomine
1002 2223 1082 2247 non
1135 2209 1277 2247 addito
1317 2210 1507 2248 Crassum
1554 2207 1673 2247 dixit.

211 2267 473 2319 Quapropter
498 2269 590 2318 quia
617 2273 759 2305 nostro
787 2279 948 2317 quoque
975 2265 1065 2304 loco
1089 2264 1335 2317 simpliciter
1357 2266 1528 2303 Crassus
1554 2277 1674 2302 uoca-

211 2328 277 2361 tur
312 2320 428 2376 (nam
461 2326 708 2363 correctioni
737 2323 913 2361 debetur
942 2335 1191 2375 praenomen
1226 2323 1299 2372 P.‚
1334 2321 1443 2372 quod
1473 2326 1536 2359 est
1566 2322 1605 2358 in
1642 2322 1675 2371 β

210 2384 253 2418 vt
283 2388 318 2429 γ
350 2386 470 2432 atque
502 2381 605 2419 Gzio
646 2393 812 2418 suasore
850 2379 946 2418 Sch.
989 2383 1031 2417 et
1061 2379 1169 2417 Mos.
1208 2375 1506 2431 receperunt),
1546 2379 1673 2428 magis

211 2449 259 2474 ⁶¹0
290 2436 463 2488 inclino,
495 2441 540 2476 ut
570 2437 618 2476 L.
650 2437 851 2475 Licinium
884 2437 1075 2474 Crassum
1112 2435 1190 2472 dici
1225 2437 1471 2473 existimem.
1532 2434 1673 2485 ltaque

209 2493 303 2543 hoc,
337 2495 444 2544 quod
477 2494 525 2533 C.
561 2492 732 2532 Claudio
765 2507 849 2532 cos.
882 2497 1071 2531 narratur
1099 2492 1251 2529 factum
1284 2503 1400 2542 esse,
1439 2492 1479 2529 in
1523 2503 1672 2529 annum

211 2548 360 2588 cadere
390 2554 490 2602 puto
521 2549 622 2601 662,
653 2562 729 2601 quo
763 2551 810 2589 C.
835 2548 1031 2588 Claudius
1063 2561 1148 2587 ρος.
1171 2549 1251 2586 fuit
1273 2561 1361 2587 cnm
1388 2548 1449 2586 M.
1469 2548 1669 2598 Peperna.

207 2605 284 2644 Cui
314 2608 465 2645 rationi
494 2607 669 2646 maxime
701 2607 909 2658 conuenit,
943 2604 1050 2658 quod
1083 2609 1181 2643 tunc
1214 2605 1290 2644 Cn.
1323 2605 1454 2643 Carbo
1491 2605 1671 2653 uiuebat,

207 2663 332 2701 homo
372 2664 596 2702 seditiosus
639 2661 704 2717 (in
742 2660 865 2702 Verr.
900 2663 936 2713 Ι,
970 2661 1033 2702 14.
1068 2660 1163 2715 57.)
1202 2666 1245 2700 et
1285 2659 1531 2699 turbulentis
1572 2672 1672 2698 con·-

205 2720 389 2758 cionibus
418 2722 658 2772 aptissimus
690 2718 829 2774 (Brut.
858 2719 928 2769 62,
958 2716 1100 2773 2230,
1139 2720 1205 2770 qui
1238 2717 1434 2769 deinceps
1466 2729 1552 2755 cos.
1593 2717 1673 2754 suit

201 2789 236 2813 ἃ.
270 2773 368 2827 669,
399 2775 498 2827 670,
527 2776 638 2827 672;
670 2791 762 2816 nam
796 2777 875 2815 hoc
901 2778 1039 2828 potius
1069 2787 1318 2828 praenomen
1353 2776 1390 2812 ei
1410 2786 1499 2812 cum
1525 2773 1669 2812 Lamb.

1751 3161 1764 3183 l

1760 2841 1773 2943 4

1758 2948 1772 3192 1

1772 2477 1779 2486 s,

1772 2493 1781 2520 {i

1769 2532 1780 2605 11

1778 2579 1781 2590 1

1771 2613 1781 2633 ai

1777 2742 1778 2755 1

1776 2878 1778 2886 r

1776 2899 1778 2907 ι

1776 2954 1777 2970 1

1775 2975 1777 2990 1

1775 3045 1776 3060 1
