1781 3192
513 208 669 245 mmm
703 207 924 247 l’RlMUS.
957 208 1052 246 CM».
1087 207 1135 246 Χ.
1487 203 1544 241 53

77 327 118 361 et
151 323 387 374 opinionum
423 322 605 359 uanitate
638 318 850 357 dissimilis
881 319 1085 369 redditur,
1118 321 1269 371 quippe
1307 319 1374 369 qui
1407 315 1544 354 (lisce-

78 378 179 416 dens
224 393 244 415 3
278 390 373 415 uera
406 391 475 415 sna
505 381 647 414 natura
680 388 725 413 30
765 376 922 413 ratione
962 377 1135 413 humana
1172 389 1251 414 non
1292 386 1456 424 semper
1495 374 1547 409 sit

77 436 203 474 idem.
236 435 302 472 Cf.
333 435 454 474 Tusc.
478 433 542 483 ΙΙΙ,
572 433 608 472 1.
632 432 672 472 2.
705 432 920 469 Sententia
955 434 1080 480 igitur
1110 433 1213 470 haec
1236 436 1322 470 est:
1370 429 1542 467 Etiamsi

78 506 157 530 non
200 495 311 528 tanta
350 494 461 528 esset
501 491 726 528 animorum
769 487 1056 538 imbecillitas,
1110 496 1153 526 ut
1202 486 1544 526 consuetudinum

79 548 373 599 deprauatione
415 551 455 584 et
491 547 725 598 opinionum
768 546 970 593 uanitate,
1013 558 1252 596 quocunque
1292 545 1544 594 coepissent,

80 606 370 651 flecterentur,
410 616 489 640 non
533 606 647 640 tanta
682 606 817 639 tamen
862 601 1110 651 singulorum
1147 606 1260 638 esset
1292 604 1441 650 «planta
1472 611 1545 648 ge-

79 661 189 696 neris
230 657 467 698 similitudo.
545 658 608 697 Ad
655 659 951 696 correctionem
993 660 1066 695 uiri
1109 658 1219 695 docti
1262 657 1545 705 confugerant,

78 717 168 765 quia
228 714 325 765 quid
372 716 481 752 inter
526 716 630 752 nisi
681 718 723 751 et
767 715 806 751 si
857 727 949 751 non
1007 716 1252 762 interesset,
1316 725 1394 749 non
1449 712 1548 748 satis

77 771 469 808 animaduerterunt.
549 773 727 820 Quorum
776 770 851 807 hoc
902 775 984 808 tum
1032 776 1271 822 usurpatur,
1324 781 1411 806 cum
1459 779 1544 804 rem

76 840 220 865 reuera
251 840 329 864 non
364 840 454 864 esse
487 829 673 877 ponimus
713 828 805 878 (pro
839 828 960 865 Arch.
992 828 1029 876 7,
1070 827 1128 867 16.
1172 827 1264 864 Par.
1298 825 1365 873 lV,
1399 824 1438 864 2.
1477 822 1544 863 32.

79 884 195 923 verr.
230 884 295 933 ΙΙΙ,
335 883 397 923 18.
433 882 537 932 45.),
571 883 671 921 illud
704 884 777 933 ita,
812 887 854 920 ut
883 884 1119 921 conditione
1152 882 1367 933 cogitando
1391 884 1546 918 tantum

77 942 281 991 concepta
311 940 480 990 utraque
523 941 732 977 sententia
763 944 902 976 mutuo
940 940 1110 990 quodam
1135 940 1431 977 sententiarum
1458 938 1550 974 uin-

77 995 168 1034 culo
211 998 482 1046 contineatur,
514 996 639 1034 ueluti
674 997 751 1035 Off.
790 996 837 1046 ΙΙ,
880 996 949 1035 22.
995 996 1061 1036 78.
1103 997 1342 1047 aequitas
1382 993 1547 1032 omnis

78 1052 321 1102 tollitur,
367 1053 408 1089 si
450 1066 589 1090 suum
632 1054 825 1103 cuique
867 1053 1062 1090 habere
1092 1051 1364 1091 nonlicet
1407 1049 1548 1102 (wenn

78 1109 151 1147 der
182 1107 272 1147 Fall
304 1107 486 1147 wirklich
518 1108 764 1158 stattfindet,
802 1108 896 1145 dass
928 1109 1044 1146 nicht
1077 1111 1141 1146 ein
1166 1109 1293 1146 Jeder
1320 1107 1392 1144 das
1426 1106 1550 1143 Seine

78 1165 268 1204 behalten
303 1162 442 1217 darf),
477 1170 518 1202 at
548 1166 653 1202 nisi
684 1178 823 1203 suum
857 1166 1041 1216 cuique
1073 1165 1269 1204 habere
1300 1163 1432 1201 licet
1469 1163 1548 1199 1100

79 1228 164 1260 est:
207 1235 252 1260 es
297 1223 454 1259 miisste
493 1221 601 1258 denn
639 1223 704 1258 ein
736 1221 863 1259 Jeder
903 1221 974 1258 das
1006 1222 1128 1259 Seine
1162 1219 1353 1259 behalten
1386 1219 1547 1257 diirfen.

78 1279 276 1330 Exceptio
325 1279 447 1329 igitur
479 1278 734 1328 adiungitur,
775 1291 850 1328 qua
892 1291 968 1315 una
1008 1279 1122 1329 prior
1162 1278 1370 1317 sententia
1400 1276 1549 1313 infrin-

78 1341 217 1387 gatur3
258 1336 338 1373 ista
371 1340 504 1372 autem
543 1335 678 1386 posita
720 1339 784 1372 est
824 1336 865 1371 in
904 1336 1168 1384 cogitatione.
1242 1333 1401 1372 Deinde
1440 1330 1549 1383 quod

79 1392 220 1443 Steph.
252 1393 331 1428 iam
368 1393 571 1441 expressit
600 1395 642 1428 et
665 1391 852 1428 Dauisius
886 1404 930 1428 30
961 1404 1092 1443 nuper
1113 1392 1248 1430 denuo
1278 1390 1308 1429 1.
1330 1389 1355 1428 l.
1387 1403 1425 1441 p.
1449 1386 1549 1432 466.

79 1447 386 1487 commendauit
426 1446 618 1485 Kransius
658 1448 965 1497 opinionum
1004 1450 1265 1498 uarietas,
1307 1447 1348 1485 id
1381 1448 1428 1483 ab
1471 1445 1550 1481 hoc

80 1504 169 1542 loco
203 1503 378 1541 alienum
411 1508 491 1541 est.
551 1503 695 1552 Agitur
723 1504 831 1540 enim
865 1503 917 1541 de
961 1503 1280 1554 deprauatione,
1320 1516 1421 1554 quae
1460 1501 1551 1551 opi-

83 1562 249 1598 nionum
284 1560 464 1596 uanitate
496 1559 689 1608 efficitur,
722 1571 803 1596 non
837 1558 887 1596 de
919 1561 1254 1610 perturbatione,
1286 1572 1389 1610 quae
1420 1557 1553 1595 effici-

83 1622 147 1654 tur
178 1617 411 1667 opinionum
445 1616 662 1653 uarietate.
706 1615 770 1654 Cf.
805 1616 837 1665 §.
870 1614 938 1656 47.
1002 1618 1137 1665 Quare
1171 1618 1292 1654 etiam
1325 1616 1450 1654 Tusc.
1484 1613 1551 1662 ΙΙΙ,

89 1677 121 1712 1.
156 1673 196 1712 2.
227 1674 266 1709 in
300 1670 424 1709 simili
469 1671 750 1722 disputatione
790 1672 1097 1724 opinionum
1136 1672 1237 1711 dixit
1278 1670 1552 1725 peruersi-

82 1733 254 1768 tatem.

195 1796 544 1836 quaecunque
577 1785 675 1836 est]
739 1785 780 1822 ln
825 1785 945 1823 dubio
988 1784 1205 1836 relinquit,
1240 1784 1441 1837 quomodo
1474 1783 1553 1820 ho-

83 1843 201 1881 minis
231 1843 344 1880 notio
377 1843 430 1879 sit
462 1841 695 1879 definienda
728 1840 935 1896 (welches
968 1843 1068 1880 anch
1101 1842 1168 1880 die
1201 1841 1551 1893 Begriffsbestim-

83 1911 206 1949 mnng
236 1911 325 1935 vom
358 1898 587 1937 Menschen
629 1899 715 1936 sein
768 1897 896 1952 mag.)
975 1896 1120 1949 Itaque
1160 1899 1273 1937 Bakii
1321 1911 1399 1936 non
1450 1909 1551 1948 opus

85 1961 149 1993 est
187 1956 420 1992 coniectura
460 1966 588 2004 quae
621 1956 872 2005 cuiusque
906 1960 984 1994 est
1014 1956 1248 1993 hominis
1276 1955 1551 2001 definitio,

83 2025 183 2062 quae
216 2012 430 2062 quominus
461 2012 625 2062 probari
656 2013 805 2062 possit,
837 2011 905 2049 uel
940 2025 996 2050 un
1011 2026 1053 2062 a,
1088 2011 1199 2062 quod
1231 2013 1439 2062 sequitur,
1470 2011 1551 2047 im-
1592 2029 1600 2037 ·

82 2068 220 2120 pedit3
249 2069 423 2118 requirit
453 2068 561 2105 enim
593 2068 673 2105 ista
705 2071 941 2106 coniectura
974 2082 1042 2107 ea.

196 2124 213 2174 ξ
262 2123 332 2164 30.
400 2123 716 2162 conficimus
752 2122 974 2176 aliquid]
1046 2124 1193 2163 Parnm
1234 2128 1348 2162 recte
1386 2123 1552 2161 Mosero

83 2185 125 2218 et
158 2180 283 2218 Bakio
322 2182 492 2232 probata
530 2185 593 2218 est
629 2182 862 2219 coniectura
913 2183 1024 2219 omni
1074 2180 1258 2218 codicum
1308 2180 1552 2218 auctoritate

84 2236 296 2286 destituta,
331 2250 431 2287 quae
464 2241 528 2275 est
557 2237 596 2274 in
630 2237 697 2275 ed.
729 2238 826 2276 Asc.
860 2238 890 2277 Ι.
922 2237 1236 2276 conficimus
1269 2235 1469 2287 aliquid
1500 2249 1551 2272 30

84 2293 463 2331 concludimus.
524 2289 571 2331 In
600 2293 676 2331 hac
707 2294 913 2333 rhetorica
957 2294 1268 2332 enumeratione
1308 2296 1364 2332 ita
1406 2305 1553 2345 proce-

85 2349 146 2386 dit
176 2350 319 2398 oratio,
352 2354 397 2387 ut
428 2349 559 2387 altera
597 2351 805 2387 sententia
843 2349 1015 2388 relatiua
1051 2363 1140 2402 per
1182 2364 1321 2400 quam
1351 2373 1406 2378 —
1436 2362 1552 2387 con-

86 2404 348 2444 cludimus
402 2406 534 2442 tribus
590 2407 786 2444 membris
839 2407 1098 2456 absoluatur,
1154 2420 1323 2458 quorum
1377 2405 1549 2444 alterum

86 2463 322 2500 continetur
379 2461 513 2498 uerbis
565 2463 694 2499 tribus
743 2460 1194 2514 (argumentamur
1245 2461 1551 2501 refellimus

86 2516 457 2569 disserimus),
490 2517 647 2554 duobus
681 2519 863 2568 tertium,
900 2520 942 2558 id
975 2520 1083 2571 qnod
1115 2521 1214 2558 satis
1248 2521 1453 2570 cognitum
1490 2524 1554 2556 est

86 2582 180 2625 post
209 2573 458 2625 praeclaram
491 2572 806 2624 Naegelsbacliii
846 2576 1166 2629 disputationem
1206 2578 1248 2614 in
1281 2577 1400 2626 libro,
1434 2588 1552 2626 quem

87 2631 294 2682 inscripsit
334 2631 421 2668 Lat.
459 2629 649 2670 Stilistik.
712 2627 759 2669 ln
802 2633 882 2671 hoc
923 2638 1056 2671 autem
1097 2645 1248 2684 genere
1291 2638 1333 2671 et
1373 2645 1553 2684 synony-

90 2698 241 2724 morum
272 2687 530 2725 coaceruatio
562 2691 604 2724 et
642 2689 869 2739 asyndeton
911 2689 1139 2740 legitimum
1183 2693 1270 2739 est,
1314 2700 1551 2740 quamquam

89 2754 168 2779 non
202 2744 257 2780 ita
289 2744 585 2790 necessarium,
619 2748 662 2781 ut
693 2757 894 2797 nunquam
928 2748 974 2785 ab
1006 2746 1083 2785 hac
1115 2747 1273 2784 ratione
1303 2745 1552 2785 discedatur.

88 2797 153 2836 (Ὺ.
187 2811 284 2849 quae
315 2800 395 2837 dixi
429 2795 485 2837 11.
519 2804 550 2850 §-
582 2799 652 2838 47.
