1781 3192
496 206 663 246 LlBlffjR
698 206 920 245 vlumus.
954 207 1049 244 Car.
1085 206 1169 243 vn.
1505 202 1566 241 55

87 322 136 361 ad
168 323 377 361 ciuitatem
410 319 607 372 quandam
641 318 795 368 uspiam
831 319 1112 367 constitutam,
1149 316 1224 354 sed
1256 314 1305 354 ad
1339 326 1426 353 eam
1469 317 1551 353 sint

86 377 473 427 accommodandae,
506 377 619 414 cuius
651 375 869 423 imaginem
889 374 1026 425 Scipio
1057 376 1095 411 in
1124 371 1206 411 illis
1237 372 1289 410 de
1316 383 1362 409 re
1385 369 1549 423 publica

86 435 202 473 libris
235 434 538 472 adumbrauerit
568 438 610 470 et
641 433 747 482 quia,
781 432 813 467 si
854 428 962 467 illam
1005 431 1258 479 intueamur,
1291 440 1372 466 non
1412 428 1548 465 omnia

85 493 251 542 scriptis
288 493 371 528 sint
392 488 628 537 sancienda,
662 486 736 525 sed
760 488 881 523 etiam
907 488 1087 524 moribus
1117 486 1313 537 quaedam
1335 484 1545 523 firmanda.

85 548 201 597 Quod
236 553 278 584 ut
310 549 392 595 liat,
430 547 528 583 iuris
561 543 718 595 quidam
752 555 895 580 sensus
928 544 1132 580 excitetur
1163 554 1334 579 necesse
1367 544 1446 589 est,
1479 542 1544 590 qui

84 604 247 642 facilius
281 605 483 640 excitatur
513 603 641 652 stirpe
667 600 762 638 iuris
785 613 805 636 a
838 604 981 637 natura
1006 600 1198 650 repetita,
1233 610 1348 648 quam
1382 598 1546 647 scriptis

83 659 258 709 legibus.
320 659 380 696 Cf.
416 656 451 708 Ι,
485 659 513 708 ᾖ.
546 658 614 698 37.
646 659 827 705 itemque
860 655 911 693 de
934 657 1038 707 Rep.
1073 655 1141 704 lV,
1173 654 1214 694 6.
1248 654 1373 690 hanc
1405 655 1547 702 (uere-

83 713 299 768 cundiam)
332 717 475 752 auxit
522 713 868 765 opinionibus
900 712 1263 762 perfecitque,
1297 714 1350 747 ut
1382 708 1547 759 pudor

84 773 234 810 ciues
267 785 366 809 non
400 772 566 808 minus
599 785 619 808 a
650 767 867 807 delictis
908 772 1139 817 arceret,
1181 779 1323 816 quam
1363 770 1544 804 metus.

196 828 434 877 serendi]
478 826 703 865 Serendi
744 826 910 862 uerbum
953 838 1028 876 per
1075 823 1354 874 metaphoram
1396 821 1546 859 Roma-

84 886 147 922 nis
181 884 397 922 admodum
434 886 573 922 tritam
606 883 656 921 ad
686 895 753 919 res
787 883 918 919 uarias
951 882 1210 920 transfertur.
1246 880 1333 918 Liu.
1367 874 1447 925 III,
1479 876 1547 917 40.

81 940 194 979 med.
227 940 536 979 discordias
569 938 756 978 ciuiles
792 950 984 977 sererev
1045 939 1160 976 Suet.
1202 934 1288 973 Cal.
1321 934 1390 975 26.
1432 948 1546 972 cau-

82 1010 187 1034 sam
221 997 604 1035 discordiarum
638 1007 822 1034 serere
864 1000 905 1031 et
934 994 1177 1032 insolentius
1209 994 1332 1030 etiam
1365 991 1544 1041 'l‘usc.l,

86 1052 151 1093 1-1.
184 1053 253 1093 31.
287 1056 367 1091 uir
395 1066 606 1103 magnus
637 1051 806 1102 leges,
841 1053 1116 1099 instituta,
1150 1063 1253 1087 rem
1286 1046 1543 1100 publicam

81 1122 180 1147 non
214 1106 398 1147 seret?
431 1109 481 1145 de
513 1109 618 1160 Rep.
642 1105 699 1157 ΙΙ,
733 1107 773 1147 3.
804 1108 853 1155 53
887 1113 929 1145 et
960 1106 1165 1145 simillime
1191 1105 1327 1143 Plaut.
1353 1105 1468 1142 Trin.
1488 1100 1545 1153 Il,

82 1164 119 1205 4.
151 1164 252 1206 531.
315 1166 464 1214 liem,
516 1166 648 1203 istic
687 1168 903 1214 oportet
945 1164 1120 1214 opseri
1158 1174 1326 1200 mores
1364 1159 1545 1210 malos,

80 1222 196 1259 siin
228 1221 523 1273 opserendo
555 1221 771 1273 possint
803 1220 1094 1258 interfieri.

191 1281 343 1317 nobis
376 1279 541 1315 omnis
575 1276 673 1327 est]
719 1277 883 1314 Potiore
924 1277 1108 1314 codicum
1151 1274 1392 1312 auctoritate
1423 1285 1546 1311 reuo-

81 1337 168 1373 caui
210 1349 297 1373 cum
340 1334 464 1372 Bakio
497 1347 587 1372 eum
624 1334 837 1371 uerborum
879 1333 1088 1382 ordinem,
1126 1345 1241 1383 quem
1282 1332 1359 1368 iam
1400 1330 1547 1381 Steph-

79 1391 191 1430 Man.
225 1393 325 1431 Dan.
361 1392 489 1429 secuti
522 1395 639 1429 erant
671 1394 713 1428 et
739 1403 813 1441 pro
846 1403 924 1440 quo
960 1391 1065 1429 Vict.
1092 1389 1193 1427 Ern.
1236 1388 1378 1437 Wagn.
1420 1387 1544 1424 Goer.

82 1448 181 1486 Sch.
222 1449 355 1485 minus
395 1453 507 1485 recte
550 1448 805 1498 scripserunt
847 1451 926 1484 est
957 1447 1109 1484 nobis
1142 1446 1338 1492 omnisg
1373 1445 1545 1493 rectius,

82 1505 117 1540 si
151 1517 171 1540 a
203 1502 385 1540 codicum
417 1505 659 1542 auctoritate
690 1502 947 1553 discesseris,
981 1503 1085 1541 Mos.
1107 1507 1149 1541 et
1173 1502 1239 1541 Cr.
1272 1502 1547 1539 restituerunt

83 1560 250 1597 omnis
283 1563 362 1597 est
394 1562 556 1599 nobis.

192 1615 325 1658 VH.
386 1616 417 1665 ᾇ
450 1616 518 1656 21.
580 1616 752 1654 Dasne
783 1615 884 1665 cet]
936 1616 995 1653 Es<
1045 1609 1192 1653 Attico
1245 1617 1289 1652 ut
1337 1614 1544 1665 Epicureo

83 1671 253 1722 quaerit,
297 1685 389 1709 nuni
425 1673 593 1709 deorum
626 1672 915 1709 immortalium
948 1676 1156 1722 potestate
1189 1676 1317 1709 totum
1351 1670 1546 1708 mundum

83 1727 359 1765 administrari
391 1728 604 1778 concedat,
631 1729 723 1779 quia
747 1728 941 1778 Epicurei
971 1728 1071 1765 deos
1095 1741 1162 1765 res
1184 1728 1380 1765 humanas
1403 1739 1547 1765 curare

79 1785 283 1835 negabant
316 1797 393 1822 nec
424 1786 512 1836 ipse
544 1786 583 1822 in
615 1784 774 1835 reliqua
806 1783 1085 1836 disputatione
1108 1783 1303 1836 progredi
1320 1785 1542 1835 potuisset,

78 1842 156 1878 nisi
186 1840 264 1878 hoc
296 1842 429 1891 ipsum
464 1846 559 1879 ante
590 1854 830 1879 concessum
863 1846 990 1879 esset.

195 1897 310 1933 noui
345 1899 671 1934 sententiam
694 1897 795 1947 cet.]
827 1898 1178 1948 praepositionem
1208 1895 1270 1934 de
1297 1900 1392 1935 ante
1423 1896 1545 1934 deo-

79 1965 186 1990 rum
221 1952 398 1990 additam
433 1955 470 1990 in
505 1952 622 1991 codd.
662 1952 953 2003 deterioribus,
994 1967 1111 2004 quam
1147 1958 1369 1991 tenuerunt
1399 1953 1544 2003 Steph-

81 2010 197 2047 Grut.
224 2009 365 2058 Gom,
400 2012 695 2047 correctionem
722 2023 813 2047 esse
837 2009 1144 2060 haudquaquam
1172 2009 1425 2060 probabilem
1448 2010 1545 2047 hinc

80 2066 341 2117 perspicitur,
373 2065 479 2115 quod
505 2068 569 2116 qui
593 2072 818 2116 sequuntur
841 2066 1006 2103 ablatiui
1031 2067 1241 2104 ratione
1272 2070 1545 2117 potestate

80 2124 207 2159 ceteri
241 2134 380 2158 carere
402 2135 481 2160 uon
505 2128 678 2173 possunt
701 2124 883 2171 genitiuo
914 2122 1122 2160 deorum
1156 2121 1541 2160 immortalium.

79 2178 230 2216 Merito
276 2178 400 2229 igitur
440 2180 556 2216 abest
595 2193 615 2216 a
657 2179 774 2219 codd,
812 2177 1064 2217 melioribus.
1127 2175 1340 2229 Iidemquc
1381 2177 1545 2217 codices

79 2234 274 2285 deinceps
308 2248 428 2272 uerae
461 2237 686 2286 scripturae
719 2236 915 2274 indicium
940 2238 1213 2284 retinuerunt,
1247 2236 1286 2272 in
1311 2236 1455 2286 quibus
1479 2240 1545 2273 est

79 2296 133 2328 ut
162 2297 362 2328 natura.
427 2291 467 2329 ln
501 2291 774 2330 deterioribus
807 2291 998 2330 mendum
1026 2296 1210 2344 apertum
1237 2291 1439 2329 sublatum
1464 2297 1543 2331 est.

79 2346 277 2385 Mendum
321 2353 452 2385 autem
496 2347 598 2386 illud
640 2362 731 2386 cum
774 2355 842 2386 aut
883 2350 942 2386 sic
979 2349 1189 2386 emendari
1231 2350 1378 2399 possit,
1424 2354 1468 2385 ut
1499 2349 1545 2385 ui

79 2407 268 2440 natura
300 2401 429 2455 (male
463 2405 649 2442 Mosei-us
683 2406 729 2442 ui
763 2410 814 2442 et
844 2405 1053 2459 natura)
1083 2406 1339 2455 restituatur,
1371 2404 1413 2442 id
1438 2404 1545 2455 quod

77 2459 174 2496 Man
231 2460 372 2498 Lamb.
418 2460 518 2498 Ern.
560 2460 923 2513 li‘ag11.'amplexi
958 2467 1067 2512 sunt,
1110 2466 1179 2500 aut
1210 2475 1299 2500 cum
1331 2461 1474 2499 Lamb.
1503 2462 1545 2499 in

79 2529 201 2566 marg.
236 2517 336 2556 edit.
374 2516 519 2566 1554„
552 2518 797 2567 Schuetzio,
831 2518 951 2556 Bakio
982 2521 1062 2569 ita,
1101 2523 1144 2556 ut
1181 2522 1369 2556 natura
1408 2530 1546 2556 corre-

79 2573 256 2610 ctionem
291 2586 383 2610 esse
416 2573 527 2611 dicas
560 2574 698 2611 mendi
732 2579 783 2611 ut
814 2586 861 2612 ex
883 2577 1067 2626 margine
1088 2576 1128 2613 in
1153 2576 1371 2613 uerborum
1394 2576 1544 2612 seriem

79 2628 287 2680 illapsam,
320 2643 461 2681 parum
495 2635 610 2668 recte
642 2630 720 2669 hoc
752 2643 827 2682 ego
859 2631 949 2683 ipse
975 2633 1016 2670 in
1048 2636 1242 2670 contextu
1273 2632 1443 2683 probaui
1469 2631 1546 2668 hac

79 2685 192 2723 Bakii
231 2686 511 2738 disputatione
550 2687 775 2738 deceptus,
822 2700 1020 2738 nusquam
1073 2690 1113 2726 in
1167 2687 1290 2726 simili
1339 2689 1545 2726 nominum

81 2741 355 2781 cumulatione
380 2749 605 2782 naturae
628 2742 866 2782 uocabulum
892 2744 1165 2795 deprehendi.
1208 2746 1291 2782 Nec
1308 2744 1546 2795 deprehen-

84 2796 195 2835 ditur
225 2810 322 2837 sane
355 2800 439 2842 Cic.
475 2801 569 2839 mat.
606 2801 721 2838 Deor.
757 2796 814 2852 ll,
846 2799 887 2851 6,
927 2800 989 2841 16.
1024 2802 1122 2840 ibid.
1155 2802 1205 2852 ll,
1239 2800 1308 2841 37.
1335 2799 1402 2840 95.
1437 2798 1549 2838 alibi.

1314 2875 1330 2887 P:

1275 2884 1295 2903 d
