1781 3192
211 178 302 218 220
782 173 851 210 Dr:
886 172 1119 210 LEGlBUS

221 291 311 341 gius
344 303 363 327 a
394 285 637 340 pronomine
670 284 899 322 seiunctum
931 288 1011 334 est,
1050 296 1166 335 quam
1208 286 1251 320 ut
1286 293 1510 333 pronomen
1553 279 1602 320 ad
1639 279 1679 319 id

221 345 368 384 referri
401 344 546 394 possit.

337 422 494 460 super
521 405 792 455 dicebant]
854 407 922 445 Sic
953 406 1074 445 codd.
1108 418 1266 443 omnes.
1328 403 1447 452 Quod
1479 402 1511 440 si
1543 413 1684 439 uerum

230 470 366 515 esset,
407 465 516 502 hunc
556 465 596 500 in
639 461 803 499 modum
847 476 936 500 cum
973 461 1287 513 wyttenbachio
1317 460 1581 510 interpretari
1612 468 1687 494 ne-

229 535 343 559 cesse
386 526 523 558 esset:
573 517 796 569 „quicquid
841 532 966 570 super
1012 520 1215 569 cepisset,
1268 516 1517 565 a‹lstringi“.
1587 513 1687 551 Cum

226 579 353 628 igitur
379 591 487 626 eum,
520 577 586 626 qui
617 573 871 611 tantumdem
907 582 1098 625 qnantum
1123 586 1264 611 omnes
1289 572 1465 610 heredes
1490 570 1687 621 cepisset,

229 636 356 672 sacris
398 633 554 681 alligari
597 631 792 678 dixisset,
836 630 1001 669 liberari
1044 632 1107 680 qui
1150 631 1308 678 minus,
1357 640 1409 665 ne
1447 628 1582 675 sorte,
1625 625 1690 674 qui

230 690 401 728 dimidio
433 682 525 741 plus
548 688 744 738 cepisset,
779 685 940 724 liberari
967 687 1192 735 uideretur,
1228 686 1304 723 boc
1325 687 1454 735 ipsnm
1481 681 1690 720 addidisse

229 746 437 799 putandus
469 749 597 783 esset.
660 743 741 780 Sed
777 744 948 793 primum
984 745 1072 794 quis
1102 743 1280 790 dubitet,
1313 742 1404 792 quin
1431 741 1497 790 qui
1523 736 1692 775 dimidio

230 803 324 855 plus
356 804 529 852 ceperit,
561 800 689 837 sacris
722 797 928 848 alligetur,
962 801 994 837 si
1027 801 1063 836 is
1097 798 1381 847 adstringitur,
1414 797 1479 846 qui
1512 799 1694 832 tantum-

233 859 327 897 dem
361 859 541 909 ceperit,
583 860 775 907 quantum
811 868 952 893 omnes
992 853 1201 893 heredes?
1243 854 1282 893 ld
1324 850 1571 891 incommodi
1614 861 1693 886 non

231 914 344 954 tollit
375 915 612 953 coniectura
644 925 666 949 a
687 911 798 949 Man.
823 911 922 950 Ern.
946 911 1101 950 Orellio
1134 913 1303 964 probata
1335 923 1514 962 super,
1558 908 1694 945 dice-

233 974 383 1021 bant,
417 984 440 1021 q
454 972 496 1008 ui
523 968 646 1020 quid
669 968 923 1019 cepisset.
990 969 1074 1006 Nec
1096 967 1364 1020 probabiliter
1386 967 1534 1004 Bakius
1562 963 1696 1012 suspi-

234 1033 349 1067 catus
382 1032 447 1065 est
479 1031 575 1063 ante
607 1025 771 1062 minus
805 1024 1010 1062 excidisse
1042 1030 1262 1063 centum.
1325 1023 1390 1061 Cf.
1422 1023 1455 1073 ᾗ.
1477 1020 1545 1062 50.
1608 1019 1697 1057 Sci-

238 1079 341 1117 licet
389 1081 588 1129 pa=·ti‹·ula
635 1080 839 1127 quidem
898 1081 1035 1119 Mucio
1089 1080 1191 1119 alios
1246 1080 1396 1132 opponi
1449 1077 1604 1116 indicat
1655 1077 1697 1111 et

237 1135 516 1183 dicebant,
566 1133 672 1184 quod
721 1133 843 1170 codd.
893 1137 1036 1172 omiti's
1079 1141 1244 1184 tenent,
1285 1137 1408 1173 haec:
1451 1128 1699 1185 quicquid

238 1193 509 1243 cepisset,
557 1189 828 1238 adstringi
880 1202 960 1226 non
1011 1191 1184 1229 eundem
1227 1190 1434 1240 Mucium,
1481 1189 1553 1226 sed
1596 1186 1699 1224 alios

237 1249 478 1301 praecipere
510 1244 708 1283 ostendit.
772 1244 878 1294 Quid
912 1244 1064 1295 igitur?
1096 1247 1154 1285 Ea
1185 1246 1377 1284 hocloco
1402 1243 1699 1296 complectenS,

236 1318 338 1355 quae
371 1308 465 1341 ante
497 1301 532 1351 ᾗ.
567 1300 753 1341 49-—5L
787 1301 1361 1352 disputauit,dissensionem
1392 1303 1514 1339 etiam
1538 1299 1701 1348 attingit

238 1362 493 1410 antiquorum
530 1362 624 1395 ante
651 1362 1026 1395 commemoratam.
1089 1361 1348 1409 Quapropter
1378 1359 1562 1396 'l‘urnebi
1601 1368 1701 1393 con-

240 1419 437 1455 iecturam
483 1412 710 1464 amplector
757 1414 1074 1464 superiores
1127 1414 1381 1452 dicebant
1429 1419 1545 1462 cet„
1599 1423 1702 1462 quae

242 1474 370 1512 Lbino
411 1483 593 1522 quoque,
626 1470 818 1519 Dauisio,
853 1470 1078 1520 Wagnero,
1113 1472 1241 1520 Gzio,
1275 1471 1493 1509 Schuetzio
1525 1469 1701 1521 placuit3

244 1524 360 1581 quam
395 1529 435 1566 in
470 1528 699 1564 orationem
731 1539 809 1564 non
843 1528 1051 1577 recepisse
1083 1540 1149 1566 me
1182 1540 1287 1565 nunc
1318 1528 1517 1579 poenitet.
1573 1525 1703 1563 Praua

243 1590 307 1624 est
347 1585 529 1635 Zumptii
570 1584 808 1621 coniectura
846 1595 1004 1633 supra
1047 1583 1299 1623 dicebant
1338 1588 1444 1634 cet.,
1491 1595 1608 1634 quam
1647 1581 1705 1619 sic

240 1644 562 1694 interpretatur:
594 1639 771 1690 „friiher
802 1645 944 1690 sagten
977 1641 1087 1679 sie“.

357 1720 501 1772 quasi
545 1716 822 1768 —legata
861 1731 957 1755 non
997 1724 1144 1757 esset
1186 1720 1214 1757 i.
1257 1730 1294 1756 e.
1337 1716 1481 1755 eodem
1515 1717 1606 1755 loco
1636 1730 1702 1755 res

246 1779 316 1828 sit,
349 1790 465 1828 quam
497 1780 624 1824 esset,
656 1775 690 1811 si
722 1787 770 1812 ea
801 1776 977 1824 pecunia
1017 1774 1156 1824 legata
1195 1787 1275 1811 non
1320 1781 1447 1812 esset.
1510 1773 1576 1813 Cf.
1618 1774 1705 1813 Cic.

245 1833 361 1873 Lael.
402 1831 452 1880 4,
498 1830 562 1871 14.
608 1843 764 1868 sensu
810 1832 940 1868 enim
989 1832 1181 1868 amisso
1226 1832 1297 1868 sit
1341 1829 1512 1879 idem,
1559 1833 1705 1879 quasi

250 1895 400 1929 natus
431 1901 524 1927 non
559 1891 706 1924 esset
729 1888 951 1925 omnino.
1014 1888 1222 1926 immerito
1247 1885 1402 1925 Orellio
1425 1885 1578 1937 placuit
1601 1886 1707 1926 dett.

249 1945 500 1998 quorundam
534 1942 655 1982 codd.
696 1943 890 1981 mendum
933 1956 1029 1993 quo
1068 1945 1124 1982 si.
1193 1944 1256 1981 Ne
1298 1945 1338 1981 in
1378 1943 1502 1981 Tusc.
1543 1943 1705 1993 quidem

246 2005 363 2055 Disp.
397 1999 431 2052 I,
465 2000 533 2041 24.
566 1999 636 2040 57.
669 1999 787 2038 Lbini
821 2001 1097 2038 coniecturam
1130 2013 1223 2051 quo
1253 2001 1298 2038 si
1332 2004 1483 2039 certam
1515 2005 1628 2052 puto.

362 2082 395 2131 ᾧ.
430 2078 498 2120 54.
559 2081 738 2128 sitque
771 2077 844 2127 ea]
907 2077 1101 2115 Codicum
1133 2092 1358 2117 consensus
1390 2079 1496 2115 hanc
1523 2077 1706 2116 lacunam

249 2141 328 2177 iam
367 2139 407 2174 in
448 2135 540 2173 cod.
583 2134 694 2172 arch.
732 2134 862 2170 fuisse
902 2135 1049 2183 arguit.
1112 2136 1246 2182 Quare
1289 2137 1322 2171 si
1366 2135 1519 2171 Lbinus
1558 2134 1623 2172 uel
1661 2147 1708 2171 ex

249 2195 432 2244 margine
470 2191 623 2228 codicis
663 2191 896 2240 perantiqui
941 2188 1006 2226 uel
1050 2202 1096 2226 ex
1138 2189 1361 2228 Plutarcho
1393 2192 1563 2238 Quaest.
1604 2204 1707 2229 rom.

247 2265 290 2303 p.
328 2248 422 2290 114.
455 2247 521 2285 ed.
556 2247 683 2296 wytt.
719 2259 764 2283 ca
799 2244 988 2283 Ciceroni
1021 2248 1255 2285 restituisse
1288 2259 1332 2284 se
1367 2246 1490 2295 dicit,
1523 2260 1626 2297 quae
1660 2249 1709 2285 ab

253 2320 301 2345 eo
334 2304 520 2357 profecta
552 2315 644 2339 esse
675 2300 874 2339 credibile
906 2304 980 2339 sit:
1020 2316 1067 2339 ea
1098 2307 1234 2341 tamen
1268 2303 1500 2341 coniectura
1527 2305 1713 2342 nituntur

256 2361 471 2401 admodum
513 2361 694 2408 infirma,
736 2360 977 2409 praesertim
1021 2372 1108 2396 cum
1154 2359 1399 2398 Plutarchus
1449 2371 1528 2397 non
1580 2365 1708 2398 totum

253 2421 361 2458 hunc
399 2416 531 2454 locum
575 2415 627 2452 de
667 2418 842 2452 manium
882 2417 970 2452 iure
1010 2428 1030 2452 a
1062 2417 1263 2453 Cicerone
1302 2414 1547 2465 explicatum
1582 2415 1712 2467 expli-

254 2487 371 2512 casse
410 2473 615 2510 nideatur.
679 2472 765 2509 lloc
798 2484 918 2508 unum
957 2477 1071 2508 certo
1115 2484 1161 2509 ex
1194 2471 1414 2510 Plutarcho
1455 2469 1553 2509 licet
1593 2471 1711 2510 colli-

253 2531 367 2581 gere,
399 2536 442 2568 et
472 2529 525 2566 de
555 2528 833 2579 parentalibus
867 2532 933 2564 aut
958 2528 1182 2565 Februario
1214 2533 1282 2565 aut
1313 2527 1524 2565 Decembri
1554 2528 1711 2565 haben-

256 2587 318 2625 dis
350 2587 392 2624 h.
425 2585 454 2623 l.
487 2595 718 2622 sermonem
751 2584 881 2620 fuisse
914 2588 956 2621 et
987 2585 1118 2621 uirum
1160 2585 1349 2633 doctum,
1399 2585 1464 2633 qui
1511 2583 1556 2622 L.
1601 2585 1713 2622 Accii

257 2644 300 2681 h.
331 2642 361 2681 l.
394 2642 608 2679 familiaris
638 2641 814 2687 dicitur,
846 2652 940 2677 esse
972 2641 1067 2677 Dec.
1105 2642 1293 2689 Brutum,
1335 2641 1400 2689 qui
1445 2652 1529 2678 cos.
1561 2653 1596 2678 a.
1629 2639 1712 2681 616

257 2700 352 2737 fuit.
415 2698 524 2735 idem
567 2698 677 2735 Accii
709 2699 856 2747 poetae
895 2695 1108 2735 familiaris
1147 2697 1277 2734 fuisse
1316 2695 1466 2733 dicitur
1496 2697 1610 2734 Brut.
1641 2695 1711 2747 28,

265 2756 359 2796 107.
387 2767 459 2808 pro
491 2753 617 2792 Arch.
654 2754 719 2802 11,
752 2753 821 2793 27.
889 2753 1005 2791 Lbini
1048 2755 1256 2792 inuentum
1296 2752 1374 2791 hoc
1412 2756 1499 2790 est:
1538 2753 1714 2804 sitque
