1791 3192
235 172 337 206 xxll
833 178 1120 212 PRAEFATIO.

236 280 315 325 est,
348 278 391 313 ut
421 287 499 314 nec
521 275 604 314 fide
635 275 853 317 admodum
887 279 998 331 digni
1031 282 1137 331 sint,
1166 293 1255 319 cum
1287 295 1309 320 a
1340 280 1581 322 melioribus
1613 283 1701 322 dis-

234 348 432 394 crepent,
463 356 540 381 nec
570 347 685 380 tanta
715 356 855 384 eorum
891 348 944 385 sit
975 347 1225 399 similitudo,
1267 354 1417 400 quanta
1458 349 1701 402 plerumque

234 408 448 448 meliorum
484 415 562 449 est.
622 411 678 448 Ac
716 416 851 451 tamen
897 415 1093 466 quosdam
1137 429 1276 454 eorum
1310 418 1371 455 sui
1402 429 1495 455 esse
1527 417 1701 456 similio-

232 489 316 525 res,
351 491 466 528 quam
503 490 646 516 omnes
679 482 774 518 sunt
807 483 1003 532 omnium,
1035 482 1161 521 ueluti
1197 487 1233 541 β
1265 488 1307 522 et
1338 503 1387 543 y,
1419 498 1498 522 non
1530 485 1588 522 ita
1619 484 1702 522 dif-

232 543 340 581 ficile
380 549 444 582 est
484 543 713 584 intellectu.
774 547 860 585 Nec
892 547 1032 587 dubito
1067 550 1280 602 equidem,
1322 552 1442 602 quin,
1487 552 1521 589 si
1552 551 1702 603 singuli

233 611 398 650 codices
438 612 676 663 diligentius
719 614 1010 667 explorentur,
1053 619 1171 655 huius
1215 620 1354 669 stirpis
1396 620 1495 657 rami
1541 620 1703 670 quidam

231 680 392 730 possint
433 680 640 730 distingui.
714 681 865 721 Uerum
906 698 996 723 cum
1037 686 1228 723 subtilior
1268 698 1315 724 ea
1356 686 1408 724 de
1440 699 1621 724 renunc
1655 700 1703 724 eo

231 746 481 798 impediatur
510 747 748 799 disputatio,
781 751 888 800 quod
919 751 1085 802 plurimi
1119 752 1371 791 deteriorum
1405 753 1592 791 codicum
1627 767 1703 805 pa-

230 826 320 852 rum
367 814 589 866 diligenter
633 819 728 852 sunt
768 817 969 869 explorati
1010 833 1087 857 nec
1129 833 1297 869 magnus
1337 820 1435 858 iude
1475 821 1539 858 his
1587 819 1703 859 libris

231 882 387 919 fructus
430 884 483 920 sit
520 881 847 933 redundaturuS,
891 888 1105 936 quoniam,
1149 900 1239 924 cum
1284 889 1498 938 utriusque
1535 889 1702 937 generis

232 948 397 986 codices
430 950 540 987 inter
568 962 612 987 se
645 949 911 1001 discrepant,
952 952 1030 990 hoc
1061 967 1183 992 unum
1215 956 1387 993 maxime
1427 953 1703 1004 quaerendum

232 1019 311 1065 est,
344 1016 441 1067 quid
472 1018 511 1056 in
543 1020 730 1071 principe
759 1024 1023 1071 utrorumque
1054 1020 1159 1060 libro
1198 1024 1392 1074 scriptum
1423 1021 1547 1059 suerit
1579 1021 1704 1072 idque

232 1095 280 1121 ex
324 1083 602 1135 discrepantia
641 1085 810 1125 alterius
852 1089 1016 1138 generis
1056 1088 1122 1126 uel
1166 1102 1303 1127 secum
1346 1088 1413 1126 uel
1446 1102 1535 1127 cum
1569 1087 1701 1126 altero

230 1156 463 1202 comparata
500 1152 744 1205 plerumque
784 1155 958 1193 diuinari
990 1161 1150 1207 potest:
1199 1162 1327 1195 totam
1357 1158 1462 1194 hanc
1494 1157 1706 1206 quaestio-

231 1232 322 1256 nem
366 1224 410 1257 ut
450 1229 592 1271 parum
624 1223 875 1261 fructuosam
917 1236 994 1260 nec
1033 1230 1204 1275 propter
1247 1236 1430 1262 mancam
1482 1223 1706 1262 multorum

231 1287 416 1325 codicum
449 1291 725 1340 cognitionem
758 1292 839 1328 rite
871 1290 1168 1341 profligandam
1202 1292 1539 1342 praetermittere
1581 1293 1706 1330 satius

233 1354 345 1394 duxi.

342 1434 456 1473 inter
500 1436 576 1474 hos
623 1441 756 1474 autem
806 1439 1020 1488 utriusque
1068 1438 1233 1489 generis
1283 1436 1450 1475 codices
1498 1439 1706 1477 interiecti

231 1506 328 1541 sunt
359 1503 427 1540 ΒΥ.
461 1508 502 1540 et
532 1502 630 1553 vd„
665 1505 731 1553 qui
763 1502 862 1541 alias
903 1507 1169 1542 consentiunt
1207 1517 1294 1542 cum
1340 1502 1616 1543 deterioribus
1647 1506 1707 1556 ÷÷),

233 1584 322 1609 cum
358 1570 596 1608 melioribus
630 1569 728 1608 alias
761 1570 850 1624 Ἠ),
884 1585 962 1610 nec
993 1572 1116 1611 ullam
1152 1571 1241 1608 fere
1274 1574 1420 1608 tenent
1462 1572 1705 1623 scripturam

226 1636 542 1688 notabiliorem,
591 1652 691 1689 quae
733 1652 780 1677 ex
815 1639 944 1678 altero
988 1645 1078 1678 utro
1110 1641 1295 1678 codicum
1329 1652 1486 1690 genere
1518 1652 1600 1677 non
1634 1642 1701 1678 in-

226 1707 433 1756 notuerit3
466 1719 557 1743 nam
591 1708 735 1756 quibus
768 1706 869 1745 Iocis
894 1721 992 1746 sane
1023 1709 1284 1759 paucissimis
1315 1709 1522 1757 scriptura
1546 1720 1567 1744 a
1592 1706 1705 1745 Goe-

227 1776 371 1811 renzio
410 1778 602 1825 excerpta
646 1780 709 1812 est
741 1789 761 1812 a
794 1779 946 1815 ceteris
991 1778 1177 1815 omnibus
1210 1776 1466 1828 discrepans,
1500 1776 1555 1812 ibi
1586 1780 1703 1813 recte

231 1854 415 1880 errorem
460 1843 720 1880 commissum
753 1844 870 1881 nobis
904 1844 1097 1882 uidemur
1128 1844 1319 1894 odorari,
1362 1842 1487 1881 ueluti
1522 1838 1602 1892 Ill,
1633 1841 1704 1893 42,

228 1910 295 1947 ubi
329 1915 651 1947 consecutus
690 1912 909 1962 excerpsit,
941 1925 1031 1950 cum
1063 1913 1104 1949 in
1138 1911 1378 1950 melioribus
1404 1911 1457 1948 sit
1487 1923 1594 1948 cum
1627 1922 1703 1948 se-

228 1988 284 2013 cu
304 1981 400 2014 tus·
462 1978 539 2025 Qui
571 1977 735 2016 codices
766 1984 901 2016 utrum
934 1978 1131 2031 descripti
1166 1992 1213 2017 ex
1254 1978 1491 2017 melioribus
1524 1978 1702 2015 correcti

226 2045 310 2081 sint
343 2057 391 2081 ex
430 2044 718 2095 deterioribus,
753 2059 801 2083 an
832 2050 990 2096 contra,
1025 2049 1102 2084 etsi
1138 2049 1175 2085 in
1224 2051 1337 2084 tanta
1368 2046 1589 2083 Goerenzii
1626 2057 1703 2082 ne-

226 2109 425 2162 gligentia
455 2124 530 2162 pro
563 2116 674 2149 certo
708 2112 912 2150 affirmare
939 2127 1019 2151 non
1046 2115 1197 2151 ausim:
1230 2114 1357 2162 magis
1380 2116 1515 2151 tamen
1538 2114 1579 2150 in
1614 2125 1701 2150 eam

225 2176 380 2215 inclino
413 2179 677 2229 sententiam,
713 2184 756 2217 ut
781 2179 991 2219 deriuatos
1023 2186 1163 2232 putem
1205 2193 1251 2217 ev(
1296 2179 1556 2230 melioribus,
1608 2193 1701 2218 cor-

227 2251 363 2284 rectos
398 2258 447 2283 ex
482 2246 785 2298 deterioribus,
821 2251 1034 2300 quoniam,
1074 2251 1107 2287 si
1141 2262 1187 2287 ex
1219 2249 1284 2286 his
1318 2252 1583 2298 manassent,
1622 2261 1703 2287 non

227 2326 327 2352 sane
358 2313 562 2353 haberent
597 2315 746 2354 menda
778 2321 918 2368 aperta
948 2315 1189 2366 meliorum,
1229 2329 1397 2367 quorum
1427 2313 1702 2354 tollendorum

225 2380 453 2435 periculum
486 2382 564 2419 iam
595 2383 747 2422 sactum
773 2390 838 2423 est
869 2386 908 2423 iu
943 2384 1235 2434 deterioribus,
1268 2382 1397 2422 ueluti
1431 2380 1465 2434 Ῑ,
1483 2381 1553 2424 39.
1575 2382 1702 2424 indi.

317 2511 344 2550 ⁸)
378 2509 492 2549 19¹4·
528 2508 833 2552 incognitum
859 2513 932 2541 cst
965 2509 1139 2551 minus,
1176 2520 1311 2553 quam
1350 2507 1397 2539 in
1422 2518 1507 2539 usu
1532 2516 1703 2538 neces-

223 2567 422 2607 sariun13
447 2567 476 2606 Ι,
501 2565 558 2597 50.
586 2576 635 2598 ac
658 2565 796 2599 nimis
822 2567 1034 2605 (nimium
1055 2568 1137 2609 Vd.)
1161 2568 1288 2600 istor
1304 2577 1393 2606 um3
1420 2563 1489 2600 Ill,
1510 2562 1544 2596 9.
1574 2563 1702 2606 equi-

226 2628 376 2658 tatem
403 2622 689 2666 quicunque.

318 2706 360 2745 ⁸⁶)
409 2705 436 2743 Ι,
463 2703 519 2738 31.
541 2704 916 2747 prauitatibns:
944 2705 971 2744 Ι,
1000 2702 1056 2737 39.
1085 2703 1210 2742 indi3
1235 2702 1266 2743 1,
1292 2700 1346 2734 62.
1374 2700 1478 2732 ueri
1506 2704 1552 2733 ct
1579 2700 1702 2733 salsi

225 2760 484 2795 iudicandi
511 2762 757 2798 scientia:
795 2762 842 2794 H.
872 2761 921 2793 ll.
952 2762 1200 2799 inuentum
1237 2759 1283 2791 ll.
1310 2756 1617 2797 28.f0rs;1n‚
1643 2757 1701 2791 36.

223 2818 493 2861 doluitque.
