1781 3192
232 172 321 221 2¹2
803 172 874 212 nn
907 173 1141 214 LEGIBUS

239 288 356 336 Quae
395 298 516 337 porro
558 283 794 335 Maduigius
841 285 883 322 in
928 286 1064 324 uerbis
1105 285 1376 339 reprehendit
1414 292 1698 327 consecuta

241 348 385 391 sunt,
440 354 513 392 pro
564 353 641 390 quo
690 344 902 392 exspectat
953 345 1261 381 constituta
1309 349 1464 393 sunt,
1516 345 1698 395 itemque

241 411 389 437 sacra
420 396 645 446 adiungi
676 397 1005 448 hominibus,
1044 411 1089 436 ea
1132 398 1289 437 leuiora
1329 403 1422 437 sunt
1463 404 1506 437 et
1543 400 1644 437 satis
1675 412 1698 438 a

239 454 366 493 Bakio
396 453 627 504 profligata.
688 452 753 490 Ad
793 453 866 491 has
908 460 1042 493 autem
1077 456 1204 492 iustas
1238 456 1437 493 orationis
1467 455 1698 506 reprehen-

241 512 380 548 siones
420 509 604 558 accedit,
645 513 690 546 ut
729 508 839 547 idem
873 510 1010 551 Madu.
1047 511 1365 561 demonstrauit,
1399 512 1697 551 sententiarum

240 566 493 618 perturbatio
526 578 606 602 non
637 578 734 603 sane
765 564 908 606 leuior.
968 568 1023 606 Et
1051 581 1232 605 normam
1276 568 1468 618 quidem,
1506 579 1608 618 quae
1646 566 1699 605 de

242 623 371 661 sacris
411 620 592 660 tenenda
632 625 777 673 esset,
825 624 963 662 uerbis
1008 623 1229 676 explicauit
1270 623 1330 662 de
1366 625 1531 662 sacris
1569 624 1698 662 haec

239 679 312 717 sit
330 691 427 716 una
452 678 752 728 sententia,
779 683 1240 718 utconseruentur
1261 688 1462 731 semper
1484 703 1532 708 —
1552 693 1701 718 sacra

241 732 307 789 (in
337 735 574 785 Bezieliung
605 733 678 772 auf
707 733 772 772 die
804 735 935 787 Opfer
965 736 1040 787 gilt
1072 737 1145 775 der
1176 739 1270 775 eine
1299 736 1535 774 Grundsatz
1575 733 1699 788 cet.).

240 791 306 831 Ad
337 804 452 842 quam
473 789 629 842 =procul
659 790 782 829 dubio
813 794 1039 843 pertinent,
1057 807 1175 844 „quae
1209 806 1299 831 mox
1321 799 1570 843 sequuntur:
1603 793 1700 830 hoc

242 861 341 886 uno
372 849 579 900 posito,
613 846 751 898 quod
782 853 863 886 est
894 849 953 886 ad
985 852 1343 899 cognitionem
1369 847 1700 899 disciplinae

240 905 372 944 satis
415 909 498 942 cet.
559 904 617 942 Ab
659 903 804 942 eodem
848 909 981 943 autem
1023 906 1162 956 fonte,
1206 919 1282 957 quo
1322 919 1435 944 sacra
1466 906 1701 943 conseruari

239 973 406 1013 semper
437 960 709 1012 acdeinceps
742 960 908 1000 familiis
940 961 1059 1013 prodi
1091 964 1296 1011 iubentur,
1329 962 1453 1000 ducta
1485 966 1580 999 sunt
1610 960 1699 998 illa:

239 1018 370 1056 haec
401 1019 515 1055 iura
546 1016 739 1068 pontif.
773 1024 905 1057 auct.
939 1031 1137 1059 consec.
1169 1023 1289 1057 sunt
1326 1022 1429 1067 cet.,
1469 1031 1546 1056 nec
1589 1018 1702 1068 quic·

241 1087 359 1126 quam
391 1075 623 1123 continent,
658 1073 764 1124 quod
796 1086 877 1112 non
910 1075 957 1112 ab
989 1074 1134 1112 eodem
1159 1076 1275 1113 sonte
1297 1074 1526 1126 profectum
1551 1074 1700 1112 distin-

241 1132 346 1169 ctius
378 1129 530 1167 deinde
557 1131 708 1167 iterum
740 1129 985 1180 explicetur,
1019 1136 1063 1168 ut
1093 1133 1172 1169 ista
1203 1131 1327 1169 facile
1366 1131 1572 1181 superflua
1608 1140 1702 1168 esse

241 1191 450 1239 appareat.
509 1190 577 1236 At,
611 1187 742 1236 inquit
771 1186 937 1238 BakiuS,
971 1188 1028 1225 sic
1060 1189 1192 1225 oratio
1223 1187 1509 1238 progreditur,
1543 1190 1587 1224 ut
1617 1186 1702 1237 pri·

240 1256 350 1281 mum
384 1243 541 1281 seruari
574 1255 685 1279 sacra
717 1247 909 1292 oportere
947 1244 1129 1293 dicatur,
1173 1243 1326 1281 deinde
1367 1244 1425 1280 eis
1467 1256 1516 1281 ea
1557 1241 1703 1280 adiun-

239 1298 374 1350 genda
406 1310 498 1336 esse
528 1299 827 1349 praecipiatur,
866 1299 915 1336 ad
949 1313 1048 1350 quos
1088 1302 1262 1350 pecunia
1305 1301 1490 1349 uenerit,
1527 1298 1705 1349 denique

241 1356 321 1394 hoe
361 1356 492 1406 ipsum
534 1353 771 1404 singulatim
813 1368 859 1392 ac
897 1368 973 1405 per
1011 1355 1192 1406 singulas
1236 1357 1400 1406 generis
1439 1356 1601 1408 species
1634 1366 1705 1392 ex·-

242 1410 421 1463 plicetur
469 1410 713 1448 accuratius.
783 1409 976 1449 Concedo
1015 1412 1134 1449 istam
1177 1424 1317 1449 ueram
1358 1412 1487 1450 fuisse
1527 1409 1703 1449 docendi

243 1469 374 1517 uiam,
416 1467 452 1504 si
491 1464 875 1504 iurisconsultorum
914 1466 1228 1506 innumerabilia
1267 1473 1491 1519 praecepta
1529 1469 1578 1505 ab
1625 1478 1706 1505 uno

242 1524 357 1575 quasi
388 1522 521 1572 fonte,
555 1536 632 1573 quo
663 1522 827 1562 facilius
859 1525 1219 1576 perspicerentur,
1257 1528 1452 1575 repetere
1491 1523 1705 1562 uoluisset.

243 1579 331 1620 Sed
367 1593 476 1618 nunc
513 1578 557 1616 id
596 1580 732 1630 potius
773 1580 930 1630 agitur,
969 1585 1014 1618 ut
1050 1580 1363 1619 innumerabilia
1403 1580 1475 1619 illa
1504 1581 1707 1618 iuriscon-

245 1635 446 1676 sultorum
487 1639 711 1687 praecepta
748 1641 977 1687 ponantur,
1019 1638 1225 1675 communi
1267 1649 1408 1675 eorum
1457 1636 1598 1686 fonte,
1640 1635 1707 1686 qui

243 1693 520 1746 proficiscitur
550 1693 598 1730 ab
630 1705 708 1730 una
737 1690 810 1730 illa
853 1694 1061 1730 sententia
1095 1706 1300 1731 sacrorum
1330 1691 1704 1730 conseruandorum

247 1761 448 1802 quemque
479 1749 569 1800 ipse
601 1746 763 1786 demum
796 1751 928 1799 aperit
960 1749 992 1798 ᾗ.
1019 1747 1088 1798 50,
1121 1762 1200 1786 non
1234 1750 1458 1786 nominato.
1519 1749 1648 1796 Quem
1671 1747 1705 1784 si

244 1808 325 1845 iam
359 1806 613 1858 aperuisset,
655 1817 736 1842 non
776 1806 913 1855 potuit
949 1805 1160 1856 profecto,
1200 1806 1313 1855 quasi
1354 1803 1459 1841 nihil
1490 1803 1625 1841 adhuc
1656 1801 1708 1839 de

246 1863 374 1902 sacris
406 1874 497 1900 cum
527 1862 704 1912 pecunia
736 1860 1032 1911 coniungendis
1061 1859 1259 1910 dixisset,
1301 1859 1452 1898 deinde
1483 1860 1544 1897 sic
1570 1859 1708 1910 loqui.

246 1922 578 1971 quaeruntur
608 1918 759 1966 enim,
797 1918 877 1968 qui
887 1888 1321 1968 eadstringantur
1353 1917 1536 1956 sacris,
1597 1917 1710 1965 Quae

247 1989 338 2015 cum
369 1976 427 2014 ita
459 1975 562 2024 sint,
594 1975 799 2013 assentior
829 1973 1020 2025 equidem
1049 1973 1261 2025 Maduigio
1293 1974 1398 2012 haec
1427 1974 1583 2011 omniat
1615 1973 1710 2010 hoc

246 2033 426 2085 posito
464 2031 592 2068 haec
623 2048 678 2059 —-·-
709 2031 918 2068 uenerit
957 2034 1161 2082 tamquam
1191 2032 1607 2082 interpretamentum
1639 2040 1711 2066 ex-

247 2087 440 2141 pellenti.
511 2087 637 2125 Cuius
682 2088 918 2124 etiamnunc
957 2088 1173 2138 uestigium
1212 2084 1447 2139 (ponite)
1487 2089 1621 2124 exstat
1666 2086 1710 2121 in

251 2145 331 2182 Gd.
358 2145 416 2193 2.,
450 2156 543 2193 quO,
577 2145 645 2193 qui
675 2143 973 2193 interpretatus
1003 2147 1092 2192 est,
1135 2155 1238 2193 quae
1276 2143 1447 2180 istorum
1480 2141 1571 2180 loco
1612 2142 1710 2193 poni

252 2199 399 2267 uellet,
431 2199 687 2249 significauit
748 2198 814 2237 Cf.
848 2198 883 2248 ᾇ.
915 2196 982 2238 44.
1017 2195 1049 2239 Ι
1082 2199 1115 2249 ᾗ.
1149 2199 1218 2240 61.

363 2258 432 2294 iis
465 2259 546 2293 est
577 2268 634 2292 ea
666 2252 766 2294 adi
773 2255 791 2305 ]
852 2255 965 2293 Ilaec
987 2256 1124 2293 omnia
1140 2266 1322 2307 expressi
1340 2252 1564 2292 secundum
1587 2252 1709 2292 codd.

255 2312 465 2362 meliores,
499 2325 575 2363 quo
603 2308 853 2349 luculentius
885 2312 1298 2364 interpretamentum
1329 2309 1439 2349 istud
1477 2322 1571 2349 esse
1611 2322 1710 2361 cog-

252 2374 509 2409 nosceretur.
558 2367 701 2419 Steph.
750 2367 858 2406 Man.
905 2369 1007 2408 Dau.
1053 2368 1156 2407 Ern.
1197 2368 1345 2418 Wagn.
1385 2366 1482 2406 Sch.
1522 2367 1590 2406 Or.
1641 2367 1711 2404 iis

253 2431 438 2466 essent
469 2439 523 2464 ea
552 2424 828 2473 adiuncta3
869 2437 971 2477 quae
1012 2426 1214 2463 correctio
1256 2425 1337 2462 iam
1377 2428 1537 2463 tentata
1576 2423 1711 2461 estin

252 2486 285 2523 A
315 2488 356 2522 et
387 2484 418 2522 B
457 2487 499 2521 et
529 2482 763 2520 necessaria
792 2494 890 2519 sane
921 2487 1049 2532 esset,
1082 2483 1115 2520 si
1157 2483 1261 2520 haec
1292 2481 1503 2519 Ciceronis
1539 2484 1712 2532 possent

253 2541 409 2592 haberi.
472 2540 649 2578 Lbinus:
682 2541 734 2575 et
764 2542 817 2576 ut
847 2540 914 2577 iis
957 2544 1144 2577 essent
1184 2551 1239 2576 ea
1278 2537 1374 2576 adi.
1431 2537 1540 2575 Uict.
1583 2535 1708 2575 Goer-

254 2597 468 2636 Moserus:
499 2599 552 2634 et
581 2595 649 2633 iis
681 2594 822 2641 (Goer.
854 2595 954 2641 his)
987 2599 1132 2634 esset
1162 2607 1218 2633 ea
1249 2594 1342 2634 adi.

368 2651 707 2704 quaeruntur]
785 2652 938 2690 Dauisii
977 2653 1252 2691 coniecturam
1293 2653 1546 2700 quaerunt
1584 2650 1712 2687 miror

256 2709 452 2749 ErnestIo
483 2707 706 2761 placuisse,
740 2708 960 2760 Wagnero,
994 2709 1144 2747 Rathio
1177 2721 1222 2746 ac
1258 2719 1390 2758 nuper
1418 2706 1570 2744 Bakio:
1609 2717 1711 2757 quae
1770 2732 1773 2736 ι

255 2779 333 2805 nec
375 2772 548 2819 propter
601 2764 642 2803 id
690 2765 796 2816 quod
848 2765 1085 2818 praecedit,
1128 2767 1438 2814 nascuntur,
1485 2761 1624 2815 placet
1668 2767 1712 2801 et
1770 2791 1771 2798 ι
