<?xml version="1.0" encoding="UTF-8"?>
<!DOCTYPE html PUBLIC "-//W3C//DTD XHTML 1.0 Transitional//EN"
    "http://www.w3.org/TR/xhtml1/DTD/xhtml1-transitional.dtd">
<html xmlns="http://www.w3.org/1999/xhtml" xml:lang="en" lang="en">
 <head>
  <title>
</title>
<meta http-equiv="Content-Type" content="text/html;charset=utf-8" />
  <meta name='ocr-system' content='tesseract 3.04.00' />
  <meta name='ocr-capabilities' content='ocr_page ocr_carea ocr_par ocr_line ocrx_word'/>
</head>
<body>
  <div class='ocr_page' id='page_1' title='image "./delegibuslibritr0102ciceuoft_0250.png"; bbox 0 0 1781 3192; ppageno 0'>
   <div class='ocr_carea' id='block_1_1' title="bbox 223 179 1123 222">
    <p class='ocr_par' dir='ltr' id='par_1_1' title="bbox 223 179 1123 222">
     <span class='ocr_line' id='line_1_1' title="bbox 223 179 1123 222; baseline 0.007 -6"><span class='ocrx_word' id='word_1_1' title='bbox 223 179 282 217; x_wconf 67' lang='lat'><strong>4¹4</strong></span> <span class='ocrx_word' id='word_1_2' title='bbox 789 181 860 220; x_wconf 84' lang='lat' dir='ltr'><strong>DE</strong></span> <span class='ocrx_word' id='word_1_3' title='bbox 892 182 1123 222; x_wconf 78' lang='lat' dir='ltr'>LEGIBUS</span> 
     </span>
    </p>
   </div>
   <div class='ocr_carea' id='block_1_2' title="bbox 223 287 1698 1367">
    <p class='ocr_par' dir='ltr' id='par_1_2' title="bbox 225 287 1695 620">
     <span class='ocr_line' id='line_1_2' title="bbox 228 287 1691 360; baseline 0.008 -24"><span class='ocrx_word' id='word_1_4' title='bbox 228 288 358 337; x_wconf 81' lang='grc' dir='ltr'><em>ὄντα</em></span> <span class='ocrx_word' id='word_1_5' title='bbox 390 292 485 337; x_wconf 79' lang='grc' dir='ltr'><strong>’τοῦ</strong></span> <span class='ocrx_word' id='word_1_6' title='bbox 504 287 723 350; x_wconf 74' lang='grc' dir='ltr'><strong>κόσμου.</strong></span> <span class='ocrx_word' id='word_1_7' title='bbox 785 303 906 342; x_wconf 85' lang='lat' dir='ltr'>Unde</span> <span class='ocrx_word' id='word_1_8' title='bbox 949 311 993 343; x_wconf 90' lang='lat' dir='ltr'><strong>et</strong></span> <span class='ocrx_word' id='word_1_9' title='bbox 1022 306 1193 344; x_wconf 85' lang='lat' dir='ltr'><strong>rationis</strong></span> <span class='ocrx_word' id='word_1_10' title='bbox 1224 309 1463 344; x_wconf 84' lang='lat' dir='ltr'><strong>societatem</strong></span> <span class='ocrx_word' id='word_1_11' title='bbox 1495 313 1538 347; x_wconf 90' lang='lat' dir='ltr'><strong>et</strong></span> <span class='ocrx_word' id='word_1_12' title='bbox 1567 323 1691 360; x_wconf 76' lang='lat' dir='ltr'><strong>agna-</strong></span> 
     </span>
     <span class='ocr_line' id='line_1_3' title="bbox 226 358 1689 415; baseline 0.005 -18"><span class='ocrx_word' id='word_1_13' title='bbox 226 361 397 407; x_wconf 78' lang='lat' dir='ltr'><strong>tionem,</strong></span> <span class='ocrx_word' id='word_1_14' title='bbox 430 370 531 407; x_wconf 90' lang='lat' dir='ltr'><strong>quae</strong></span> <span class='ocrx_word' id='word_1_15' title='bbox 561 358 717 396; x_wconf 87' lang='lat' dir='ltr'><strong>homini</strong></span> <span class='ocrx_word' id='word_1_16' title='bbox 748 372 837 397; x_wconf 90' lang='lat' dir='ltr'><strong>cum</strong></span> <span class='ocrx_word' id='word_1_17' title='bbox 870 360 947 399; x_wconf 89' lang='lat' dir='ltr'><strong>deo</strong></span> <span class='ocrx_word' id='word_1_18' title='bbox 981 367 1109 410; x_wconf 87' lang='lat' dir='ltr'><strong>esset,</strong></span> <span class='ocrx_word' id='word_1_19' title='bbox 1149 363 1408 411; x_wconf 78' lang='lat' dir='ltr'><strong>repetebant.</strong></span> <span class='ocrx_word' id='word_1_20' title='bbox 1467 364 1532 402; x_wconf 86' lang='lat' dir='ltr'><strong>Cf.</strong></span> <span class='ocrx_word' id='word_1_21' title='bbox 1565 366 1593 415; x_wconf 57' lang='grc' dir='ltr'><strong>ξ.</strong></span> <span class='ocrx_word' id='word_1_22' title='bbox 1624 366 1689 405; x_wconf 77' lang='grc'><strong>23.</strong></span> 
     </span>
     <span class='ocr_line' id='line_1_4' title="bbox 225 414 1691 464; baseline 0.003 -10"><span class='ocrx_word' id='word_1_23' title='bbox 225 415 472 454; x_wconf 86' lang='lat' dir='ltr'><strong>Memoriter</strong></span> <span class='ocrx_word' id='word_1_24' title='bbox 511 414 624 454; x_wconf 86' lang='lat' dir='ltr'><strong>Lact.</strong></span> <span class='ocrx_word' id='word_1_25' title='bbox 659 415 709 464; x_wconf 87' lang='lat'><strong>11,</strong></span> <span class='ocrx_word' id='word_1_26' title='bbox 748 414 810 455; x_wconf 86' lang='grc'><strong>11.</strong></span> <span class='ocrx_word' id='word_1_27' title='bbox 851 417 952 455; x_wconf 89' lang='lat' dir='ltr'><strong>haec</strong></span> <span class='ocrx_word' id='word_1_28' title='bbox 990 419 1048 455; x_wconf 84' lang='lat' dir='ltr'><strong>sic</strong></span> <span class='ocrx_word' id='word_1_29' title='bbox 1088 417 1297 456; x_wconf 89' lang='lat' dir='ltr'><strong>laudauit:</strong></span> <span class='ocrx_word' id='word_1_30' title='bbox 1339 419 1484 457; x_wconf 85' lang='lat' dir='ltr'><strong>aiunt</strong></span> <span class='ocrx_word' id='word_1_31' title='bbox 1522 423 1691 460; x_wconf 86' lang='lat' dir='ltr'><strong>certis</strong></span> 
     </span>
     <span class='ocr_line' id='line_1_5' title="bbox 225 471 1692 524; baseline 0.003 -15"><span class='ocrx_word' id='word_1_32' title='bbox 225 471 686 509; x_wconf 87' lang='lat' dir='ltr'><strong>conuersionibus</strong></span> <span class='ocrx_word' id='word_1_33' title='bbox 719 471 854 524; x_wconf 76' lang='lat' dir='ltr'><strong>caeli</strong></span> <span class='ocrx_word' id='word_1_34' title='bbox 885 480 940 511; x_wconf 88' lang='lat' dir='ltr'><strong>et</strong></span> <span class='ocrx_word' id='word_1_35' title='bbox 968 479 1231 512; x_wconf 84' lang='lat' dir='ltr'><strong>astrorum</strong></span> <span class='ocrx_word' id='word_1_36' title='bbox 1265 476 1495 513; x_wconf 87' lang='lat' dir='ltr'><strong>motibus</strong></span> <span class='ocrx_word' id='word_1_37' title='bbox 1533 482 1692 515; x_wconf 90' lang='lat' dir='ltr'><strong>matu-</strong></span> 
     </span>
     <span class='ocr_line' id='line_1_6' title="bbox 225 527 1695 576; baseline 0.004 -11"><span class='ocrx_word' id='word_1_38' title='bbox 225 529 437 565; x_wconf 84' lang='lat' dir='ltr'><strong>ritatem</strong></span> <span class='ocrx_word' id='word_1_39' title='bbox 488 527 740 576; x_wconf 87' lang='lat' dir='ltr'><strong>quandam</strong></span> <span class='ocrx_word' id='word_1_40' title='bbox 800 531 1092 568; x_wconf 87' lang='lat' dir='ltr'><strong>exstitisse</strong></span> <span class='ocrx_word' id='word_1_41' title='bbox 1148 530 1453 569; x_wconf 88' lang='lat' dir='ltr'><strong>animalium</strong></span> <span class='ocrx_word' id='word_1_42' title='bbox 1517 545 1695 571; x_wconf 92' lang='lat' dir='ltr'><strong>seren-</strong></span> 
     </span>
     <span class='ocr_line' id='line_1_7' title="bbox 225 582 410 620; baseline -0.011 0"><span class='ocrx_word' id='word_1_43' title='bbox 225 582 410 620; x_wconf 85' lang='lat' dir='ltr'><strong>dorum.</strong></span> 
     </span>
    </p>

    <p class='ocr_par' dir='ltr' id='par_1_3' title="bbox 223 637 1698 1367">
     <span class='ocr_line' id='line_1_8' title="bbox 339 637 1692 691; baseline 0.005 -16"><span class='ocrx_word' id='word_1_44' title='bbox 339 650 556 688; x_wconf 85' lang='lat' dir='ltr'><strong>cumque</strong></span> <span class='ocrx_word' id='word_1_45' title='bbox 588 637 711 688; x_wconf 80' lang='lat' dir='ltr'><strong>alia,</strong></span> <span class='ocrx_word' id='word_1_46' title='bbox 747 641 959 691; x_wconf 89' lang='lat' dir='ltr'><strong>quibus]</strong></span> <span class='ocrx_word' id='word_1_47' title='bbox 1011 642 1070 680; x_wconf 80' lang='lat' dir='ltr'><strong>Ex</strong></span> <span class='ocrx_word' id='word_1_48' title='bbox 1093 642 1244 680; x_wconf 89' lang='lat' dir='ltr'><strong>mendo</strong></span> <span class='ocrx_word' id='word_1_49' title='bbox 1269 642 1453 680; x_wconf 84' lang='lat' dir='ltr'><strong>codicum</strong></span> <span class='ocrx_word' id='word_1_50' title='bbox 1478 642 1692 682; x_wconf 83' lang='lat' dir='ltr'><strong>meliorum</strong></span> 
     </span>
     <span class='ocr_line' id='line_1_9' title="bbox 226 693 1694 749; baseline 0.004 -18"><span class='ocrx_word' id='word_1_51' title='bbox 226 707 478 745; x_wconf 88' lang='lat' dir='ltr'><strong>quamque</strong></span> <span class='ocrx_word' id='word_1_52' title='bbox 507 693 807 745; x_wconf 82' lang='lat' dir='ltr'><strong>aliquibus,</strong></span> <span class='ocrx_word' id='word_1_53' title='bbox 839 698 950 735; x_wconf 87' lang='lat' dir='ltr'><strong>cuius</strong></span> <span class='ocrx_word' id='word_1_54' title='bbox 981 711 1107 749; x_wconf 87' lang='lat' dir='ltr'><strong>praue</strong></span> <span class='ocrx_word' id='word_1_55' title='bbox 1140 700 1180 735; x_wconf 90' lang='lat' dir='ltr'><strong>in</strong></span> <span class='ocrx_word' id='word_1_56' title='bbox 1225 698 1497 737; x_wconf 82' lang='lat' dir='ltr'><strong>deterioribus</strong></span> <span class='ocrx_word' id='word_1_57' title='bbox 1538 704 1694 738; x_wconf 84' lang='lat' dir='ltr'><strong>tentata</strong></span> 
     </span>
     <span class='ocr_line' id='line_1_10' title="bbox 226 752 1694 803; baseline 0.003 -14"><span class='ocrx_word' id='word_1_58' title='bbox 226 752 429 789; x_wconf 90' lang='lat' dir='ltr'><strong>correctio</strong></span> <span class='ocrx_word' id='word_1_59' title='bbox 461 755 525 787; x_wconf 88' lang='lat' dir='ltr'><strong>est</strong></span> <span class='ocrx_word' id='word_1_60' title='bbox 555 752 671 795; x_wconf 88' lang='lat' dir='ltr'><strong>(uide</strong></span> <span class='ocrx_word' id='word_1_61' title='bbox 703 764 796 790; x_wconf 88' lang='lat' dir='ltr'><strong>ann.</strong></span> <span class='ocrx_word' id='word_1_62' title='bbox 829 754 965 803; x_wconf 88' lang='lat' dir='ltr'><strong>crit.),</strong></span> <span class='ocrx_word' id='word_1_63' title='bbox 1007 759 1119 791; x_wconf 81' lang='lat' dir='ltr'><strong>recte</strong></span> <span class='ocrx_word' id='word_1_64' title='bbox 1155 755 1207 793; x_wconf 82' lang='lat' dir='ltr'><strong>(le</strong></span> <span class='ocrx_word' id='word_1_65' title='bbox 1240 755 1422 793; x_wconf 70' lang='lat' dir='ltr'><strong>&#39;l‘urnebi</strong></span> <span class='ocrx_word' id='word_1_66' title='bbox 1456 758 1694 794; x_wconf 86' lang='lat' dir='ltr'><strong>coniectura</strong></span> 
     </span>
     <span class='ocr_line' id='line_1_11' title="bbox 223 806 1694 863; baseline 0.004 -19"><span class='ocrx_word' id='word_1_67' title='bbox 223 806 372 856; x_wconf 82' lang='lat' dir='ltr'><strong>reliqui</strong></span> <span class='ocrx_word' id='word_1_68' title='bbox 421 806 646 845; x_wconf 73' lang='lat' dir='ltr'><strong>effecerunt</strong></span> <span class='ocrx_word' id='word_1_69' title='bbox 697 821 910 859; x_wconf 87' lang='lat' dir='ltr'><strong>cumque</strong></span> <span class='ocrx_word' id='word_1_70' title='bbox 962 808 1267 862; x_wconf 82' lang='lat' dir='ltr'><strong>(quomque)</strong></span> <span class='ocrx_word' id='word_1_71' title='bbox 1313 810 1434 860; x_wconf 89' lang='lat' dir='ltr'><strong>alia,</strong></span> <span class='ocrx_word' id='word_1_72' title='bbox 1483 812 1644 863; x_wconf 89' lang='lat' dir='ltr'><strong>quibu</strong></span> <span class='ocrx_word' id='word_1_73' title='bbox 1659 826 1694 851; x_wconf 88' lang='lat' dir='ltr'><strong>s.</strong></span> 
     </span>
     <span class='ocr_line' id='line_1_12' title="bbox 224 862 1691 914; baseline 0.003 -13"><span class='ocrx_word' id='word_1_74' title='bbox 224 862 385 901; x_wconf 87' lang='lat' dir='ltr'><strong>Deinde</strong></span> <span class='ocrx_word' id='word_1_75' title='bbox 414 875 488 913; x_wconf 91' lang='lat' dir='ltr'><strong>pro</strong></span> <span class='ocrx_word' id='word_1_76' title='bbox 523 875 598 913; x_wconf 86' lang='lat' dir='ltr'><strong>eo,</strong></span> <span class='ocrx_word' id='word_1_77' title='bbox 642 864 748 914; x_wconf 85' lang='lat' dir='ltr'><strong>quod</strong></span> <span class='ocrx_word' id='word_1_78' title='bbox 790 866 831 902; x_wconf 91' lang='lat' dir='ltr'><strong>in</strong></span> <span class='ocrx_word' id='word_1_79' title='bbox 876 865 1114 904; x_wconf 89' lang='lat' dir='ltr'><strong>melioribus</strong></span> <span class='ocrx_word' id='word_1_80' title='bbox 1156 868 1364 906; x_wconf 87' lang='lat' dir='ltr'><strong>codicibus</strong></span> <span class='ocrx_word' id='word_1_81' title='bbox 1402 873 1467 905; x_wconf 93' lang='lat' dir='ltr'><strong>est</strong></span> <span class='ocrx_word' id='word_1_82' title='bbox 1506 869 1691 906; x_wconf 87' lang='lat' dir='ltr'><strong>cohae-</strong></span> 
     </span>
     <span class='ocr_line' id='line_1_13' title="bbox 223 920 1696 974; baseline 0.004 -18"><span class='ocrx_word' id='word_1_83' title='bbox 223 923 361 967; x_wconf 86' lang='lat' dir='ltr'><strong>rent,</strong></span> <span class='ocrx_word' id='word_1_84' title='bbox 394 920 563 970; x_wconf 90' lang='lat' dir='ltr'><strong>probaui</strong></span> <span class='ocrx_word' id='word_1_85' title='bbox 596 921 702 971; x_wconf 89' lang='lat' dir='ltr'><strong>quod</strong></span> <span class='ocrx_word' id='word_1_86' title='bbox 736 926 801 959; x_wconf 82' lang='lat' dir='ltr'><strong>est</strong></span> <span class='ocrx_word' id='word_1_87' title='bbox 827 923 869 958; x_wconf 93' lang='lat' dir='ltr'><strong>in</strong></span> <span class='ocrx_word' id='word_1_88' title='bbox 903 922 1041 960; x_wconf 78' lang='lat' dir='ltr'><strong>multis</strong></span> <span class='ocrx_word' id='word_1_89' title='bbox 1087 924 1338 962; x_wconf 87' lang='lat' dir='ltr'><strong>deteriorum</strong></span> <span class='ocrx_word' id='word_1_90' title='bbox 1380 928 1421 961; x_wconf 89' lang='lat' dir='ltr'><strong>et</strong></span> <span class='ocrx_word' id='word_1_91' title='bbox 1459 923 1566 974; x_wconf 88' lang='lat' dir='ltr'><strong>quod</strong></span> <span class='ocrx_word' id='word_1_92' title='bbox 1597 923 1696 962; x_wconf 83' lang='lat' dir='ltr'><strong>inde</strong></span> 
     </span>
     <span class='ocr_line' id='line_1_14' title="bbox 225 975 1695 1030; baseline 0.003 -18"><span class='ocrx_word' id='word_1_93' title='bbox 225 990 247 1013; x_wconf 82' lang='lat' dir='ltr'><strong>a</strong></span> <span class='ocrx_word' id='word_1_94' title='bbox 297 975 533 1013; x_wconf 84' lang='lat' dir='ltr'><strong>Goerenzio</strong></span> <span class='ocrx_word' id='word_1_95' title='bbox 591 976 774 1014; x_wconf 87' lang='lat' dir='ltr'><strong>editores</strong></span> <span class='ocrx_word' id='word_1_96' title='bbox 825 990 965 1015; x_wconf 89' lang='lat' dir='ltr'><strong>omnes</strong></span> <span class='ocrx_word' id='word_1_97' title='bbox 1016 984 1267 1030; x_wconf 85' lang='lat' dir='ltr'><strong>receperunt</strong></span> <span class='ocrx_word' id='word_1_98' title='bbox 1319 981 1695 1018; x_wconf 85' lang='lat' dir='ltr'><strong>cohaererent.</strong></span> 
     </span>
     <span class='ocr_line' id='line_1_15' title="bbox 224 1032 1696 1087; baseline 0.003 -18"><span class='ocrx_word' id='word_1_99' title='bbox 224 1033 324 1081; x_wconf 62' lang='lat' dir='ltr'><strong>Nam</strong></span> <span class='ocrx_word' id='word_1_100' title='bbox 359 1032 607 1070; x_wconf 86' lang='lat' dir='ltr'><strong>indicatiuus</strong></span> <span class='ocrx_word' id='word_1_101' title='bbox 637 1034 799 1071; x_wconf 87' lang='lat' dir='ltr'><strong>nonnisi</strong></span> <span class='ocrx_word' id='word_1_102' title='bbox 828 1036 890 1072; x_wconf 87' lang='lat' dir='ltr'><strong>rei</strong></span> <span class='ocrx_word' id='word_1_103' title='bbox 922 1034 1203 1074; x_wconf 85' lang='lat' dir='ltr'><strong>definitionem</strong></span> <span class='ocrx_word' id='word_1_104' title='bbox 1245 1037 1497 1086; x_wconf 80' lang='lat' dir='ltr'><strong>significaret</strong></span> <span class='ocrx_word' id='word_1_105' title='bbox 1527 1037 1574 1074; x_wconf 92' lang='lat' dir='ltr'><strong>ab</strong></span> <span class='ocrx_word' id='word_1_106' title='bbox 1605 1038 1696 1087; x_wconf 85' lang='lat' dir='ltr'><strong>ipso</strong></span> 
     </span>
     <span class='ocr_line' id='line_1_16' title="bbox 225 1089 1695 1145; baseline 0.003 -20"><span class='ocrx_word' id='word_1_107' title='bbox 225 1092 392 1126; x_wconf 87' lang='lat' dir='ltr'><strong>auctore</strong></span> <span class='ocrx_word' id='word_1_108' title='bbox 432 1091 712 1140; x_wconf 85' lang='lat' dir='ltr'><strong>propositam,</strong></span> <span class='ocrx_word' id='word_1_109' title='bbox 759 1089 888 1128; x_wconf 86' lang='lat' dir='ltr'><strong>ueluti</strong></span> <span class='ocrx_word' id='word_1_110' title='bbox 927 1090 980 1127; x_wconf 92' lang='lat' dir='ltr'><strong>de</strong></span> <span class='ocrx_word' id='word_1_111' title='bbox 1018 1092 1094 1131; x_wconf 78' lang='lat' dir='ltr'><strong>Off.</strong></span> <span class='ocrx_word' id='word_1_112' title='bbox 1136 1093 1165 1130; x_wconf 87' lang='grc' dir='ltr'><strong>Ι.</strong></span> <span class='ocrx_word' id='word_1_113' title='bbox 1201 1090 1267 1132; x_wconf 87' lang='grc'><strong>39.</strong></span> <span class='ocrx_word' id='word_1_114' title='bbox 1315 1091 1408 1131; x_wconf 70' lang='lat'>141.</span> <span class='ocrx_word' id='word_1_115' title='bbox 1449 1089 1695 1145; x_wconf 88' lang='lat' dir='ltr'><strong>(tertium</strong></span> 
     </span>
     <span class='ocr_line' id='line_1_17' title="bbox 228 1147 1697 1201; baseline 0.001 -19"><span class='ocrx_word' id='word_1_116' title='bbox 228 1150 330 1194; x_wconf 88' lang='lat' dir='ltr'><strong>est,</strong></span> <span class='ocrx_word' id='word_1_117' title='bbox 378 1152 431 1183; x_wconf 87' lang='lat' dir='ltr'><strong>ut</strong></span> <span class='ocrx_word' id='word_1_118' title='bbox 463 1158 764 1195; x_wconf 76' lang='lat' dir='ltr'><strong>caueamus,</strong></span> <span class='ocrx_word' id='word_1_119' title='bbox 799 1151 849 1184; x_wconf 87' lang='lat' dir='ltr'><strong>ut</strong></span> <span class='ocrx_word' id='word_1_120' title='bbox 880 1160 959 1196; x_wconf 88' lang='lat' dir='ltr'><strong>ea,</strong></span> <span class='ocrx_word' id='word_1_121' title='bbox 1004 1161 1133 1196; x_wconf 88' lang='lat' dir='ltr'><strong>quae</strong></span> <span class='ocrx_word' id='word_1_122' title='bbox 1173 1150 1448 1201; x_wconf 81' lang='lat' dir='ltr'><strong>pertinent</strong></span> <span class='ocrx_word' id='word_1_123' title='bbox 1491 1148 1548 1186; x_wconf 90' lang='lat' dir='ltr'><strong>ad</strong></span> <span class='ocrx_word' id='word_1_124' title='bbox 1589 1147 1697 1197; x_wconf 78' lang='lat' dir='ltr'><strong>dig-</strong></span> 
     </span>
     <span class='ocr_line' id='line_1_18' title="bbox 224 1201 1698 1255; baseline 0.001 -16"><span class='ocrx_word' id='word_1_125' title='bbox 224 1204 464 1251; x_wconf 87' lang='lat' dir='ltr'><strong>nitatem,</strong></span> <span class='ocrx_word' id='word_1_126' title='bbox 496 1203 769 1240; x_wconf 87' lang='lat' dir='ltr'><strong>moderata</strong></span> <span class='ocrx_word' id='word_1_127' title='bbox 801 1201 956 1255; x_wconf 89' lang='lat' dir='ltr'><strong>siut),</strong></span> <span class='ocrx_word' id='word_1_128' title='bbox 989 1203 1031 1242; x_wconf 88' lang='lat' dir='ltr'><strong>id</strong></span> <span class='ocrx_word' id='word_1_129' title='bbox 1063 1204 1170 1254; x_wconf 82' lang='lat' dir='ltr'><strong>quod</strong></span> <span class='ocrx_word' id='word_1_130' title='bbox 1203 1205 1362 1242; x_wconf 90' lang='lat' dir='ltr'><strong>abhoc</strong></span> <span class='ocrx_word' id='word_1_131' title='bbox 1401 1204 1491 1242; x_wconf 91' lang='lat' dir='ltr'><strong>loco</strong></span> <span class='ocrx_word' id='word_1_132' title='bbox 1532 1204 1698 1241; x_wconf 88' lang='lat' dir='ltr'><strong>uidetur</strong></span> 
     </span>
     <span class='ocr_line' id='line_1_19' title="bbox 224 1257 1697 1310; baseline 0.002 -15"><span class='ocrx_word' id='word_1_133' title='bbox 224 1257 400 1295; x_wconf 81' lang='lat' dir='ltr'><strong>alienum</strong></span> <span class='ocrx_word' id='word_1_134' title='bbox 436 1271 553 1308; x_wconf 85' lang='lat' dir='ltr'><strong>esse,</strong></span> <span class='ocrx_word' id='word_1_135' title='bbox 591 1260 684 1309; x_wconf 86' lang='lat' dir='ltr'><strong>quia</strong></span> <span class='ocrx_word' id='word_1_136' title='bbox 717 1272 820 1309; x_wconf 88' lang='lat' dir='ltr'><strong>quae</strong></span> <span class='ocrx_word' id='word_1_137' title='bbox 851 1273 942 1297; x_wconf 78' lang='lat' dir='ltr'><strong>mox</strong></span> <span class='ocrx_word' id='word_1_138' title='bbox 973 1262 1160 1310; x_wconf 85' lang='lat' dir='ltr'><strong>sequitur</strong></span> <span class='ocrx_word' id='word_1_139' title='bbox 1201 1262 1411 1299; x_wconf 82' lang='lat' dir='ltr'><strong>sententia</strong></span> <span class='ocrx_word' id='word_1_140' title='bbox 1450 1265 1495 1299; x_wconf 89' lang='lat' dir='ltr'><strong>ut</strong></span> <span class='ocrx_word' id='word_1_141' title='bbox 1534 1260 1697 1299; x_wconf 86' lang='lat' dir='ltr'><strong>Stoico·-</strong></span> 
     </span>
     <span class='ocr_line' id='line_1_20' title="bbox 223 1315 1118 1367; baseline 0.002 -15"><span class='ocrx_word' id='word_1_142' title='bbox 223 1327 314 1352; x_wconf 88' lang='lat' dir='ltr'><strong>rum</strong></span> <span class='ocrx_word' id='word_1_143' title='bbox 347 1315 600 1365; x_wconf 74' lang='lat' dir='ltr'><strong>cogitatione</strong></span> <span class='ocrx_word' id='word_1_144' title='bbox 633 1320 832 1366; x_wconf 85' lang='lat' dir='ltr'><strong>concepta</strong></span> <span class='ocrx_word' id='word_1_145' title='bbox 861 1318 1118 1367; x_wconf 86' lang='lat' dir='ltr'><strong>proponitur.</strong></span> 
     </span>
    </p>
   </div>
   <div class='ocr_carea' id='block_1_3' title="bbox 221 1382 1697 1660">
    <p class='ocr_par' dir='ltr' id='par_1_4' title="bbox 221 1382 1697 1660">
     <span class='ocr_line' id='line_1_21' title="bbox 336 1382 1696 1434; baseline 0.002 -15"><span class='ocrx_word' id='word_1_146' title='bbox 336 1382 577 1432; x_wconf 87' lang='lat' dir='ltr'><strong>animum]</strong></span> <span class='ocrx_word' id='word_1_147' title='bbox 639 1382 741 1420; x_wconf 93' lang='lat' dir='ltr'><strong>Post</strong></span> <span class='ocrx_word' id='word_1_148' title='bbox 781 1382 1010 1420; x_wconf 82' lang='lat' dir='ltr'><strong>Manutium</strong></span> <span class='ocrx_word' id='word_1_149' title='bbox 1044 1383 1278 1433; x_wconf 80' lang='lat' dir='ltr'><strong>ErnestiuS,</strong></span> <span class='ocrx_word' id='word_1_150' title='bbox 1309 1383 1551 1434; x_wconf 59' lang='lat' dir='ltr'><strong>R&#39;agnerus,</strong></span> <span class='ocrx_word' id='word_1_151' title='bbox 1585 1384 1696 1422; x_wconf 87' lang='lat' dir='ltr'><strong>Goe-</strong></span> 
     </span>
     <span class='ocr_line' id='line_1_22' title="bbox 224 1437 1697 1486; baseline 0.001 -10"><span class='ocrx_word' id='word_1_152' title='bbox 224 1439 406 1486; x_wconf 84' lang='lat' dir='ltr'><strong>renzius,</strong></span> <span class='ocrx_word' id='word_1_153' title='bbox 446 1438 691 1475; x_wconf 83' lang='lat' dir='ltr'><strong>Schuetzius</strong></span> <span class='ocrx_word' id='word_1_154' title='bbox 730 1439 818 1475; x_wconf 87' lang='lat' dir='ltr'><strong>sine</strong></span> <span class='ocrx_word' id='word_1_155' title='bbox 855 1437 939 1475; x_wconf 87' lang='lat' dir='ltr'><strong>ulla</strong></span> <span class='ocrx_word' id='word_1_156' title='bbox 970 1438 1121 1476; x_wconf 88' lang='lat' dir='ltr'><strong>idonea</strong></span> <span class='ocrx_word' id='word_1_157' title='bbox 1159 1441 1320 1477; x_wconf 78' lang='lat' dir='ltr'><strong>ratione</strong></span> <span class='ocrx_word' id='word_1_158' title='bbox 1360 1439 1412 1476; x_wconf 87' lang='lat' dir='ltr'><strong>de</strong></span> <span class='ocrx_word' id='word_1_159' title='bbox 1462 1442 1697 1478; x_wconf 84' lang='lat' dir='ltr'><strong>coniectura</strong></span> 
     </span>
     <span class='ocr_line' id='line_1_23' title="bbox 221 1494 1694 1548; baseline 0.002 -17"><span class='ocrx_word' id='word_1_160' title='bbox 221 1498 394 1532; x_wconf 89' lang='lat' dir='ltr'><strong>tamen</strong></span> <span class='ocrx_word' id='word_1_161' title='bbox 418 1498 514 1545; x_wconf 88' lang='lat' dir='ltr'><strong>post</strong></span> <span class='ocrx_word' id='word_1_162' title='bbox 536 1496 755 1532; x_wconf 89' lang='lat' dir='ltr'><strong>animum</strong></span> <span class='ocrx_word' id='word_1_163' title='bbox 788 1494 1054 1532; x_wconf 88' lang='lat' dir='ltr'><strong>intruserunt.</strong></span> <span class='ocrx_word' id='word_1_164' title='bbox 1110 1495 1432 1545; x_wconf 79' lang='lat' dir='ltr'><strong>Restringen</strong></span> <span class='ocrx_word' id='word_1_165' title='bbox 1450 1495 1500 1534; x_wconf 88' lang='lat' dir='ltr'><strong>di</strong></span> <span class='ocrx_word' id='word_1_166' title='bbox 1530 1496 1694 1548; x_wconf 88' lang='lat' dir='ltr'><strong>quidem</strong></span> 
     </span>
     <span class='ocr_line' id='line_1_24' title="bbox 225 1548 1695 1602; baseline 0.003 -15"><span class='ocrx_word' id='word_1_167' title='bbox 225 1551 303 1599; x_wconf 90' lang='lat' dir='ltr'><strong>uis,</strong></span> <span class='ocrx_word' id='word_1_168' title='bbox 328 1562 432 1600; x_wconf 88' lang='lat' dir='ltr'><strong>quae</strong></span> <span class='ocrx_word' id='word_1_169' title='bbox 454 1551 493 1587; x_wconf 90' lang='lat' dir='ltr'><strong>in</strong></span> <span class='ocrx_word' id='word_1_170' title='bbox 518 1551 597 1587; x_wconf 87' lang='lat' dir='ltr'><strong>ista</strong></span> <span class='ocrx_word' id='word_1_171' title='bbox 620 1548 821 1601; x_wconf 86' lang='lat' dir='ltr'><strong>particula</strong></span> <span class='ocrx_word' id='word_1_172' title='bbox 847 1551 972 1599; x_wconf 89' lang='lat' dir='ltr'><strong>inest,</strong></span> <span class='ocrx_word' id='word_1_173' title='bbox 1005 1564 1085 1588; x_wconf 89' lang='lat' dir='ltr'><strong>non</strong></span> <span class='ocrx_word' id='word_1_174' title='bbox 1114 1553 1243 1602; x_wconf 76' lang='lat' dir='ltr'><strong>magis</strong></span> <span class='ocrx_word' id='word_1_175' title='bbox 1265 1551 1358 1589; x_wconf 88' lang='lat' dir='ltr'><strong>huic</strong></span> <span class='ocrx_word' id='word_1_176' title='bbox 1383 1550 1475 1590; x_wconf 90' lang='lat' dir='ltr'><strong>loco</strong></span> <span class='ocrx_word' id='word_1_177' title='bbox 1506 1565 1695 1591; x_wconf 91' lang='lat' dir='ltr'><strong>accomo-</strong></span> 
     </span>
     <span class='ocr_line' id='line_1_25' title="bbox 225 1604 1693 1660; baseline 0.002 -16"><span class='ocrx_word' id='word_1_178' title='bbox 225 1606 320 1644; x_wconf 84' lang='lat' dir='ltr'><strong>data</strong></span> <span class='ocrx_word' id='word_1_179' title='bbox 364 1612 454 1656; x_wconf 90' lang='lat' dir='ltr'><strong>est,</strong></span> <span class='ocrx_word' id='word_1_180' title='bbox 493 1619 610 1657; x_wconf 88' lang='lat' dir='ltr'><strong>quam</strong></span> <span class='ocrx_word' id='word_1_181' title='bbox 649 1604 1007 1657; x_wconf 89' lang='lat' dir='ltr'><strong>concedendi,</strong></span> <span class='ocrx_word' id='word_1_182' title='bbox 1045 1620 1175 1658; x_wconf 84' lang='lat' dir='ltr'><strong>qnae,</strong></span> <span class='ocrx_word' id='word_1_183' title='bbox 1212 1609 1246 1645; x_wconf 87' lang='lat' dir='ltr'><strong>si</strong></span> <span class='ocrx_word' id='word_1_184' title='bbox 1284 1607 1388 1645; x_wconf 87' lang='lat' dir='ltr'><strong>illud</strong></span> <span class='ocrx_word' id='word_1_185' title='bbox 1432 1610 1693 1660; x_wconf 85' lang='lat' dir='ltr'><strong>probaretur,</strong></span> 
     </span>
    </p>
   </div>
   <div class='ocr_carea' id='block_1_4' title="bbox 222 1666 1693 1726">
    <p class='ocr_par' dir='ltr' id='par_1_5' title="bbox 222 1666 1693 1726">
     <span class='ocr_line' id='line_1_26' title="bbox 222 1666 1693 1726; baseline 0 -15"><span class='ocrx_word' id='word_1_186' title='bbox 222 1671 451 1726; x_wconf 81' lang='lat' dir='ltr'><strong>particulae</strong></span> <span class='ocrx_word' id='word_1_187' title='bbox 490 1688 599 1712; x_wconf 92' lang='lat' dir='ltr'><strong>cum</strong></span> <span class='ocrx_word' id='word_1_188' title='bbox 644 1675 685 1714; x_wconf 90' lang='lat' dir='ltr'><strong>h.</strong></span> <span class='ocrx_word' id='word_1_189' title='bbox 725 1674 752 1715; x_wconf 90' lang='lat' dir='ltr'><strong>l.</strong></span> <span class='ocrx_word' id='word_1_190' title='bbox 797 1682 911 1714; x_wconf 82' lang='lat' dir='ltr'><strong>esset</strong></span> <span class='ocrx_word' id='word_1_191' title='bbox 949 1675 1168 1713; x_wconf 86' lang='lat' dir='ltr'><strong>tribuenda</strong></span> <span class='ocrx_word' id='word_1_192' title='bbox 1242 1676 1467 1726; x_wconf 84' lang='lat' dir='ltr'><strong>Aptissime</strong></span> <span class='ocrx_word' id='word_1_193' title='bbox 1508 1689 1604 1721; x_wconf 87' lang='lat' dir='ltr'><strong>uero</strong></span> <span class='ocrx_word' id='word_1_194' title='bbox 1637 1666 1693 1711; x_wconf 71' lang='grc' dir='ltr'><strong>ἐκ</strong></span> 
     </span>
    </p>
   </div>
   <div class='ocr_carea' id='block_1_5' title="bbox 222 1725 1694 1964">
    <p class='ocr_par' dir='ltr' id='par_1_6' title="bbox 222 1725 1694 1964">
     <span class='ocr_line' id='line_1_27' title="bbox 222 1725 1693 1796; baseline 0.003 -18"><span class='ocrx_word' id='word_1_195' title='bbox 222 1725 582 1791; x_wconf 78' lang='grc' dir='ltr'>παραλλήλου</span> <span class='ocrx_word' id='word_1_196' title='bbox 615 1746 784 1793; x_wconf 88' lang='lat' dir='ltr'><strong>utraque</strong></span> <span class='ocrx_word' id='word_1_197' title='bbox 816 1744 1023 1781; x_wconf 90' lang='lat' dir='ltr'><strong>sententia</strong></span> <span class='ocrx_word' id='word_1_198' title='bbox 1054 1744 1222 1794; x_wconf 88' lang='lat' dir='ltr'><strong>ponitur</strong></span> <span class='ocrx_word' id='word_1_199' title='bbox 1253 1741 1360 1796; x_wconf 86' lang='lat' dir='ltr'><strong>(und</strong></span> <span class='ocrx_word' id='word_1_200' title='bbox 1398 1744 1594 1781; x_wconf 70' lang='lat' dir='ltr'><strong>withrend</strong></span> <span class='ocrx_word' id='word_1_201' title='bbox 1633 1747 1693 1782; x_wconf 91' lang='lat' dir='ltr'><strong>sie</strong></span> 
     </span>
     <span class='ocr_line' id='line_1_28' title="bbox 223 1795 1691 1852; baseline 0.001 -15"><span class='ocrx_word' id='word_1_202' title='bbox 223 1795 418 1837; x_wconf 85' lang='lat' dir='ltr'><strong>Auderes</strong></span> <span class='ocrx_word' id='word_1_203' title='bbox 437 1822 491 1827; x_wconf 92' lang='lat'>—</span> <span class='ocrx_word' id='word_1_204' title='bbox 509 1812 581 1837; x_wconf 87' lang='lat' dir='ltr'><strong>aus</strong></span> <span class='ocrx_word' id='word_1_205' title='bbox 602 1798 866 1837; x_wconf 79' lang='lat' dir='ltr'><strong>sterblichen]</strong></span> <span class='ocrx_word' id='word_1_206' title='bbox 889 1798 1059 1836; x_wconf 81' lang='lat' dir='ltr'><strong>Stoffe</strong></span> <span class='ocrx_word' id='word_1_207' title='bbox 1084 1812 1240 1848; x_wconf 79' lang='lat' dir='ltr'><strong>angen</strong></span> <span class='ocrx_word' id='word_1_208' title='bbox 1256 1812 1446 1837; x_wconf 89' lang='lat' dir='ltr'><strong>ommeu</strong></span> <span class='ocrx_word' id='word_1_209' title='bbox 1471 1800 1496 1836; x_wconf 90' lang='lat' dir='ltr'><strong>h</strong></span> <span class='ocrx_word' id='word_1_210' title='bbox 1509 1800 1691 1852; x_wconf 72' lang='lat' dir='ltr'><strong>{itten).</strong></span> 
     </span>
     <span class='ocr_line' id='line_1_29' title="bbox 224 1854 1694 1894; baseline -0.001 0"><span class='ocrx_word' id='word_1_211' title='bbox 224 1854 411 1894; x_wconf 84' lang='lat' dir='ltr'><strong>Eandem</strong></span> <span class='ocrx_word' id='word_1_212' title='bbox 467 1857 715 1894; x_wconf 84' lang='lat' dir='ltr'><strong>sententiam</strong></span> <span class='ocrx_word' id='word_1_213' title='bbox 770 1854 822 1894; x_wconf 89' lang='lat' dir='ltr'><strong>de</strong></span> <span class='ocrx_word' id='word_1_214' title='bbox 870 1855 1050 1892; x_wconf 86' lang='lat' dir='ltr'><strong>hominis</strong></span> <span class='ocrx_word' id='word_1_215' title='bbox 1097 1856 1230 1892; x_wconf 82' lang='lat' dir='ltr'><strong>animo</strong></span> <span class='ocrx_word' id='word_1_216' title='bbox 1280 1867 1328 1891; x_wconf 79' lang='lat' dir='ltr'><strong>ex</strong></span> <span class='ocrx_word' id='word_1_217' title='bbox 1374 1854 1511 1892; x_wconf 80' lang='lat' dir='ltr'><strong>diuina</strong></span> <span class='ocrx_word' id='word_1_218' title='bbox 1555 1861 1694 1893; x_wconf 81' lang='lat' dir='ltr'><strong>mente</strong></span> 
     </span>
     <span class='ocr_line' id='line_1_30' title="bbox 224 1911 1693 1964; baseline -0.001 -15"><span class='ocrx_word' id='word_1_219' title='bbox 224 1911 350 1949; x_wconf 91' lang='lat' dir='ltr'><strong>libato</strong></span> <span class='ocrx_word' id='word_1_220' title='bbox 380 1912 609 1950; x_wconf 88' lang='lat' dir='ltr'><strong>Stoicorum</strong></span> <span class='ocrx_word' id='word_1_221' title='bbox 643 1913 845 1951; x_wconf 86' lang='lat' dir='ltr'><strong>rationem</strong></span> <span class='ocrx_word' id='word_1_222' title='bbox 878 1916 1042 1949; x_wconf 85' lang='lat' dir='ltr'><strong>secutus</strong></span> <span class='ocrx_word' id='word_1_223' title='bbox 1065 1913 1254 1964; x_wconf 83' lang='lat' dir='ltr'><strong>exposuit</strong></span> <span class='ocrx_word' id='word_1_224' title='bbox 1275 1911 1449 1961; x_wconf 73' lang='lat' dir='ltr'><strong>Quintus</strong></span> <span class='ocrx_word' id='word_1_225' title='bbox 1472 1911 1525 1949; x_wconf 89' lang='lat' dir='ltr'><strong>de</strong></span> <span class='ocrx_word' id='word_1_226' title='bbox 1545 1911 1638 1950; x_wconf 88' lang='lat' dir='ltr'><strong>Diu.</strong></span> <span class='ocrx_word' id='word_1_227' title='bbox 1663 1911 1693 1961; x_wconf 88' lang='lat'><strong>1,</strong></span> 
     </span>
    </p>
   </div>
   <div class='ocr_carea' id='block_1_6' title="bbox 224 1966 998 2019">
    <p class='ocr_par' dir='ltr' id='par_1_7' title="bbox 224 1966 998 2019">
     <span class='ocr_line' id='line_1_31' title="bbox 224 1966 998 2019; baseline 0 -12"><span class='ocrx_word' id='word_1_228' title='bbox 224 1966 294 2008; x_wconf 72' lang='grc'><strong>49.</strong></span> <span class='ocrx_word' id='word_1_229' title='bbox 331 1968 425 2008; x_wconf 85' lang='lat'>110.</span> <span class='ocrx_word' id='word_1_230' title='bbox 459 1968 566 2007; x_wconf 74' lang='lat' dir='ltr'><strong>uide</strong></span> <span class='ocrx_word' id='word_1_231' title='bbox 596 1970 719 2008; x_wconf 64' lang='lat' dir='ltr'><strong>etiam</strong></span> <span class='ocrx_word' id='word_1_232' title='bbox 747 1968 797 2019; x_wconf 86' lang='lat'><strong>11,</strong></span> <span class='ocrx_word' id='word_1_233' title='bbox 834 1966 899 2008; x_wconf 91' lang='lat'><strong>11.</strong></span> <span class='ocrx_word' id='word_1_234' title='bbox 932 1967 998 2009; x_wconf 81' lang='lat'><strong>26.</strong></span> 
     </span>
    </p>
   </div>
   <div class='ocr_carea' id='block_1_7' title="bbox 224 2022 1734 2822">
    <p class='ocr_par' dir='ltr' id='par_1_8' title="bbox 224 2022 1734 2822">
     <span class='ocr_line' id='line_1_32' title="bbox 337 2022 1734 2087; baseline 0.001 -15"><span class='ocrx_word' id='word_1_235' title='bbox 337 2049 393 2072; x_wconf 84' lang='lat' dir='ltr'><strong>ex</strong></span> <span class='ocrx_word' id='word_1_236' title='bbox 425 2049 521 2086; x_wconf 87' lang='lat' dir='ltr'><strong>quo</strong></span> <span class='ocrx_word' id='word_1_237' title='bbox 555 2049 680 2075; x_wconf 88' lang='lat' dir='ltr'><strong>uere</strong></span> <span class='ocrx_word' id='word_1_238' title='bbox 710 2059 765 2064; x_wconf 91' lang='lat'>—</span> <span class='ocrx_word' id='word_1_239' title='bbox 795 2034 1065 2087; x_wconf 89' lang='lat' dir='ltr'><strong>appellari</strong></span> <span class='ocrx_word' id='word_1_240' title='bbox 1105 2034 1322 2086; x_wconf 86' lang='lat' dir='ltr'><strong>potest.]</strong></span> <span class='ocrx_word' id='word_1_241' title='bbox 1392 2034 1470 2072; x_wconf 84' lang='lat' dir='ltr'><strong>Est</strong></span> <span class='ocrx_word' id='word_1_242' title='bbox 1509 2035 1690 2074; x_wconf 86' lang='lat' dir='ltr'><strong>breuilo·</strong></span> <span class='ocrx_word' id='word_1_243' title='bbox 1724 2022 1734 2031; x_wconf 52' lang='lat'><em>⁶</em></span> 
     </span>
     <span class='ocr_line' id='line_1_33' title="bbox 224 2089 1693 2143; baseline 0.001 -14"><span class='ocrx_word' id='word_1_244' title='bbox 224 2093 391 2143; x_wconf 77' lang='lat' dir='ltr'><strong>quentia</strong></span> <span class='ocrx_word' id='word_1_245' title='bbox 422 2093 470 2129; x_wconf 83' lang='lat' dir='ltr'><strong>ab</strong></span> <span class='ocrx_word' id='word_1_246' title='bbox 503 2091 591 2130; x_wconf 84' lang='lat' dir='ltr'><strong>aliis</strong></span> <span class='ocrx_word' id='word_1_247' title='bbox 624 2094 701 2130; x_wconf 86' lang='lat' dir='ltr'><strong>iam</strong></span> <span class='ocrx_word' id='word_1_248' title='bbox 734 2098 894 2141; x_wconf 79' lang='lat' dir='ltr'><strong>notata3</strong></span> <span class='ocrx_word' id='word_1_249' title='bbox 937 2105 1030 2130; x_wconf 86' lang='lat' dir='ltr'><strong>nam</strong></span> <span class='ocrx_word' id='word_1_250' title='bbox 1063 2104 1152 2128; x_wconf 89' lang='lat' dir='ltr'><strong>eum</strong></span> <span class='ocrx_word' id='word_1_251' title='bbox 1186 2089 1309 2142; x_wconf 88' lang='lat' dir='ltr'><strong>plene</strong></span> <span class='ocrx_word' id='word_1_252' title='bbox 1335 2090 1435 2128; x_wconf 84' lang='lat' dir='ltr'><strong>haec</strong></span> <span class='ocrx_word' id='word_1_253' title='bbox 1465 2093 1523 2130; x_wconf 92' lang='lat' dir='ltr'><strong>sic</strong></span> <span class='ocrx_word' id='word_1_254' title='bbox 1556 2093 1693 2131; x_wconf 82' lang='lat' dir='ltr'><strong>efferri</strong></span> 
     </span>
     <span class='ocr_line' id='line_1_34' title="bbox 225 2147 1693 2198; baseline 0.001 -12"><span class='ocrx_word' id='word_1_255' title='bbox 225 2152 459 2198; x_wconf 81' lang='lat' dir='ltr'><strong>oporteret:</strong></span> <span class='ocrx_word' id='word_1_256' title='bbox 493 2162 548 2185; x_wconf 81' lang='lat' dir='ltr'><strong>ex</strong></span> <span class='ocrx_word' id='word_1_257' title='bbox 581 2161 680 2198; x_wconf 93' lang='lat' dir='ltr'><strong>quo</strong></span> <span class='ocrx_word' id='word_1_258' title='bbox 713 2160 839 2187; x_wconf 84' lang='lat' dir='ltr'><strong>uere</strong></span> <span class='ocrx_word' id='word_1_259' title='bbox 872 2160 948 2197; x_wconf 87' lang='lat' dir='ltr'><strong>ea,</strong></span> <span class='ocrx_word' id='word_1_260' title='bbox 983 2160 1112 2197; x_wconf 84' lang='lat' dir='ltr'><strong>quae</strong></span> <span class='ocrx_word' id='word_1_261' title='bbox 1144 2147 1291 2184; x_wconf 86' lang='lat' dir='ltr'><strong>nobis</strong></span> <span class='ocrx_word' id='word_1_262' title='bbox 1332 2160 1436 2185; x_wconf 87' lang='lat' dir='ltr'><strong>cum</strong></span> <span class='ocrx_word' id='word_1_263' title='bbox 1477 2148 1583 2187; x_wconf 88' lang='lat' dir='ltr'><strong>diis</strong></span> <span class='ocrx_word' id='word_1_264' title='bbox 1620 2151 1693 2186; x_wconf 90' lang='lat' dir='ltr'><strong>in-</strong></span> 
     </span>
     <span class='ocr_line' id='line_1_35' title="bbox 225 2202 1693 2254; baseline 0.001 -11"><span class='ocrx_word' id='word_1_265' title='bbox 225 2203 468 2243; x_wconf 85' lang='lat' dir='ltr'><strong>tercedit</strong></span> <span class='ocrx_word' id='word_1_266' title='bbox 499 2204 880 2252; x_wconf 76' lang='lat' dir='ltr'><strong>necessitudo,</strong></span> <span class='ocrx_word' id='word_1_267' title='bbox 914 2204 1002 2242; x_wconf 90' lang='lat' dir='ltr'><strong>uel</strong></span> <span class='ocrx_word' id='word_1_268' title='bbox 1034 2204 1256 2254; x_wconf 72' lang='lat' dir='ltr'><strong>agnatio</strong></span> <span class='ocrx_word' id='word_1_269' title='bbox 1290 2202 1377 2241; x_wconf 92' lang='lat' dir='ltr'><strong>uel</strong></span> <span class='ocrx_word' id='word_1_270' title='bbox 1407 2218 1574 2253; x_wconf 79' lang='lat' dir='ltr'><strong>genus</strong></span> <span class='ocrx_word' id='word_1_271' title='bbox 1608 2207 1693 2245; x_wconf 87' lang='lat' dir='ltr'><strong>uel</strong></span> 
     </span>
     <span class='ocr_line' id='line_1_36' title="bbox 226 2259 1693 2314; baseline 0.001 -15"><span class='ocrx_word' id='word_1_272' title='bbox 226 2260 397 2311; x_wconf 84' lang='lat' dir='ltr'><strong>stirps</strong></span> <span class='ocrx_word' id='word_1_273' title='bbox 429 2260 697 2311; x_wconf 81' lang='lat' dir='ltr'><strong>appellari</strong></span> <span class='ocrx_word' id='word_1_274' title='bbox 730 2266 943 2312; x_wconf 88' lang='lat' dir='ltr'><strong>potest,</strong></span> <span class='ocrx_word' id='word_1_275' title='bbox 975 2259 1156 2310; x_wconf 81' lang='lat' dir='ltr'><strong>generali</strong></span> <span class='ocrx_word' id='word_1_276' title='bbox 1189 2261 1362 2299; x_wconf 83' lang='lat' dir='ltr'><strong>subiecti</strong></span> <span class='ocrx_word' id='word_1_277' title='bbox 1395 2263 1563 2301; x_wconf 87' lang='lat' dir='ltr'><strong>notione</strong></span> <span class='ocrx_word' id='word_1_278' title='bbox 1595 2278 1693 2314; x_wconf 87' lang='lat' dir='ltr'><strong>sup-</strong></span> 
     </span>
     <span class='ocr_line' id='line_1_37' title="bbox 228 2316 1695 2368; baseline 0.003 -15"><span class='ocrx_word' id='word_1_279' title='bbox 228 2329 371 2368; x_wconf 78' lang='lat' dir='ltr'><strong>pressa</strong></span> <span class='ocrx_word' id='word_1_280' title='bbox 408 2329 556 2354; x_wconf 88' lang='lat' dir='ltr'><strong>nomen</strong></span> <span class='ocrx_word' id='word_1_281' title='bbox 592 2322 746 2356; x_wconf 87' lang='lat' dir='ltr'><strong>tantum</strong></span> <span class='ocrx_word' id='word_1_282' title='bbox 780 2319 934 2368; x_wconf 84' lang='lat' dir='ltr'><strong>posuit,</strong></span> <span class='ocrx_word' id='word_1_283' title='bbox 968 2331 1046 2367; x_wconf 89' lang='lat' dir='ltr'><strong>quo</strong></span> <span class='ocrx_word' id='word_1_284' title='bbox 1077 2316 1180 2354; x_wconf 86' lang='lat' dir='ltr'><strong>illud</strong></span> <span class='ocrx_word' id='word_1_285' title='bbox 1213 2316 1456 2368; x_wconf 85' lang='lat' dir='ltr'><strong>appellaret.</strong></span> <span class='ocrx_word' id='word_1_286' title='bbox 1519 2320 1695 2358; x_wconf 87' lang='lat' dir='ltr'><strong>Similli-</strong></span> 
     </span>
     <span class='ocr_line' id='line_1_38' title="bbox 227 2372 1694 2425; baseline 0.001 -14"><span class='ocrx_word' id='word_1_287' title='bbox 227 2386 334 2411; x_wconf 88' lang='lat' dir='ltr'><strong>mum</strong></span> <span class='ocrx_word' id='word_1_288' title='bbox 370 2372 599 2424; x_wconf 77' lang='lat' dir='ltr'><strong>exemplum</strong></span> <span class='ocrx_word' id='word_1_289' title='bbox 625 2374 774 2412; x_wconf 83' lang='lat' dir='ltr'><strong>Bakius</strong></span> <span class='ocrx_word' id='word_1_290' title='bbox 806 2374 884 2412; x_wconf 94' lang='lat' dir='ltr'><strong>hoc</strong></span> <span class='ocrx_word' id='word_1_291' title='bbox 914 2373 1100 2412; x_wconf 83' lang='lat' dir='ltr'><strong>laudauit</strong></span> <span class='ocrx_word' id='word_1_292' title='bbox 1124 2373 1174 2410; x_wconf 88' lang='lat' dir='ltr'><strong>de</strong></span> <span class='ocrx_word' id='word_1_293' title='bbox 1199 2374 1290 2411; x_wconf 62' lang='lat' dir='ltr'><strong>Nat.</strong></span> <span class='ocrx_word' id='word_1_294' title='bbox 1319 2374 1438 2411; x_wconf 88' lang='lat' dir='ltr'><strong>Deor.</strong></span> <span class='ocrx_word' id='word_1_295' title='bbox 1463 2375 1512 2425; x_wconf 87' lang='lat' dir='ltr'><strong>ll,</strong></span> <span class='ocrx_word' id='word_1_296' title='bbox 1537 2376 1602 2417; x_wconf 79' lang='grc'><strong>20,</strong></span> <span class='ocrx_word' id='word_1_297' title='bbox 1623 2377 1694 2417; x_wconf 85' lang='lat'><strong>51.</strong></span> 
     </span>
     <span class='ocr_line' id='line_1_39' title="bbox 227 2430 1693 2480; baseline 0.004 -14"><span class='ocrx_word' id='word_1_298' title='bbox 227 2443 437 2480; x_wconf 84' lang='lat' dir='ltr'><strong>quarum</strong></span> <span class='ocrx_word' id='word_1_299' title='bbox 480 2442 536 2469; x_wconf 85' lang='lat' dir='ltr'><strong>ex</strong></span> <span class='ocrx_word' id='word_1_300' title='bbox 575 2430 890 2480; x_wconf 81' lang='lat' dir='ltr'><strong>disparibus</strong></span> <span class='ocrx_word' id='word_1_301' title='bbox 929 2431 1267 2468; x_wconf 90' lang='lat' dir='ltr'><strong>motionibus</strong></span> <span class='ocrx_word' id='word_1_302' title='bbox 1324 2443 1557 2480; x_wconf 82' lang='lat' dir='ltr'><strong>magnum</strong></span> <span class='ocrx_word' id='word_1_303' title='bbox 1613 2447 1693 2471; x_wconf 79' lang='lat' dir='ltr'><strong>an-</strong></span> 
     </span>
     <span class='ocr_line' id='line_1_40' title="bbox 226 2485 1693 2526; baseline 0.003 -4"><span class='ocrx_word' id='word_1_304' title='bbox 226 2499 340 2523; x_wconf 91' lang='lat' dir='ltr'><strong>num</strong></span> <span class='ocrx_word' id='word_1_305' title='bbox 376 2486 741 2525; x_wconf 81' lang='lat' dir='ltr'><strong>mathematici</strong></span> <span class='ocrx_word' id='word_1_306' title='bbox 786 2489 1143 2526; x_wconf 85' lang='lat' dir='ltr'><strong>nominarunt.</strong></span> <span class='ocrx_word' id='word_1_307' title='bbox 1216 2485 1439 2524; x_wconf 88' lang='lat' dir='ltr'><strong>Dissimilia</strong></span> <span class='ocrx_word' id='word_1_308' title='bbox 1486 2493 1583 2526; x_wconf 87' lang='lat' dir='ltr'><strong>sunt</strong></span> <span class='ocrx_word' id='word_1_309' title='bbox 1622 2488 1693 2526; x_wconf 88' lang='lat' dir='ltr'><strong>illa</strong></span> 
     </span>
     <span class='ocr_line' id='line_1_41' title="bbox 227 2540 1691 2594; baseline 0.003 -15"><span class='ocrx_word' id='word_1_310' title='bbox 227 2544 275 2580; x_wconf 87' lang='lat' dir='ltr'><strong>ab</strong></span> <span class='ocrx_word' id='word_1_311' title='bbox 318 2541 463 2579; x_wconf 89' lang='lat' dir='ltr'><strong>eodem</strong></span> <span class='ocrx_word' id='word_1_312' title='bbox 503 2541 668 2581; x_wconf 84' lang='lat' dir='ltr'><strong>laudata</strong></span> <span class='ocrx_word' id='word_1_313' title='bbox 711 2543 764 2581; x_wconf 90' lang='lat' dir='ltr'><strong>de</strong></span> <span class='ocrx_word' id='word_1_314' title='bbox 804 2544 894 2582; x_wconf 90' lang='lat' dir='ltr'><strong>Diu.</strong></span> <span class='ocrx_word' id='word_1_315' title='bbox 920 2543 951 2593; x_wconf 89' lang='lat'><strong>1,</strong></span> <span class='ocrx_word' id='word_1_316' title='bbox 998 2543 1066 2584; x_wconf 78' lang='lat'><strong>50.</strong></span> <span class='ocrx_word' id='word_1_317' title='bbox 1119 2542 1212 2583; x_wconf 85' lang='lat'>112.</span> <span class='ocrx_word' id='word_1_318' title='bbox 1260 2540 1473 2594; x_wconf 88' lang='lat' dir='ltr'><strong>(nullam</strong></span> <span class='ocrx_word' id='word_1_319' title='bbox 1517 2557 1691 2583; x_wconf 91' lang='lat' dir='ltr'><strong>eorum</strong></span> 
     </span>
     <span class='ocr_line' id='line_1_42' title="bbox 227 2599 1690 2650; baseline 0.002 -15"><span class='ocrx_word' id='word_1_320' title='bbox 227 2599 618 2638; x_wconf 86' lang='lat' dir='ltr'><strong>diuinationem</strong></span> <span class='ocrx_word' id='word_1_321' title='bbox 652 2613 777 2638; x_wconf 89' lang='lat' dir='ltr'><strong>uoco</strong></span> <span class='ocrx_word' id='word_1_322' title='bbox 811 2602 839 2639; x_wconf 88' lang='lat' dir='ltr'><strong>i.</strong></span> <span class='ocrx_word' id='word_1_323' title='bbox 865 2613 896 2639; x_wconf 91' lang='lat' dir='ltr'><strong>e.</strong></span> <span class='ocrx_word' id='word_1_324' title='bbox 928 2599 1030 2638; x_wconf 87' lang='lat' dir='ltr'><strong>nihil</strong></span> <span class='ocrx_word' id='word_1_325' title='bbox 1063 2613 1202 2637; x_wconf 88' lang='lat' dir='ltr'><strong>eorum</strong></span> <span class='ocrx_word' id='word_1_326' title='bbox 1234 2599 1527 2637; x_wconf 83' lang='lat' dir='ltr'><strong>diuinationem</strong></span> <span class='ocrx_word' id='word_1_327' title='bbox 1563 2614 1690 2650; x_wconf 85' lang='lat' dir='ltr'><strong>uoco3</strong></span> 
     </span>
     <span class='ocr_line' id='line_1_43' title="bbox 228 2654 1691 2708; baseline 0.002 -16"><span class='ocrx_word' id='word_1_328' title='bbox 228 2656 267 2692; x_wconf 89' lang='lat' dir='ltr'><strong>in</strong></span> <span class='ocrx_word' id='word_1_329' title='bbox 309 2668 385 2704; x_wconf 89' lang='lat' dir='ltr'><strong>quo</strong></span> <span class='ocrx_word' id='word_1_330' title='bbox 418 2655 606 2706; x_wconf 83' lang='lat' dir='ltr'><strong>exemplo</strong></span> <span class='ocrx_word' id='word_1_331' title='bbox 637 2669 717 2693; x_wconf 88' lang='lat' dir='ltr'><strong>non</strong></span> <span class='ocrx_word' id='word_1_332' title='bbox 749 2658 961 2708; x_wconf 80' lang='lat' dir='ltr'><strong>perspexit</strong></span> <span class='ocrx_word' id='word_1_333' title='bbox 992 2657 1302 2704; x_wconf 85' lang='lat' dir='ltr'><strong>attractionem,</strong></span> <span class='ocrx_word' id='word_1_334' title='bbox 1336 2654 1387 2693; x_wconf 83' lang='lat' dir='ltr'><strong>(le</strong></span> <span class='ocrx_word' id='word_1_335' title='bbox 1418 2669 1495 2705; x_wconf 87' lang='lat' dir='ltr'><strong>qua</strong></span> <span class='ocrx_word' id='word_1_336' title='bbox 1528 2656 1609 2694; x_wconf 73' lang='lat' dir='ltr'><strong>dixi</strong></span> <span class='ocrx_word' id='word_1_337' title='bbox 1641 2657 1691 2695; x_wconf 90' lang='lat' dir='ltr'><strong>ad</strong></span> 
     </span>
     <span class='ocr_line' id='line_1_44' title="bbox 228 2707 1691 2765; baseline 0.003 -17"><span class='ocrx_word' id='word_1_338' title='bbox 228 2711 278 2760; x_wconf 85' lang='grc' dir='ltr'><strong>ΙΙ,</strong></span> <span class='ocrx_word' id='word_1_339' title='bbox 311 2712 352 2761; x_wconf 79' lang='lat'><strong>¹2,</strong></span> <span class='ocrx_word' id='word_1_340' title='bbox 385 2707 452 2763; x_wconf 81' lang='lat'><strong>5.)</strong></span> <span class='ocrx_word' id='word_1_341' title='bbox 483 2716 526 2749; x_wconf 91' lang='lat' dir='ltr'><strong>et</strong></span> <span class='ocrx_word' id='word_1_342' title='bbox 566 2711 618 2750; x_wconf 91' lang='lat' dir='ltr'><strong>de</strong></span> <span class='ocrx_word' id='word_1_343' title='bbox 648 2713 742 2750; x_wconf 75' lang='lat' dir='ltr'><strong>Fin.</strong></span> <span class='ocrx_word' id='word_1_344' title='bbox 782 2709 840 2762; x_wconf 85' lang='lat' dir='ltr'><strong>ll,</strong></span> <span class='ocrx_word' id='word_1_345' title='bbox 883 2713 924 2753; x_wconf 80' lang='grc'><strong>5.</strong></span> <span class='ocrx_word' id='word_1_346' title='bbox 970 2712 1033 2754; x_wconf 86' lang='grc'><strong>16.</strong></span> <span class='ocrx_word' id='word_1_347' title='bbox 1105 2710 1330 2751; x_wconf 84' lang='lat' dir='ltr'><strong>Dissimilia</strong></span> <span class='ocrx_word' id='word_1_348' title='bbox 1381 2715 1503 2750; x_wconf 86' lang='lat' dir='ltr'><strong>etiam</strong></span> <span class='ocrx_word' id='word_1_349' title='bbox 1545 2713 1691 2765; x_wconf 77' lang='lat' dir='ltr'><strong>Wopk-</strong></span> 
     </span>
     <span class='ocr_line' id='line_1_45' title="bbox 230 2767 1692 2822; baseline -0.001 -16"><span class='ocrx_word' id='word_1_350' title='bbox 230 2768 441 2818; x_wconf 79' lang='lat' dir='ltr'><strong>cougessit</strong></span> <span class='ocrx_word' id='word_1_351' title='bbox 473 2769 510 2806; x_wconf 88' lang='lat' dir='ltr'><strong>in</strong></span> <span class='ocrx_word' id='word_1_352' title='bbox 543 2769 677 2809; x_wconf 84' lang='lat' dir='ltr'><strong>Lectt.</strong></span> <span class='ocrx_word' id='word_1_353' title='bbox 717 2768 823 2808; x_wconf 82' lang='lat' dir='ltr'><strong>Tull.</strong></span> <span class='ocrx_word' id='word_1_354' title='bbox 855 2784 896 2822; x_wconf 87' lang='lat' dir='ltr'><strong>p.</strong></span> <span class='ocrx_word' id='word_1_355' title='bbox 934 2770 1028 2811; x_wconf 73' lang='lat'><strong>125.</strong></span> <span class='ocrx_word' id='word_1_356' title='bbox 1068 2768 1256 2807; x_wconf 85' lang='lat' dir='ltr'><strong>laudatus</strong></span> <span class='ocrx_word' id='word_1_357' title='bbox 1293 2767 1365 2806; x_wconf 85' lang='lat' dir='ltr'><strong>ille</strong></span> <span class='ocrx_word' id='word_1_358' title='bbox 1400 2783 1422 2806; x_wconf 84' lang='lat' dir='ltr'><strong>a</strong></span> <span class='ocrx_word' id='word_1_359' title='bbox 1461 2769 1692 2809; x_wconf 83' lang='lat' dir='ltr'><strong>Goerenzio</strong></span> 
     </span>
    </p>
   </div>
  </div>
 </body>
</html>
