<?xml version="1.0" encoding="UTF-8"?>
<!DOCTYPE html PUBLIC "-//W3C//DTD XHTML 1.0 Transitional//EN"
    "http://www.w3.org/TR/xhtml1/DTD/xhtml1-transitional.dtd">
<html xmlns="http://www.w3.org/1999/xhtml" xml:lang="en" lang="en">
 <head>
  <title>
</title>
<meta http-equiv="Content-Type" content="text/html;charset=utf-8" />
  <meta name='ocr-system' content='tesseract 3.04.00' />
  <meta name='ocr-capabilities' content='ocr_page ocr_carea ocr_par ocr_line ocrx_word'/>
</head>
<body>
  <div class='ocr_page' id='page_1' title='image "./delegibuslibritr0102ciceuoft_0517.png"; bbox 0 0 1781 3192; ppageno 0'>
   <div class='ocr_carea' id='block_1_1' title="bbox 444 184 1539 227">
    <p class='ocr_par' dir='ltr' id='par_1_1' title="bbox 444 184 1539 227">
     <span class='ocr_line' id='line_1_1' title="bbox 444 184 1539 227; baseline -0.004 0"><span class='ocrx_word' id='word_1_1' title='bbox 444 187 605 227; x_wconf 74' lang='lat' dir='ltr'><strong>LIBER</strong></span> <span class='ocrx_word' id='word_1_2' title='bbox 639 186 896 227; x_wconf 77' lang='lat' dir='ltr'><strong>TERTIUS.</strong></span> <span class='ocrx_word' id='word_1_3' title='bbox 950 186 1049 225; x_wconf 55' lang='lat' dir='ltr'>Car.</span> <span class='ocrx_word' id='word_1_4' title='bbox 1084 186 1190 226; x_wconf 72' lang='lat' dir='ltr'>xvi.</span> <span class='ocrx_word' id='word_1_5' title='bbox 1458 184 1539 225; x_wconf 82' lang='lat'>511</span> 
     </span>
    </p>
   </div>
   <div class='ocr_carea' id='block_1_2' title="bbox 47 297 1540 1814">
    <p class='ocr_par' dir='ltr' id='par_1_2' title="bbox 81 297 1539 408">
     <span class='ocr_line' id='line_1_2' title="bbox 194 297 1539 352; baseline 0.001 -12"><span class='ocrx_word' id='word_1_6' title='bbox 194 303 288 342; x_wconf 80' lang='lat' dir='ltr'>isti</span> <span class='ocrx_word' id='word_1_7' title='bbox 324 302 463 339; x_wconf 88' lang='lat' dir='ltr'>ratio</span> <span class='ocrx_word' id='word_1_8' title='bbox 482 302 531 339; x_wconf 90' lang='lat' dir='ltr'>ni</span> <span class='ocrx_word' id='word_1_9' title='bbox 561 313 620 339; x_wconf 89' lang='lat' dir='ltr'>sc.</span> <span class='ocrx_word' id='word_1_10' title='bbox 641 300 924 350; x_wconf 73' lang='lat' dir='ltr'>suffragiorum</span> <span class='ocrx_word' id='word_1_11' title='bbox 950 313 1024 352; x_wconf 88' lang='lat' dir='ltr'>per</span> <span class='ocrx_word' id='word_1_12' title='bbox 1047 297 1234 338; x_wconf 85' lang='lat' dir='ltr'>tabellam</span> <span class='ocrx_word' id='word_1_13' title='bbox 1259 299 1539 342; x_wconf 83' lang='lat' dir='ltr'>serendorum.</span> 
     </span>
     <span class='ocr_line' id='line_1_3' title="bbox 81 356 1482 408; baseline -0.001 -10"><span class='ocrx_word' id='word_1_14' title='bbox 81 359 201 398; x_wconf 88' lang='lat' dir='ltr'>Lbini</span> <span class='ocrx_word' id='word_1_15' title='bbox 233 361 469 399; x_wconf 88' lang='lat' dir='ltr'>coniectura</span> <span class='ocrx_word' id='word_1_16' title='bbox 497 358 762 408; x_wconf 81' lang='lat' dir='ltr'>rogationi</span> <span class='ocrx_word' id='word_1_17' title='bbox 795 356 1103 407; x_wconf 81' lang='lat' dir='ltr'>haudquaquam</span> <span class='ocrx_word' id='word_1_18' title='bbox 1135 360 1372 396; x_wconf 84' lang='lat' dir='ltr'>necessaria</span> <span class='ocrx_word' id='word_1_19' title='bbox 1403 363 1482 397; x_wconf 84' lang='lat' dir='ltr'>est.</span> 
     </span>
    </p>

    <p class='ocr_par' dir='ltr' id='par_1_3' title="bbox 47 412 1540 688">
     <span class='ocr_line' id='line_1_4' title="bbox 193 412 1539 465; baseline -0.001 -10"><span class='ocrx_word' id='word_1_20' title='bbox 193 417 354 460; x_wconf 69' lang='lat' dir='ltr'><strong>XVI.</strong></span> <span class='ocrx_word' id='word_1_21' title='bbox 415 414 450 465; x_wconf 50' lang='grc' dir='ltr'>ᾗ.</span> <span class='ocrx_word' id='word_1_22' title='bbox 475 412 545 454; x_wconf 80' lang='grc'>35.</span> <span class='ocrx_word' id='word_1_23' title='bbox 607 413 678 451; x_wconf 85' lang='lat' dir='ltr'>Ea</span> <span class='ocrx_word' id='word_1_24' title='bbox 707 419 784 451; x_wconf 91' lang='lat' dir='ltr'>est</span> <span class='ocrx_word' id='word_1_25' title='bbox 816 414 1055 463; x_wconf 82' lang='lat' dir='ltr'>Gabinia]</span> <span class='ocrx_word' id='word_1_26' title='bbox 1118 412 1234 452; x_wconf 87' lang='lat' dir='ltr'>Tulit</span> <span class='ocrx_word' id='word_1_27' title='bbox 1255 412 1389 465; x_wconf 80' lang='lat' dir='ltr'>legem</span> <span class='ocrx_word' id='word_1_28' title='bbox 1412 415 1539 454; x_wconf 84' lang='lat' dir='ltr'>Gabi-</span> 
     </span>
     <span class='ocr_line' id='line_1_5' title="bbox 81 469 1539 521; baseline -0.001 -11"><span class='ocrx_word' id='word_1_29' title='bbox 81 473 170 510; x_wconf 88' lang='lat' dir='ltr'>nius</span> <span class='ocrx_word' id='word_1_30' title='bbox 210 477 261 511; x_wconf 84' lang='lat' dir='ltr'>tr.</span> <span class='ocrx_word' id='word_1_31' title='bbox 292 470 348 521; x_wconf 88' lang='lat' dir='ltr'>pl.</span> <span class='ocrx_word' id='word_1_32' title='bbox 389 484 424 509; x_wconf 88' lang='lat' dir='ltr'>a.</span> <span class='ocrx_word' id='word_1_33' title='bbox 458 470 564 520; x_wconf 82' lang='grc'>615,</span> <span class='ocrx_word' id='word_1_34' title='bbox 609 475 652 508; x_wconf 89' lang='lat' dir='ltr'>ut</span> <span class='ocrx_word' id='word_1_35' title='bbox 690 471 728 507; x_wconf 91' lang='lat' dir='ltr'>in</span> <span class='ocrx_word' id='word_1_36' title='bbox 762 471 1067 519; x_wconf 72' lang='lat' dir='ltr'>magistratibus</span> <span class='ocrx_word' id='word_1_37' title='bbox 1099 469 1289 508; x_wconf 77' lang='lat' dir='ltr'>creandis</span> <span class='ocrx_word' id='word_1_38' title='bbox 1320 484 1397 509; x_wconf 92' lang='lat' dir='ltr'>non</span> <span class='ocrx_word' id='word_1_39' title='bbox 1437 485 1539 510; x_wconf 89' lang='lat' dir='ltr'>uoce</span> 
     </span>
     <span class='ocr_line' id='line_1_6' title="bbox 80 525 1540 579; baseline 0.001 -13"><span class='ocrx_word' id='word_1_40' title='bbox 80 530 207 579; x_wconf 89' lang='lat' dir='ltr'>ciues,</span> <span class='ocrx_word' id='word_1_41' title='bbox 240 527 314 565; x_wconf 85' lang='lat' dir='ltr'>sed</span> <span class='ocrx_word' id='word_1_42' title='bbox 346 526 506 565; x_wconf 86' lang='lat' dir='ltr'>tabellis</span> <span class='ocrx_word' id='word_1_43' title='bbox 540 531 762 566; x_wconf 86' lang='lat' dir='ltr'>uterentur.</span> <span class='ocrx_word' id='word_1_44' title='bbox 797 527 880 565; x_wconf 79' lang='lat' dir='ltr'>Cic.</span> <span class='ocrx_word' id='word_1_45' title='bbox 917 525 1028 564; x_wconf 80' lang='lat' dir='ltr'>Lael.</span> <span class='ocrx_word' id='word_1_46' title='bbox 1068 526 1131 576; x_wconf 90' lang='grc'>16,</span> <span class='ocrx_word' id='word_1_47' title='bbox 1156 525 1223 566; x_wconf 69' lang='grc'>41.</span> <span class='ocrx_word' id='word_1_48' title='bbox 1256 527 1462 565; x_wconf 87' lang='lat' dir='ltr'>Drumann</span> <span class='ocrx_word' id='word_1_49' title='bbox 1485 525 1540 568; x_wconf 87' lang='lat' dir='ltr'>ll.</span> 
     </span>
     <span class='ocr_line' id='line_1_7' title="bbox 83 582 1539 634; baseline -0.001 -10"><span class='ocrx_word' id='word_1_50' title='bbox 83 583 182 624; x_wconf 83' lang='lat'><strong>113.</strong></span> <span class='ocrx_word' id='word_1_51' title='bbox 241 583 389 621; x_wconf 81' lang='lat' dir='ltr'>Bakius</span> <span class='ocrx_word' id='word_1_52' title='bbox 430 585 568 621; x_wconf 88' lang='lat' dir='ltr'>uerbis</span> <span class='ocrx_word' id='word_1_53' title='bbox 618 595 673 620; x_wconf 87' lang='lat' dir='ltr'>ea</span> <span class='ocrx_word' id='word_1_54' title='bbox 716 588 795 620; x_wconf 83' lang='lat' dir='ltr'>est</span> <span class='ocrx_word' id='word_1_55' title='bbox 835 584 1054 620; x_wconf 80' lang='lat' dir='ltr'>Gabinia</span> <span class='ocrx_word' id='word_1_56' title='bbox 1095 582 1276 634; x_wconf 76' lang='lat' dir='ltr'>expulsis</span> <span class='ocrx_word' id='word_1_57' title='bbox 1315 586 1374 622; x_wconf 92' lang='lat' dir='ltr'>sic</span> <span class='ocrx_word' id='word_1_58' title='bbox 1415 586 1539 623; x_wconf 83' lang='lat' dir='ltr'><strong>scribi</strong></span> 
     </span>
     <span class='ocr_line' id='line_1_8' title="bbox 47 632 1320 688; baseline -0.002 -9"><span class='ocrx_word' id='word_1_59' title='bbox 47 641 222 679; x_wconf 73' lang='lat' dir='ltr'>‘iussitz</span> <span class='ocrx_word' id='word_1_60' title='bbox 257 638 314 676; x_wconf 92' lang='lat' dir='ltr'>de</span> <span class='ocrx_word' id='word_1_61' title='bbox 350 653 474 688; x_wconf 64' lang='lat' dir='ltr'>mag.</span> <span class='ocrx_word' id='word_1_62' title='bbox 507 638 667 677; x_wconf 85' lang='lat' dir='ltr'>mand.</span> <span class='ocrx_word' id='word_1_63' title='bbox 702 645 807 688; x_wconf 85' lang='lat' dir='ltr'>est,</span> <span class='ocrx_word' id='word_1_64' title='bbox 840 640 947 677; x_wconf 89' lang='lat' dir='ltr'>lata</span> <span class='ocrx_word' id='word_1_65' title='bbox 980 645 1059 677; x_wconf 84' lang='lat' dir='ltr'>cet.</span> <span class='ocrx_word' id='word_1_66' title='bbox 1305 632 1320 645; x_wconf 75' lang='lat'>&#39;</span> 
     </span>
    </p>

    <p class='ocr_par' dir='ltr' id='par_1_4' title="bbox 75 695 1538 1814">
     <span class='ocr_line' id='line_1_9' title="bbox 193 695 1538 745; baseline 0.002 -12"><span class='ocrx_word' id='word_1_67' title='bbox 193 696 378 734; x_wconf 87' lang='lat' dir='ltr'>Cassia</span> <span class='ocrx_word' id='word_1_68' title='bbox 417 695 499 733; x_wconf 84' lang='lat' dir='ltr'>lata</span> <span class='ocrx_word' id='word_1_69' title='bbox 543 710 577 734; x_wconf 88' lang='lat' dir='ltr'>a.</span> <span class='ocrx_word' id='word_1_70' title='bbox 611 695 706 736; x_wconf 75' lang='lat'><strong>617.</strong></span> <span class='ocrx_word' id='word_1_71' title='bbox 748 710 768 733; x_wconf 90' lang='lat' dir='ltr'>a</span> <span class='ocrx_word' id='word_1_72' title='bbox 803 697 848 735; x_wconf 95' lang='lat' dir='ltr'><strong>L.</strong></span> <span class='ocrx_word' id='word_1_73' title='bbox 892 697 1057 745; x_wconf 78' lang='lat' dir='ltr'>Cassio,</span> <span class='ocrx_word' id='word_1_74' title='bbox 1099 696 1146 734; x_wconf 88' lang='lat' dir='ltr'>L.</span> <span class='ocrx_word' id='word_1_75' title='bbox 1180 695 1310 733; x_wconf 78' lang='lat' dir='ltr'>Cassii</span> <span class='ocrx_word' id='word_1_76' title='bbox 1351 696 1538 737; x_wconf 72' lang='lat' dir='ltr'>ltcuillae</span> 
     </span>
     <span class='ocr_line' id='line_1_10' title="bbox 80 751 1538 805; baseline 0 -14"><span class='ocrx_word' id='word_1_77' title='bbox 80 751 257 791; x_wconf 91' lang='lat' dir='ltr'>consulis</span> <span class='ocrx_word' id='word_1_78' title='bbox 288 752 386 801; x_wconf 81' lang='lat'>627,</span> <span class='ocrx_word' id='word_1_79' title='bbox 419 753 600 790; x_wconf 85' lang='lat' dir='ltr'>censoris</span> <span class='ocrx_word' id='word_1_80' title='bbox 634 752 718 793; x_wconf 71' lang='lat'>628</span> <span class='ocrx_word' id='word_1_81' title='bbox 751 751 851 802; x_wconf 78' lang='lat' dir='ltr'>filio,</span> <span class='ocrx_word' id='word_1_82' title='bbox 893 766 968 803; x_wconf 87' lang='lat' dir='ltr'>qua</span> <span class='ocrx_word' id='word_1_83' title='bbox 998 758 1182 790; x_wconf 87' lang='lat' dir='ltr'>sanctum</span> <span class='ocrx_word' id='word_1_84' title='bbox 1217 757 1302 801; x_wconf 87' lang='lat' dir='ltr'>est,</span> <span class='ocrx_word' id='word_1_85' title='bbox 1336 758 1379 791; x_wconf 90' lang='lat' dir='ltr'>ut</span> <span class='ocrx_word' id='word_1_86' title='bbox 1408 767 1538 805; x_wconf 91' lang='lat' dir='ltr'>popu-</span> 
     </span>
     <span class='ocr_line' id='line_1_11' title="bbox 79 808 1538 862; baseline 0.001 -15"><span class='ocrx_word' id='word_1_87' title='bbox 79 809 143 848; x_wconf 92' lang='lat' dir='ltr'>lus</span> <span class='ocrx_word' id='word_1_88' title='bbox 175 810 215 847; x_wconf 90' lang='lat' dir='ltr'>in</span> <span class='ocrx_word' id='word_1_89' title='bbox 248 808 426 858; x_wconf 85' lang='lat' dir='ltr'>iudiciis,</span> <span class='ocrx_word' id='word_1_90' title='bbox 462 821 564 859; x_wconf 89' lang='lat' dir='ltr'>quae</span> <span class='ocrx_word' id='word_1_91' title='bbox 596 810 685 859; x_wconf 90' lang='lat' dir='ltr'>ipse</span> <span class='ocrx_word' id='word_1_92' title='bbox 715 810 900 858; x_wconf 84' lang='lat' dir='ltr'>haberet,</span> <span class='ocrx_word' id='word_1_93' title='bbox 936 822 1012 846; x_wconf 92' lang='lat' dir='ltr'>uno</span> <span class='ocrx_word' id='word_1_94' title='bbox 1047 814 1218 860; x_wconf 81' lang='lat' dir='ltr'>excepto</span> <span class='ocrx_word' id='word_1_95' title='bbox 1251 808 1401 848; x_wconf 87' lang='lat' dir='ltr'>iudicio</span> <span class='ocrx_word' id='word_1_96' title='bbox 1439 824 1538 862; x_wconf 90' lang='lat' dir='ltr'>per-</span> 
     </span>
     <span class='ocr_line' id='line_1_12' title="bbox 81 864 1538 918; baseline 0.003 -15"><span class='ocrx_word' id='word_1_97' title='bbox 81 864 325 915; x_wconf 82' lang='lat' dir='ltr'>duellionis,</span> <span class='ocrx_word' id='word_1_98' title='bbox 367 864 541 914; x_wconf 81' lang='lat' dir='ltr'>tabella,</span> <span class='ocrx_word' id='word_1_99' title='bbox 583 878 660 903; x_wconf 91' lang='lat' dir='ltr'>non</span> <span class='ocrx_word' id='word_1_100' title='bbox 695 879 793 903; x_wconf 86' lang='lat' dir='ltr'>uoce</span> <span class='ocrx_word' id='word_1_101' title='bbox 828 871 1026 904; x_wconf 86' lang='lat' dir='ltr'>uteretur.</span> <span class='ocrx_word' id='word_1_102' title='bbox 1075 866 1139 905; x_wconf 88' lang='lat' dir='ltr'>Cs.</span> <span class='ocrx_word' id='word_1_103' title='bbox 1172 866 1257 904; x_wconf 89' lang='lat' dir='ltr'>Cic.</span> <span class='ocrx_word' id='word_1_104' title='bbox 1306 867 1419 906; x_wconf 86' lang='lat' dir='ltr'><strong>Brut.</strong></span> <span class='ocrx_word' id='word_1_105' title='bbox 1459 867 1538 918; x_wconf 78' lang='lat'>27,</span> 
     </span>
     <span class='ocr_line' id='line_1_13' title="bbox 85 921 1538 975; baseline 0 -12"><span class='ocrx_word' id='word_1_106' title='bbox 85 921 180 963; x_wconf 86' lang='lat'><strong>106.</strong></span> <span class='ocrx_word' id='word_1_107' title='bbox 211 935 285 975; x_wconf 91' lang='lat' dir='ltr'>pro</span> <span class='ocrx_word' id='word_1_108' title='bbox 318 922 427 960; x_wconf 89' lang='lat' dir='ltr'>Sest.</span> <span class='ocrx_word' id='word_1_109' title='bbox 461 921 530 970; x_wconf 53' lang='grc'>46,</span> <span class='ocrx_word' id='word_1_110' title='bbox 571 922 660 961; x_wconf 67' lang='grc'>1113.</span> <span class='ocrx_word' id='word_1_111' title='bbox 723 923 992 970; x_wconf 74' lang='lat' dir='ltr'>Quaestiones</span> <span class='ocrx_word' id='word_1_112' title='bbox 1031 927 1253 973; x_wconf 89' lang='lat' dir='ltr'>perpetuas</span> <span class='ocrx_word' id='word_1_113' title='bbox 1292 922 1396 961; x_wconf 87' lang='lat' dir='ltr'>male</span> <span class='ocrx_word' id='word_1_114' title='bbox 1435 923 1538 964; x_wconf 88' lang='lat' dir='ltr'>Ern.</span> 
     </span>
     <span class='ocr_line' id='line_1_14' title="bbox 80 976 1538 1029; baseline 0.001 -12"><span class='ocrx_word' id='word_1_115' title='bbox 80 979 183 1017; x_wconf 77' lang='lat' dir='ltr'>dixit</span> <span class='ocrx_word' id='word_1_116' title='bbox 220 976 396 1029; x_wconf 76' lang='lat' dir='ltr'>intelligi</span> <span class='ocrx_word' id='word_1_117' title='bbox 437 980 475 1015; x_wconf 94' lang='lat' dir='ltr'>in</span> <span class='ocrx_word' id='word_1_118' title='bbox 510 978 622 1017; x_wconf 84' lang='lat' dir='ltr'>Clau.</span> <span class='ocrx_word' id='word_1_119' title='bbox 667 978 796 1017; x_wconf 80' lang='lat' dir='ltr'>Cicer.</span> <span class='ocrx_word' id='word_1_120' title='bbox 858 977 1102 1028; x_wconf 88' lang='lat' dir='ltr'>Popularem</span> <span class='ocrx_word' id='word_1_121' title='bbox 1144 979 1190 1018; x_wconf 94' lang='lat' dir='ltr'><strong>L.</strong></span> <span class='ocrx_word' id='word_1_122' title='bbox 1231 978 1414 1017; x_wconf 80' lang='lat' dir='ltr'>Cassium</span> <span class='ocrx_word' id='word_1_123' title='bbox 1457 993 1538 1019; x_wconf 92' lang='lat' dir='ltr'>non</span> 
     </span>
     <span class='ocr_line' id='line_1_15' title="bbox 78 1034 1537 1084; baseline 0.002 -12"><span class='ocrx_word' id='word_1_124' title='bbox 78 1034 352 1084; x_wconf 77' lang='lat' dir='ltr'>liberalitate,</span> <span class='ocrx_word' id='word_1_125' title='bbox 386 1040 430 1072; x_wconf 88' lang='lat' dir='ltr'>ut</span> <span class='ocrx_word' id='word_1_126' title='bbox 461 1034 583 1084; x_wconf 83' lang='lat' dir='ltr'>alios,</span> <span class='ocrx_word' id='word_1_127' title='bbox 623 1034 696 1072; x_wconf 85' lang='lat' dir='ltr'>sed</span> <span class='ocrx_word' id='word_1_128' title='bbox 734 1036 821 1084; x_wconf 84' lang='lat' dir='ltr'>ipsa</span> <span class='ocrx_word' id='word_1_129' title='bbox 859 1036 1026 1072; x_wconf 76' lang='lat' dir='ltr'>tristitia</span> <span class='ocrx_word' id='word_1_130' title='bbox 1068 1040 1111 1072; x_wconf 86' lang='lat' dir='ltr'>et</span> <span class='ocrx_word' id='word_1_131' title='bbox 1150 1038 1375 1074; x_wconf 88' lang='lat' dir='ltr'>seueritate</span> <span class='ocrx_word' id='word_1_132' title='bbox 1406 1036 1537 1076; x_wconf 86' lang='lat' dir='ltr'>fuisse</span> 
     </span>
     <span class='ocr_line' id='line_1_16' title="bbox 78 1089 1534 1144; baseline 0.001 -14"><span class='ocrx_word' id='word_1_133' title='bbox 78 1091 203 1130; x_wconf 80' lang='lat' dir='ltr'>tradit</span> <span class='ocrx_word' id='word_1_134' title='bbox 233 1091 316 1131; x_wconf 88' lang='lat' dir='ltr'>Cic.</span> <span class='ocrx_word' id='word_1_135' title='bbox 350 1092 464 1129; x_wconf 87' lang='lat' dir='ltr'>Brut.</span> <span class='ocrx_word' id='word_1_136' title='bbox 497 1091 566 1140; x_wconf 76' lang='lat'>25,</span> <span class='ocrx_word' id='word_1_137' title='bbox 600 1089 668 1130; x_wconf 71' lang='lat'><strong>97.</strong></span> <span class='ocrx_word' id='word_1_138' title='bbox 730 1091 826 1129; x_wconf 80' lang='lat' dir='ltr'>Mox</span> <span class='ocrx_word' id='word_1_139' title='bbox 858 1092 1136 1128; x_wconf 88' lang='lat' dir='ltr'>coniecturam</span> <span class='ocrx_word' id='word_1_140' title='bbox 1172 1093 1343 1141; x_wconf 83' lang='lat' dir='ltr'>primum</span> <span class='ocrx_word' id='word_1_141' title='bbox 1375 1094 1534 1144; x_wconf 87' lang='lat' dir='ltr'>anio,</span> 
     </span>
     <span class='ocr_line' id='line_1_17' title="bbox 79 1146 1535 1198; baseline 0.001 -12"><span class='ocrx_word' id='word_1_142' title='bbox 79 1155 163 1186; x_wconf 91' lang='lat' dir='ltr'>tum</span> <span class='ocrx_word' id='word_1_143' title='bbox 204 1162 226 1186; x_wconf 86' lang='lat' dir='ltr'>a</span> <span class='ocrx_word' id='word_1_144' title='bbox 265 1148 372 1187; x_wconf 85' lang='lat' dir='ltr'>Mos.</span> <span class='ocrx_word' id='word_1_145' title='bbox 418 1153 460 1185; x_wconf 90' lang='lat' dir='ltr'>et</span> <span class='ocrx_word' id='word_1_146' title='bbox 482 1147 639 1185; x_wconf 85' lang='lat' dir='ltr'>Orellio</span> <span class='ocrx_word' id='word_1_147' title='bbox 682 1154 891 1197; x_wconf 77' lang='lat' dir='ltr'>receptam</span> <span class='ocrx_word' id='word_1_148' title='bbox 930 1146 989 1183; x_wconf 88' lang='lat' dir='ltr'>de</span> <span class='ocrx_word' id='word_1_149' title='bbox 1030 1146 1211 1196; x_wconf 90' lang='lat' dir='ltr'>populi</span> <span class='ocrx_word' id='word_1_150' title='bbox 1244 1148 1472 1198; x_wconf 81' lang='lat' dir='ltr'>iudicio,</span> <span class='ocrx_word' id='word_1_151' title='bbox 1512 1164 1535 1188; x_wconf 90' lang='lat' dir='ltr'>a</span> 
     </span>
     <span class='ocr_line' id='line_1_18' title="bbox 77 1201 1537 1257; baseline 0 -14"><span class='ocrx_word' id='word_1_152' title='bbox 77 1203 246 1243; x_wconf 91' lang='lat' dir='ltr'>nobili</span> <span class='ocrx_word' id='word_1_153' title='bbox 267 1201 339 1257; x_wconf 50' lang='grc' dir='ltr'>ἦε),</span> <span class='ocrx_word' id='word_1_154' title='bbox 371 1204 536 1253; x_wconf 76' lang='lat' dir='ltr'>egregie</span> <span class='ocrx_word' id='word_1_155' title='bbox 569 1201 746 1240; x_wconf 86' lang='lat' dir='ltr'>absoluit</span> <span class='ocrx_word' id='word_1_156' title='bbox 775 1202 924 1239; x_wconf 85' lang='lat' dir='ltr'>Bakius</span> <span class='ocrx_word' id='word_1_157' title='bbox 957 1203 1130 1239; x_wconf 87' lang='lat' dir='ltr'>firmiter</span> <span class='ocrx_word' id='word_1_158' title='bbox 1161 1204 1358 1241; x_wconf 83' lang='lat' dir='ltr'>insistens</span> <span class='ocrx_word' id='word_1_159' title='bbox 1390 1204 1537 1244; x_wconf 89' lang='lat' dir='ltr'>melio-</span> 
     </span>
     <span class='ocr_line' id='line_1_19' title="bbox 75 1257 1537 1308; baseline 0.001 -9"><span class='ocrx_word' id='word_1_160' title='bbox 75 1273 163 1299; x_wconf 86' lang='lat' dir='ltr'>rum</span> <span class='ocrx_word' id='word_1_161' title='bbox 192 1259 377 1298; x_wconf 83' lang='lat' dir='ltr'>codicum</span> <span class='ocrx_word' id='word_1_162' title='bbox 409 1258 560 1296; x_wconf 90' lang='lat' dir='ltr'>mendo</span> <span class='ocrx_word' id='word_1_163' title='bbox 593 1257 795 1296; x_wconf 89' lang='lat' dir='ltr'>iudicio</span> <span class='ocrx_word' id='word_1_164' title='bbox 828 1259 900 1307; x_wconf 90' lang='lat' dir='ltr'>is,</span> <span class='ocrx_word' id='word_1_165' title='bbox 939 1258 1045 1308; x_wconf 90' lang='lat' dir='ltr'>quod</span> <span class='ocrx_word' id='word_1_166' title='bbox 1077 1263 1216 1296; x_wconf 88' lang='lat' dir='ltr'>natum</span> <span class='ocrx_word' id='word_1_167' title='bbox 1249 1264 1313 1297; x_wconf 85' lang='lat' dir='ltr'>est</span> <span class='ocrx_word' id='word_1_168' title='bbox 1341 1263 1537 1300; x_wconf 82' lang='lat' dir='ltr'>termina-</span> 
     </span>
     <span class='ocr_line' id='line_1_20' title="bbox 77 1313 1537 1370; baseline 0.002 -16"><span class='ocrx_word' id='word_1_169' title='bbox 77 1318 190 1355; x_wconf 82' lang='lat' dir='ltr'>tione</span> <span class='ocrx_word' id='word_1_170' title='bbox 216 1316 392 1367; x_wconf 87' lang='lat' dir='ltr'>primum</span> <span class='ocrx_word' id='word_1_171' title='bbox 424 1327 446 1351; x_wconf 84' lang='lat' dir='ltr'>a</span> <span class='ocrx_word' id='word_1_172' title='bbox 476 1315 643 1352; x_wconf 89' lang='lat' dir='ltr'>nomine</span> <span class='ocrx_word' id='word_1_173' title='bbox 674 1314 865 1364; x_wconf 86' lang='lat' dir='ltr'>diremta,</span> <span class='ocrx_word' id='word_1_174' title='bbox 900 1313 1054 1351; x_wconf 88' lang='lat' dir='ltr'>deinde</span> <span class='ocrx_word' id='word_1_175' title='bbox 1084 1320 1291 1354; x_wconf 82' lang='lat' dir='ltr'>renouata.</span> <span class='ocrx_word' id='word_1_176' title='bbox 1352 1316 1408 1355; x_wconf 85' lang='lat' dir='ltr'>Et</span> <span class='ocrx_word' id='word_1_177' title='bbox 1444 1317 1537 1370; x_wconf 91' lang='lat' dir='ltr'>plu-</span> 
     </span>
     <span class='ocr_line' id='line_1_21' title="bbox 76 1370 1535 1421; baseline 0.001 -10"><span class='ocrx_word' id='word_1_178' title='bbox 76 1370 204 1411; x_wconf 86' lang='lat' dir='ltr'>ralem</span> <span class='ocrx_word' id='word_1_179' title='bbox 244 1370 409 1421; x_wconf 91' lang='lat' dir='ltr'>quidem</span> <span class='ocrx_word' id='word_1_180' title='bbox 451 1372 573 1408; x_wconf 83' lang='lat' dir='ltr'>etiam</span> <span class='ocrx_word' id='word_1_181' title='bbox 616 1373 823 1408; x_wconf 88' lang='lat' dir='ltr'>sententia</span> <span class='ocrx_word' id='word_1_182' title='bbox 871 1370 1051 1420; x_wconf 76' lang='lat' dir='ltr'>flagitat,</span> <span class='ocrx_word' id='word_1_183' title='bbox 1099 1383 1189 1409; x_wconf 92' lang='lat' dir='ltr'>cum</span> <span class='ocrx_word' id='word_1_184' title='bbox 1231 1384 1373 1421; x_wconf 89' lang='lat' dir='ltr'>parum</span> <span class='ocrx_word' id='word_1_185' title='bbox 1419 1381 1535 1413; x_wconf 87' lang='lat' dir='ltr'>recte</span> 
     </span>
     <span class='ocr_line' id='line_1_22' title="bbox 76 1425 1536 1478; baseline 0.002 -12"><span class='ocrx_word' id='word_1_186' title='bbox 76 1426 341 1466; x_wconf 90' lang='lat' dir='ltr'>iudicium</span> <span class='ocrx_word' id='word_1_187' title='bbox 375 1425 554 1477; x_wconf 90' lang='lat' dir='ltr'>populi</span> <span class='ocrx_word' id='word_1_188' title='bbox 585 1426 840 1475; x_wconf 82' lang='lat' dir='ltr'>generaliter</span> <span class='ocrx_word' id='word_1_189' title='bbox 861 1425 941 1464; x_wconf 92' lang='lat' dir='ltr'>dici</span> <span class='ocrx_word' id='word_1_190' title='bbox 966 1426 1167 1464; x_wconf 84' lang='lat' dir='ltr'>uideatur.</span> <span class='ocrx_word' id='word_1_191' title='bbox 1228 1428 1367 1478; x_wconf 87' lang='lat' dir='ltr'>ltaque</span> <span class='ocrx_word' id='word_1_192' title='bbox 1391 1429 1536 1469; x_wconf 91' lang='lat' dir='ltr'>Cicero</span> 
     </span>
     <span class='ocr_line' id='line_1_23' title="bbox 76 1479 1534 1535; baseline 0.003 -15"><span class='ocrx_word' id='word_1_193' title='bbox 76 1484 192 1521; x_wconf 89' lang='lat' dir='ltr'>Brut.</span> <span class='ocrx_word' id='word_1_194' title='bbox 226 1482 296 1531; x_wconf 83' lang='grc'>27,</span> <span class='ocrx_word' id='word_1_195' title='bbox 333 1481 426 1522; x_wconf 88' lang='grc'>106.</span> <span class='ocrx_word' id='word_1_196' title='bbox 457 1481 510 1519; x_wconf 84' lang='lat' dir='ltr'>de</span> <span class='ocrx_word' id='word_1_197' title='bbox 542 1481 635 1521; x_wconf 89' lang='lat' dir='ltr'>Diu.</span> <span class='ocrx_word' id='word_1_198' title='bbox 669 1479 726 1532; x_wconf 84' lang='lat' dir='ltr'>II,</span> <span class='ocrx_word' id='word_1_199' title='bbox 759 1481 828 1522; x_wconf 78' lang='grc'>35.</span> <span class='ocrx_word' id='word_1_200' title='bbox 862 1481 929 1522; x_wconf 70' lang='grc'>74.</span> <span class='ocrx_word' id='word_1_201' title='bbox 968 1481 1220 1532; x_wconf 83' lang='lat' dir='ltr'>generaliter</span> <span class='ocrx_word' id='word_1_202' title='bbox 1251 1482 1422 1535; x_wconf 88' lang='lat' dir='ltr'>loquens</span> <span class='ocrx_word' id='word_1_203' title='bbox 1464 1489 1534 1524; x_wconf 89' lang='lat' dir='ltr'>iu-</span> 
     </span>
     <span class='ocr_line' id='line_1_24' title="bbox 78 1536 1534 1593; baseline 0.003 -16"><span class='ocrx_word' id='word_1_204' title='bbox 78 1538 221 1577; x_wconf 87' lang='lat' dir='ltr'>dicia</span> <span class='ocrx_word' id='word_1_205' title='bbox 252 1536 434 1589; x_wconf 90' lang='lat' dir='ltr'>populi</span> <span class='ocrx_word' id='word_1_206' title='bbox 476 1537 592 1588; x_wconf 88' lang='lat' dir='ltr'>dicit,</span> <span class='ocrx_word' id='word_1_207' title='bbox 626 1539 701 1576; x_wconf 90' lang='lat' dir='ltr'>sed</span> <span class='ocrx_word' id='word_1_208' title='bbox 724 1552 797 1589; x_wconf 93' lang='lat' dir='ltr'>pro</span> <span class='ocrx_word' id='word_1_209' title='bbox 821 1540 930 1577; x_wconf 88' lang='lat' dir='ltr'>Sest.</span> <span class='ocrx_word' id='word_1_210' title='bbox 955 1538 1024 1587; x_wconf 77' lang='lat'>53,</span> <span class='ocrx_word' id='word_1_211' title='bbox 1053 1538 1144 1578; x_wconf 70' lang='lat'><strong>114.</strong></span> <span class='ocrx_word' id='word_1_212' title='bbox 1177 1539 1228 1578; x_wconf 90' lang='lat' dir='ltr'>de</span> <span class='ocrx_word' id='word_1_213' title='bbox 1257 1554 1334 1579; x_wconf 90' lang='lat' dir='ltr'>uno</span> <span class='ocrx_word' id='word_1_214' title='bbox 1361 1543 1534 1593; x_wconf 85' lang='lat' dir='ltr'>quodam</span> 
     </span>
     <span class='ocr_line' id='line_1_25' title="bbox 75 1593 1534 1648; baseline 0.004 -15"><span class='ocrx_word' id='word_1_215' title='bbox 75 1594 335 1634; x_wconf 88' lang='lat' dir='ltr'>indicium</span> <span class='ocrx_word' id='word_1_216' title='bbox 362 1593 563 1645; x_wconf 90' lang='lat' dir='ltr'>populi.</span> <span class='ocrx_word' id='word_1_217' title='bbox 608 1595 752 1646; x_wconf 85' lang='lat' dir='ltr'>Steph.</span> <span class='ocrx_word' id='word_1_218' title='bbox 782 1600 824 1632; x_wconf 84' lang='lat' dir='ltr'>et</span> <span class='ocrx_word' id='word_1_219' title='bbox 846 1596 1073 1633; x_wconf 85' lang='lat' dir='ltr'>Manutius:</span> <span class='ocrx_word' id='word_1_220' title='bbox 1107 1595 1165 1633; x_wconf 91' lang='lat' dir='ltr'>de</span> <span class='ocrx_word' id='word_1_221' title='bbox 1186 1609 1297 1648; x_wconf 92' lang='lat' dir='ltr'>pop.</span> <span class='ocrx_word' id='word_1_222' title='bbox 1321 1598 1534 1640; x_wconf 86' lang='lat' dir='ltr'>iudicio.</span> 
     </span>
     <span class='ocr_line' id='line_1_26' title="bbox 75 1649 1532 1701; baseline 0.005 -12"><span class='ocrx_word' id='word_1_223' title='bbox 75 1651 143 1690; x_wconf 81' lang='lat' dir='ltr'>Ea</span> <span class='ocrx_word' id='word_1_224' title='bbox 183 1664 208 1689; x_wconf 46' lang='lat' dir='ltr'>ax</span> <span class='ocrx_word' id='word_1_225' title='bbox 243 1652 353 1690; x_wconf 82' lang='lat' dir='ltr'>nob.</span> <span class='ocrx_word' id='word_1_226' title='bbox 388 1651 517 1689; x_wconf 87' lang='lat' dir='ltr'>hom.</span> <span class='ocrx_word' id='word_1_227' title='bbox 558 1649 684 1701; x_wconf 85' lang='lat' dir='ltr'>lata,</span> <span class='ocrx_word' id='word_1_228' title='bbox 727 1651 775 1690; x_wconf 93' lang='lat' dir='ltr'><strong>L.</strong></span> <span class='ocrx_word' id='word_1_229' title='bbox 822 1652 1021 1690; x_wconf 86' lang='lat' dir='ltr'>Cassio.</span> <span class='ocrx_word' id='word_1_230' title='bbox 1102 1652 1210 1692; x_wconf 67' lang='lat' dir='ltr'>Uict.</span> <span class='ocrx_word' id='word_1_231' title='bbox 1247 1654 1390 1694; x_wconf 89' lang='lat' dir='ltr'>Lamb.</span> <span class='ocrx_word' id='word_1_232' title='bbox 1431 1656 1532 1697; x_wconf 80' lang='lat' dir='ltr'>Dan.</span> 
     </span>
     <span class='ocr_line' id='line_1_27' title="bbox 75 1706 1532 1762; baseline 0.004 -17"><span class='ocrx_word' id='word_1_233' title='bbox 75 1707 175 1746; x_wconf 70' lang='grc' dir='ltr'><strong>ΕΓΗ.</strong></span> <span class='ocrx_word' id='word_1_234' title='bbox 206 1706 349 1757; x_wconf 76' lang='lat' dir='ltr'>VVagn.</span> <span class='ocrx_word' id='word_1_235' title='bbox 382 1706 574 1747; x_wconf 85' lang='lat' dir='ltr'>Schuetz.</span> <span class='ocrx_word' id='word_1_236' title='bbox 605 1707 749 1745; x_wconf 87' lang='lat' dir='ltr'>uocula</span> <span class='ocrx_word' id='word_1_237' title='bbox 781 1713 864 1745; x_wconf 90' lang='lat' dir='ltr'>est</span> <span class='ocrx_word' id='word_1_238' title='bbox 895 1707 1058 1745; x_wconf 69' lang='lat' dir='ltr'>additas</span> <span class='ocrx_word' id='word_1_239' title='bbox 1092 1707 1152 1746; x_wconf 89' lang='lat' dir='ltr'>de</span> <span class='ocrx_word' id='word_1_240' title='bbox 1177 1722 1291 1762; x_wconf 88' lang='lat' dir='ltr'>pop.</span> <span class='ocrx_word' id='word_1_241' title='bbox 1314 1710 1532 1753; x_wconf 84' lang='lat' dir='ltr'>iudicio.</span> 
     </span>
     <span class='ocr_line' id='line_1_28' title="bbox 75 1762 1175 1814; baseline 0.001 -12"><span class='ocrx_word' id='word_1_242' title='bbox 75 1764 145 1802; x_wconf 85' lang='lat' dir='ltr'>Ea</span> <span class='ocrx_word' id='word_1_243' title='bbox 177 1777 199 1802; x_wconf 90' lang='lat' dir='ltr'>a</span> <span class='ocrx_word' id='word_1_244' title='bbox 228 1765 342 1802; x_wconf 89' lang='lat' dir='ltr'>nob.</span> <span class='ocrx_word' id='word_1_245' title='bbox 372 1763 501 1802; x_wconf 92' lang='lat' dir='ltr'>hom.</span> <span class='ocrx_word' id='word_1_246' title='bbox 532 1762 637 1801; x_wconf 88' lang='lat' dir='ltr'>lata</span> <span class='ocrx_word' id='word_1_247' title='bbox 670 1769 764 1814; x_wconf 81' lang='lat' dir='ltr'>est,</span> <span class='ocrx_word' id='word_1_248' title='bbox 801 1764 845 1803; x_wconf 92' lang='lat' dir='ltr'><strong>L.</strong></span> <span class='ocrx_word' id='word_1_249' title='bbox 880 1765 1062 1802; x_wconf 85' lang='lat' dir='ltr'>Cassio</span> <span class='ocrx_word' id='word_1_250' title='bbox 1093 1770 1175 1803; x_wconf 91' lang='lat' dir='ltr'>cet.</span> 
     </span>
    </p>
   </div>
   <div class='ocr_carea' id='block_1_3' title="bbox 72 1830 1534 2561">
    <p class='ocr_par' dir='ltr' id='par_1_5' title="bbox 72 1830 1534 2561">
     <span class='ocr_line' id='line_1_29' title="bbox 191 1830 1534 1884; baseline 0.004 -15"><span class='ocrx_word' id='word_1_251' title='bbox 191 1842 370 1869; x_wconf 89' lang='lat' dir='ltr'>omnes</span> <span class='ocrx_word' id='word_1_252' title='bbox 423 1830 759 1869; x_wconf 91' lang='lat' dir='ltr'>rumusculos</span> <span class='ocrx_word' id='word_1_253' title='bbox 812 1830 1064 1883; x_wconf 88' lang='lat' dir='ltr'>populari</span> <span class='ocrx_word' id='word_1_254' title='bbox 1108 1833 1340 1884; x_wconf 89' lang='lat' dir='ltr'>ratione]</span> <span class='ocrx_word' id='word_1_255' title='bbox 1419 1835 1534 1875; x_wconf 87' lang='lat' dir='ltr'>Haec</span> 
     </span>
     <span class='ocr_line' id='line_1_30' title="bbox 76 1886 1534 1938; baseline 0.003 -13"><span class='ocrx_word' id='word_1_256' title='bbox 76 1886 199 1926; x_wconf 88' lang='lat' dir='ltr'><strong>codd.</strong></span> <span class='ocrx_word' id='word_1_257' title='bbox 239 1888 441 1938; x_wconf 86' lang='lat' dir='ltr'>scriptura</span> <span class='ocrx_word' id='word_1_258' title='bbox 472 1892 568 1938; x_wconf 86' lang='lat' dir='ltr'>post</span> <span class='ocrx_word' id='word_1_259' title='bbox 598 1887 704 1927; x_wconf 85' lang='lat' dir='ltr'>Uict.</span> <span class='ocrx_word' id='word_1_260' title='bbox 740 1891 783 1925; x_wconf 89' lang='lat' dir='ltr'>et</span> <span class='ocrx_word' id='word_1_261' title='bbox 811 1887 924 1926; x_wconf 85' lang='lat' dir='ltr'>Man.</span> <span class='ocrx_word' id='word_1_262' title='bbox 961 1890 1109 1926; x_wconf 85' lang='lat' dir='ltr'>merito</span> <span class='ocrx_word' id='word_1_263' title='bbox 1140 1895 1330 1928; x_wconf 87' lang='lat' dir='ltr'>reuocata</span> <span class='ocrx_word' id='word_1_264' title='bbox 1358 1902 1379 1927; x_wconf 88' lang='lat' dir='ltr'>a</span> <span class='ocrx_word' id='word_1_265' title='bbox 1411 1892 1534 1932; x_wconf 90' lang='lat' dir='ltr'>Goer.</span> 
     </span>
     <span class='ocr_line' id='line_1_31' title="bbox 76 1942 1534 1995; baseline 0.003 -13"><span class='ocrx_word' id='word_1_266' title='bbox 76 1944 176 1982; x_wconf 81' lang='lat' dir='ltr'>sch.</span> <span class='ocrx_word' id='word_1_267' title='bbox 215 1944 323 1982; x_wconf 86' lang='lat' dir='ltr'>Mos.</span> <span class='ocrx_word' id='word_1_268' title='bbox 363 1942 520 1981; x_wconf 88' lang='lat' dir='ltr'>Orellio</span> <span class='ocrx_word' id='word_1_269' title='bbox 561 1945 905 1995; x_wconf 88' lang='lat' dir='ltr'>interpretatione</span> <span class='ocrx_word' id='word_1_270' title='bbox 947 1950 1067 1995; x_wconf 80' lang='lat' dir='ltr'>eget,</span> <span class='ocrx_word' id='word_1_271' title='bbox 1106 1958 1186 1983; x_wconf 89' lang='lat' dir='ltr'>non</span> <span class='ocrx_word' id='word_1_272' title='bbox 1229 1946 1534 1987; x_wconf 86' lang='lat' dir='ltr'>emendatione.</span> 
     </span>
     <span class='ocr_line' id='line_1_32' title="bbox 74 2000 1533 2054; baseline 0.003 -16"><span class='ocrx_word' id='word_1_273' title='bbox 74 2000 280 2038; x_wconf 87' lang='lat' dir='ltr'>Peruerse</span> <span class='ocrx_word' id='word_1_274' title='bbox 322 2013 411 2037; x_wconf 90' lang='lat' dir='ltr'>eam</span> <span class='ocrx_word' id='word_1_275' title='bbox 451 2001 579 2038; x_wconf 91' lang='lat' dir='ltr'>Gzius</span> <span class='ocrx_word' id='word_1_276' title='bbox 621 2002 681 2038; x_wconf 88' lang='lat' dir='ltr'>sic</span> <span class='ocrx_word' id='word_1_277' title='bbox 727 2002 1025 2052; x_wconf 84' lang='lat' dir='ltr'>interpretatus</span> <span class='ocrx_word' id='word_1_278' title='bbox 1073 2007 1137 2039; x_wconf 87' lang='lat' dir='ltr'>est</span> <span class='ocrx_word' id='word_1_279' title='bbox 1179 2016 1199 2040; x_wconf 92' lang='lat' dir='ltr'>a</span> <span class='ocrx_word' id='word_1_280' title='bbox 1235 2002 1402 2054; x_wconf 88' lang='lat' dir='ltr'>reliquis</span> <span class='ocrx_word' id='word_1_281' title='bbox 1452 2018 1533 2043; x_wconf 91' lang='lat' dir='ltr'>non</span> 
     </span>
     <span class='ocr_line' id='line_1_33' title="bbox 74 2056 1532 2108; baseline 0.004 -15"><span class='ocrx_word' id='word_1_282' title='bbox 74 2058 374 2108; x_wconf 89' lang='lat' dir='ltr'>reprehensus:</span> <span class='ocrx_word' id='word_1_283' title='bbox 412 2058 513 2106; x_wconf 86' lang='lat' dir='ltr'>„qui</span> <span class='ocrx_word' id='word_1_284' title='bbox 556 2056 741 2094; x_wconf 86' lang='lat' dir='ltr'>studiose</span> <span class='ocrx_word' id='word_1_285' title='bbox 781 2070 922 2095; x_wconf 88' lang='lat' dir='ltr'>omnes</span> <span class='ocrx_word' id='word_1_286' title='bbox 963 2056 1030 2095; x_wconf 89' lang='lat' dir='ltr'>uel</span> <span class='ocrx_word' id='word_1_287' title='bbox 1070 2057 1306 2097; x_wconf 87' lang='lat' dir='ltr'>lenissimos</span> <span class='ocrx_word' id='word_1_288' title='bbox 1347 2073 1532 2099; x_wconf 85' lang='lat' dir='ltr'>rumores</span> 
     </span>
     <span class='ocr_line' id='line_1_34' title="bbox 75 2112 1532 2166; baseline 0.003 -16"><span class='ocrx_word' id='word_1_289' title='bbox 75 2112 127 2150; x_wconf 90' lang='lat' dir='ltr'>de</span> <span class='ocrx_word' id='word_1_290' title='bbox 168 2112 360 2161; x_wconf 83' lang='lat' dir='ltr'>iudiciis,</span> <span class='ocrx_word' id='word_1_291' title='bbox 391 2113 565 2163; x_wconf 91' lang='lat' dir='ltr'>pecunia</span> <span class='ocrx_word' id='word_1_292' title='bbox 597 2114 822 2163; x_wconf 83' lang='lat' dir='ltr'>corruptis,</span> <span class='ocrx_word' id='word_1_293' title='bbox 864 2115 1072 2164; x_wconf 87' lang='lat' dir='ltr'>captabat,</span> <span class='ocrx_word' id='word_1_294' title='bbox 1117 2117 1182 2164; x_wconf 89' lang='lat' dir='ltr'>qui</span> <span class='ocrx_word' id='word_1_295' title='bbox 1223 2115 1320 2154; x_wconf 92' lang='lat' dir='ltr'>inde</span> <span class='ocrx_word' id='word_1_296' title='bbox 1360 2119 1532 2166; x_wconf 82' lang='lat' dir='ltr'>gratiam</span> 
     </span>
     <span class='ocr_line' id='line_1_35' title="bbox 74 2166 1532 2220; baseline 0.003 -14"><span class='ocrx_word' id='word_1_297' title='bbox 74 2167 181 2220; x_wconf 89' lang='lat' dir='ltr'>apud</span> <span class='ocrx_word' id='word_1_298' title='bbox 212 2166 406 2220; x_wconf 87' lang='lat' dir='ltr'>populum</span> <span class='ocrx_word' id='word_1_299' title='bbox 438 2169 611 2208; x_wconf 50' lang='lat' dir='ltr'>iniret‘fi</span> <span class='ocrx_word' id='word_1_300' title='bbox 673 2168 945 2219; x_wconf 87' lang='lat' dir='ltr'>Posteaquam</span> <span class='ocrx_word' id='word_1_301' title='bbox 986 2183 1007 2207; x_wconf 92' lang='lat' dir='ltr'>a</span> <span class='ocrx_word' id='word_1_302' title='bbox 1047 2171 1164 2208; x_wconf 91' lang='lat' dir='ltr'>bonis</span> <span class='ocrx_word' id='word_1_303' title='bbox 1204 2184 1295 2209; x_wconf 89' lang='lat' dir='ltr'>eum</span> <span class='ocrx_word' id='word_1_304' title='bbox 1328 2171 1532 2211; x_wconf 88' lang='lat' dir='ltr'>dissidere</span> 
     </span>
     <span class='ocr_line' id='line_1_36' title="bbox 73 2222 1531 2277; baseline 0.003 -15"><span class='ocrx_word' id='word_1_305' title='bbox 73 2224 192 2274; x_wconf 70' lang='lat' dir='ltr'>dixit,</span> <span class='ocrx_word' id='word_1_306' title='bbox 224 2222 322 2274; x_wconf 89' lang='lat' dir='ltr'>quid</span> <span class='ocrx_word' id='word_1_307' title='bbox 354 2237 375 2261; x_wconf 87' lang='lat' dir='ltr'>a</span> <span class='ocrx_word' id='word_1_308' title='bbox 404 2224 546 2276; x_wconf 86' lang='lat' dir='ltr'>populi</span> <span class='ocrx_word' id='word_1_309' title='bbox 578 2226 605 2264; x_wconf 83' lang='lat' dir='ltr'>i.</span> <span class='ocrx_word' id='word_1_310' title='bbox 638 2236 672 2264; x_wconf 85' lang='lat' dir='ltr'>e.</span> <span class='ocrx_word' id='word_1_311' title='bbox 704 2224 980 2264; x_wconf 89' lang='lat' dir='ltr'>multitudinis</span> <span class='ocrx_word' id='word_1_312' title='bbox 1011 2228 1194 2277; x_wconf 88' lang='lat' dir='ltr'>partibus</span> <span class='ocrx_word' id='word_1_313' title='bbox 1227 2233 1338 2266; x_wconf 89' lang='lat' dir='ltr'>stans</span> <span class='ocrx_word' id='word_1_314' title='bbox 1370 2237 1531 2268; x_wconf 90' lang='lat' dir='ltr'>secutus</span> 
     </span>
     <span class='ocr_line' id='line_1_37' title="bbox 73 2279 1532 2329; baseline 0.005 -12"><span class='ocrx_word' id='word_1_315' title='bbox 73 2281 154 2328; x_wconf 85' lang='lat' dir='ltr'>sit,</span> <span class='ocrx_word' id='word_1_316' title='bbox 201 2279 401 2329; x_wconf 83' lang='lat' dir='ltr'>adiungit.</span> <span class='ocrx_word' id='word_1_317' title='bbox 473 2281 646 2318; x_wconf 87' lang='lat' dir='ltr'>Secutus</span> <span class='ocrx_word' id='word_1_318' title='bbox 698 2286 832 2319; x_wconf 90' lang='lat' dir='ltr'>autem</span> <span class='ocrx_word' id='word_1_319' title='bbox 881 2287 947 2319; x_wconf 90' lang='lat' dir='ltr'>est</span> <span class='ocrx_word' id='word_1_320' title='bbox 994 2295 1136 2320; x_wconf 90' lang='lat' dir='ltr'>omnes</span> <span class='ocrx_word' id='word_1_321' title='bbox 1176 2283 1432 2323; x_wconf 89' lang='lat' dir='ltr'>rumusculos</span> <span class='ocrx_word' id='word_1_322' title='bbox 1474 2299 1532 2326; x_wconf 85' lang='lat' dir='ltr'>sc.</span> 
     </span>
     <span class='ocr_line' id='line_1_38' title="bbox 72 2332 1530 2389; baseline 0.005 -16"><span class='ocrx_word' id='word_1_323' title='bbox 72 2332 294 2386; x_wconf 87' lang='lat' dir='ltr'>populares</span> <span class='ocrx_word' id='word_1_324' title='bbox 338 2332 705 2386; x_wconf 85' lang='lat' dir='ltr'>(quemadmodum</span> <span class='ocrx_word' id='word_1_325' title='bbox 747 2337 941 2374; x_wconf 88' lang='lat' dir='ltr'>similiter</span> <span class='ocrx_word' id='word_1_326' title='bbox 979 2351 1053 2389; x_wconf 89' lang='lat' dir='ltr'>pro</span> <span class='ocrx_word' id='word_1_327' title='bbox 1087 2337 1249 2379; x_wconf 85' lang='lat' dir='ltr'>Cluent.</span> <span class='ocrx_word' id='word_1_328' title='bbox 1281 2340 1347 2380; x_wconf 73' lang='lat'>28.</span> <span class='ocrx_word' id='word_1_329' title='bbox 1382 2341 1449 2380; x_wconf 76' lang='lat'>77.</span> <span class='ocrx_word' id='word_1_330' title='bbox 1481 2342 1530 2381; x_wconf 88' lang='lat' dir='ltr'><strong>L.</strong></span> 
     </span>
     <span class='ocr_line' id='line_1_39' title="bbox 72 2390 1532 2443; baseline 0.005 -15"><span class='ocrx_word' id='word_1_331' title='bbox 72 2391 287 2441; x_wconf 78' lang='lat' dir='ltr'>Quintius,</span> <span class='ocrx_word' id='word_1_332' title='bbox 326 2390 449 2428; x_wconf 87' lang='lat' dir='ltr'>homo</span> <span class='ocrx_word' id='word_1_333' title='bbox 488 2393 663 2429; x_wconf 87' lang='lat' dir='ltr'>maxime</span> <span class='ocrx_word' id='word_1_334' title='bbox 701 2392 910 2443; x_wconf 86' lang='lat' dir='ltr'>popularis</span> <span class='ocrx_word' id='word_1_335' title='bbox 946 2406 1088 2432; x_wconf 90' lang='lat' dir='ltr'>omnes</span> <span class='ocrx_word' id='word_1_336' title='bbox 1120 2409 1326 2434; x_wconf 89' lang='lat' dir='ltr'>rumorum</span> <span class='ocrx_word' id='word_1_337' title='bbox 1361 2401 1402 2434; x_wconf 91' lang='lat' dir='ltr'>et</span> <span class='ocrx_word' id='word_1_338' title='bbox 1433 2411 1532 2436; x_wconf 92' lang='lat' dir='ltr'>con—</span> 
     </span>
     <span class='ocr_line' id='line_1_40' title="bbox 76 2445 1532 2506; baseline 0.005 -20"><span class='ocrx_word' id='word_1_339' title='bbox 76 2449 240 2486; x_wconf 88' lang='lat' dir='ltr'>cionum</span> <span class='ocrx_word' id='word_1_340' title='bbox 261 2450 408 2485; x_wconf 86' lang='lat' dir='ltr'>uentos</span> <span class='ocrx_word' id='word_1_341' title='bbox 429 2445 646 2498; x_wconf 79' lang='lat' dir='ltr'>collegisse</span> <span class='ocrx_word' id='word_1_342' title='bbox 664 2446 837 2502; x_wconf 87' lang='lat' dir='ltr'>dicitur)</span> <span class='ocrx_word' id='word_1_343' title='bbox 858 2448 982 2500; x_wconf 88' lang='lat' dir='ltr'>idque</span> <span class='ocrx_word' id='word_1_344' title='bbox 999 2449 1182 2503; x_wconf 86' lang='lat' dir='ltr'>populari</span> <span class='ocrx_word' id='word_1_345' title='bbox 1201 2454 1358 2490; x_wconf 84' lang='lat' dir='ltr'>ratione</span> <span class='ocrx_word' id='word_1_346' title='bbox 1376 2451 1532 2506; x_wconf 88' lang='lat' dir='ltr'>(durch</span> 
     </span>
     <span class='ocr_line' id='line_1_41' title="bbox 76 2501 1531 2561; baseline 0.007 -19"><span class='ocrx_word' id='word_1_347' title='bbox 76 2505 193 2543; x_wconf 84' lang='lat' dir='ltr'>seine</span> <span class='ocrx_word' id='word_1_348' title='bbox 213 2503 539 2542; x_wconf 86' lang='lat' dir='ltr'>democratische</span> <span class='ocrx_word' id='word_1_349' title='bbox 562 2501 779 2557; x_wconf 79' lang='lat' dir='ltr'>Haltung).</span> <span class='ocrx_word' id='word_1_350' title='bbox 829 2505 1048 2558; x_wconf 87' lang='lat' dir='ltr'>Genitiuo,</span> <span class='ocrx_word' id='word_1_351' title='bbox 1084 2521 1201 2560; x_wconf 89' lang='lat' dir='ltr'>quem</span> <span class='ocrx_word' id='word_1_352' title='bbox 1227 2508 1404 2561; x_wconf 85' lang='lat' dir='ltr'>perinde</span> <span class='ocrx_word' id='word_1_353' title='bbox 1431 2510 1472 2552; x_wconf 80' lang='lat' dir='ltr'>h.</span> <span class='ocrx_word' id='word_1_354' title='bbox 1502 2509 1531 2552; x_wconf 79' lang='lat' dir='ltr'>l.</span> 
     </span>
    </p>
   </div>
   <div class='ocr_carea' id='block_1_4' title="bbox 70 2599 339 2607">
    <p class='ocr_par' dir='ltr' id='par_1_6' title="bbox 70 2599 339 2607">
     <span class='ocr_line' id='line_1_42' title="bbox 70 2599 339 2607; baseline 0 585"><span class='ocrx_word' id='word_1_355' title='bbox 70 2599 339 2607; x_wconf 95' lang='lat' dir='ltr'> </span> 
     </span>
    </p>
   </div>
   <div class='ocr_carea' id='block_1_5' title="bbox 70 2650 1531 2835">
    <p class='ocr_par' dir='ltr' id='par_1_7' title="bbox 70 2650 1531 2835">
     <span class='ocr_line' id='line_1_43' title="bbox 162 2650 1531 2702; baseline 0.007 -19"><span class='ocrx_word' id='word_1_356' title='bbox 162 2650 195 2693; x_wconf 78' lang='lat'>‘)</span> <span class='ocrx_word' id='word_1_357' title='bbox 221 2651 257 2684; x_wconf 87' lang='lat' dir='ltr'>in</span> <span class='ocrx_word' id='word_1_358' title='bbox 283 2651 345 2684; x_wconf 70' lang='lat' dir='ltr'>vd.</span> <span class='ocrx_word' id='word_1_359' title='bbox 384 2655 420 2685; x_wconf 88' lang='lat' dir='ltr'>ct</span> <span class='ocrx_word' id='word_1_360' title='bbox 453 2652 565 2687; x_wconf 85' lang='lat' dir='ltr'>Brux.</span> <span class='ocrx_word' id='word_1_361' title='bbox 600 2664 680 2686; x_wconf 80' lang='lat' dir='ltr'>eam</span> <span class='ocrx_word' id='word_1_362' title='bbox 718 2653 847 2695; x_wconf 76' lang='lat' dir='ltr'>fuisse,</span> <span class='ocrx_word' id='word_1_363' title='bbox 885 2654 919 2688; x_wconf 88' lang='lat' dir='ltr'>id</span> <span class='ocrx_word' id='word_1_364' title='bbox 948 2654 1041 2697; x_wconf 87' lang='lat' dir='ltr'>quod</span> <span class='ocrx_word' id='word_1_365' title='bbox 1067 2655 1178 2688; x_wconf 84' lang='lat' dir='ltr'>Gzius</span> <span class='ocrx_word' id='word_1_366' title='bbox 1206 2657 1362 2699; x_wconf 77' lang='lat' dir='ltr'>tradidit,</span> <span class='ocrx_word' id='word_1_367' title='bbox 1386 2663 1531 2702; x_wconf 82' lang='lat' dir='ltr'>propter</span> 
     </span>
     <span class='ocr_line' id='line_1_44' title="bbox 70 2695 1531 2743; baseline 0.006 -15"><span class='ocrx_word' id='word_1_368' title='bbox 70 2695 294 2739; x_wconf 83' lang='lat' dir='ltr'>reliquorum</span> <span class='ocrx_word' id='word_1_369' title='bbox 338 2697 425 2731; x_wconf 87' lang='lat' dir='ltr'>dett.</span> <span class='ocrx_word' id='word_1_370' title='bbox 462 2699 563 2731; x_wconf 85' lang='lat' dir='ltr'>codd.</span> <span class='ocrx_word' id='word_1_371' title='bbox 599 2699 862 2732; x_wconf 78' lang='lat' dir='ltr'>dissensionem</span> <span class='ocrx_word' id='word_1_372' title='bbox 909 2711 1035 2743; x_wconf 85' lang='lat' dir='ltr'>parum</span> <span class='ocrx_word' id='word_1_373' title='bbox 1068 2701 1240 2735; x_wconf 87' lang='lat' dir='ltr'>credibile</span> <span class='ocrx_word' id='word_1_374' title='bbox 1277 2708 1352 2743; x_wconf 83' lang='lat' dir='ltr'>est3</span> <span class='ocrx_word' id='word_1_375' title='bbox 1395 2705 1425 2737; x_wconf 87' lang='lat' dir='ltr'>si</span> <span class='ocrx_word' id='word_1_376' title='bbox 1461 2705 1531 2737; x_wconf 84' lang='lat' dir='ltr'>fuit</span> 
     </span>
     <span class='ocr_line' id='line_1_45' title="bbox 71 2745 1527 2783; baseline 0.006 -9"><span class='ocrx_word' id='word_1_377' title='bbox 71 2747 207 2782; x_wconf 69' lang='lat' dir='ltr'>tamen,</span> <span class='ocrx_word' id='word_1_378' title='bbox 233 2745 294 2775; x_wconf 80' lang='lat' dir='ltr'>aut</span> <span class='ocrx_word' id='word_1_379' title='bbox 318 2753 442 2776; x_wconf 85' lang='lat' dir='ltr'>errore</span> <span class='ocrx_word' id='word_1_380' title='bbox 469 2749 530 2777; x_wconf 81' lang='lat' dir='ltr'>aut</span> <span class='ocrx_word' id='word_1_381' title='bbox 557 2745 708 2777; x_wconf 86' lang='lat' dir='ltr'>consilio</span> <span class='ocrx_word' id='word_1_382' title='bbox 735 2746 904 2778; x_wconf 85' lang='lat' dir='ltr'>mendum</span> <span class='ocrx_word' id='word_1_383' title='bbox 930 2746 1103 2779; x_wconf 88' lang='lat' dir='ltr'>omissum</span> <span class='ocrx_word' id='word_1_384' title='bbox 1130 2753 1194 2780; x_wconf 83' lang='lat' dir='ltr'>est.</span> <span class='ocrx_word' id='word_1_385' title='bbox 1242 2749 1283 2781; x_wconf 91' lang='lat' dir='ltr'>In</span> <span class='ocrx_word' id='word_1_386' title='bbox 1309 2755 1426 2783; x_wconf 81' lang='lat' dir='ltr'>annot.</span> <span class='ocrx_word' id='word_1_387' title='bbox 1450 2750 1527 2783; x_wconf 78' lang='lat' dir='ltr'>crit.</span> 
     </span>
     <span class='ocr_line' id='line_1_46' title="bbox 70 2788 1294 2835; baseline 0.006 -15"><span class='ocrx_word' id='word_1_388' title='bbox 70 2798 134 2830; x_wconf 82' lang='lat' dir='ltr'>pro</span> <span class='ocrx_word' id='word_1_389' title='bbox 158 2788 303 2824; x_wconf 77' lang='lat' dir='ltr'>nobis</span> <span class='ocrx_word' id='word_1_390' title='bbox 319 2813 330 2830; x_wconf 92' lang='lat'>,</span> <span class='ocrx_word' id='word_1_391' title='bbox 355 2790 451 2833; x_wconf 87' lang='lat' dir='ltr'>quod</span> <span class='ocrx_word' id='word_1_392' title='bbox 475 2791 539 2824; x_wconf 88' lang='lat' dir='ltr'>Dr.</span> <span class='ocrx_word' id='word_1_393' title='bbox 564 2790 594 2824; x_wconf 93' lang='lat'><strong>1.</strong></span> <span class='ocrx_word' id='word_1_394' title='bbox 616 2790 738 2832; x_wconf 80' lang='lat' dir='ltr'>tribui,</span> <span class='ocrx_word' id='word_1_395' title='bbox 764 2791 1021 2835; x_wconf 79' lang='lat' dir='ltr'>corrigendum</span> <span class='ocrx_word' id='word_1_396' title='bbox 1046 2797 1100 2826; x_wconf 83' lang='lat' dir='ltr'>est</span> <span class='ocrx_word' id='word_1_397' title='bbox 1124 2793 1294 2827; x_wconf 88' lang='lat' dir='ltr'>nobili.</span> 
     </span>
    </p>
   </div>
  </div>
 </body>
</html>
