1791 3192
667 194 953 229 PRAEFATIO.
1415 193 1547 227 xxvn

8 323 13 327 -
78 298 235 349 positas
269 299 342 334 uiri
374 296 483 336 docti
506 298 614 334 inter
636 309 679 334 se
702 296 965 333 consentiunt
980 292 1050 348 ἦε);
1082 295 1125 333 id
1148 295 1255 346 quod
1279 295 1347 334 uel
1369 298 1544 336 maxime

76 366 339 415 cognoscitur
369 377 417 402 ex
445 364 601 403 duobus
631 362 746 400 libris
778 362 1094 413 posterioribus,
1126 364 1168 400 in
1200 363 1343 413 quibus
1373 362 1451 402 alia
1474 364 1541 402 di-

76 431 255 482 ligenter
286 435 458 469 tractata
489 437 583 468 sunt
612 435 654 467 et
684 430 865 480 copiose,
897 428 974 466 alia
997 430 1131 468 obiter
1148 442 1341 482 percursa
1367 435 1410 468 et
1432 435 1541 469 tacta

75 498 241 536 leuiter.
275 498 359 536 Cfr.
385 493 465 546 ΙΙΙ,
494 496 567 545 19;
599 493 657 546 ΙΙ,
680 495 755 544 323
788 492 846 545 ΙΙ,
870 494 948 545 42;
978 493 1035 547 II,
1061 496 1135 546 34'3
1169 493 1250 546 ΙΙΙ,
1275 494 1348 545 4Ο;
1373 492 1455 546 ΙΙΙ,
1473 495 1542 538 43.

77 567 261 615 Cumque
290 565 369 602 hoc
399 564 534 614 ipsum
564 565 766 602 sermonis
797 578 879 602 non
913 563 1013 601 editi
1044 566 1179 615 possit
1209 577 1377 602 mouere
1401 568 1539 617 suspi-

76 635 257 681 cionem,
296 634 444 684 quippe
485 645 575 669 cum
609 630 770 669 Tullius
812 631 937 669 edere
979 644 1059 669 non
1097 630 1253 668 soleret
1291 630 1419 669 libros
1459 634 1538 671 nisi

74 698 300 752 perpolitos
339 699 413 747 (cf.
454 698 506 737 ad
545 699 633 737 Att.
671 699 779 749 xlv,
816 699 881 739 17.
915 698 995 744 6.):
1037 705 1123 735 tum
1170 698 1346 735 maxime
1385 698 1539 738 editum

72 779 153 804 non
187 779 279 804 esse
309 767 571 804 confirmatur
602 779 667 815 eo,
701 766 807 817 quod
840 768 927 804 eius
959 766 1212 803 mentionem
1241 778 1322 803 non
1347 766 1449 804 fecit
1470 781 1539 806 us-

73 846 206 884 quam,
237 846 289 871 ne
320 835 370 871 iis
402 833 567 884 quidem
598 833 725 883 locis,
760 834 929 884 quibus,
962 834 996 870 si
1029 831 1166 870 editus
1199 838 1336 883 esset,
1369 833 1537 873 silentio

74 914 165 939 eum
194 902 529 952 praetermittere
573 914 653 938 non
684 902 842 951 potuit,
883 900 935 937 de
966 901 1060 939 Diu⁴
1093 896 1150 950 II,
1188 900 1221 940 1.
1254 901 1354 939 Tuc.
1388 898 1467 953 IV,
1502 904 1540 948 1.

72 969 183 1008 Brut,
216 968 257 1017 5,
291 966 358 1007 19.
417 969 519 1006 Nam
551 968 742 1006 assentiri
774 980 852 1004 non
884 981 1052 1018 possum
1082 970 1127 1006 A.
1161 968 1208 1006 G.
1237 970 1448 1021 Zumpti0‚
1487 970 1539 1008 de

71 1037 161 1073 Diu.
195 1031 254 1083 ΙΙ,
291 1034 322 1073 1.
366 1036 441 1073 hos
483 1035 610 1074 libros
658 1037 969 1072 commemorari
1016 1049 1095 1073 non
1144 1037 1331 1088 potuisse
1366 1036 1538 1087 dicenti,

72 1103 163 1153 quia
186 1115 267 1139 non
292 1107 557 1140 uersarentur
579 1104 620 1140 in
644 1115 798 1153 genere
820 1101 1124 1153 philosophico.
1171 1103 1372 1140 Nimirum
1395 1102 1539 1154 libros,

70 1182 170 1220 quos
202 1169 253 1207 ad
283 1168 478 1221 populum
511 1171 677 1222 optimis
707 1171 860 1207 artibus
883 1169 1185 1208 instituendum
1207 1169 1426 1221 edidisset,
1458 1184 1541 1209 non

69 1236 190 1275 modo
227 1236 534 1288 philosophicos
585 1243 872 1275 enumeratum
913 1249 1041 1286 aeque
1078 1241 1221 1287 parata
1261 1243 1348 1276 erat
1387 1252 1539 1290 oppor-

67 1306 221 1343 tunitas
269 1305 385 1342 huius
424 1305 625 1342 sermonis
665 1302 1013 1341 commemorandi
1056 1307 1178 1354 atque.
1229 1310 1297 1342 aut
1338 1308 1540 1344 sermonis

69 1371 120 1410 de
157 1384 244 1423 rep.
285 1372 416 1409 habiti
458 1377 527 1409 aut
564 1370 761 1409 librorum
791 1372 1107 1410 rhetoricorum.
1169 1372 1252 1410 Fac
1286 1377 1423 1411 tamen
1457 1387 1538 1412 non

69 1439 223 1479 fuisse:
257 1437 353 1489 quid
392 1439 519 1488 igitur
557 1438 777 1488 Tusc.1V‚
815 1439 850 1477 1.
891 1451 982 1476 eum
1012 1439 1249 1490 prohibuit,
1284 1453 1362 1490 quo
1405 1442 1538 1479 minus

68 1507 144 1544 hos
173 1504 300 1543 libros
337 1519 414 1544 una
445 1519 535 1544 cum
566 1504 683 1543 libris
724 1504 776 1543 de
810 1518 901 1556 rep.
941 1505 1310 1545 commemoraret?
1370 1509 1424 1546 Et
1463 1522 1540 1560 quo

69 1573 236 1611 tandem
271 1571 392 1609 modo
423 1573 464 1609 in
497 1572 609 1611 Brut.
643 1572 684 1622 5,
715 1570 780 1612 19.
810 1570 925 1610 libris
957 1572 1009 1610 de
1039 1586 1130 1624 rep.
1161 1574 1284 1612 editis
1307 1575 1408 1613 nihil
1440 1591 1462 1615 a
1494 1591 1539 1615 se

73 1641 228 1679 editum
262 1653 355 1677 esse
386 1639 525 1677 dicere
553 1641 705 1691 potuit,
739 1641 773 1677 si
802 1639 896 1678 libri
930 1640 980 1678 de
1009 1638 1170 1690 legibus
1198 1644 1364 1680 interim
1397 1651 1539 1682 essent

70 1705 202 1746 editi?
263 1707 307 1745 Si
340 1712 476 1745 autem
509 1721 541 1746 a.
574 1706 669 1747 708.
704 1715 772 1745 aut
804 1707 901 1758 710,
935 1722 1025 1746 cum
1051 1708 1222 1745 Brutum
1255 1714 1297 1746 et
1326 1708 1455 1749 libros
1487 1712 1539 1750 de

67 1774 333 1812 Diuinatione
365 1776 556 1826 scripsit,
586 1774 765 1813 nondum
797 1774 900 1814 editi
933 1774 1073 1826 erant,
1105 1780 1276 1827 propter
1306 1779 1367 1815 rei
1397 1778 1537 1830 publi-

70 1854 142 1880 cae
184 1846 335 1880 statum
380 1855 549 1893 prorsus
589 1847 881 1881 commutatum
924 1842 1052 1892 tales,
1103 1841 1244 1893 quales
1286 1858 1393 1884 nunc
1426 1842 1538 1897 sunt,

67 1909 300 1959 posteriore
337 1914 524 1960 tempore
557 1923 577 1946 a
610 1909 808 1947 Cicerone
838 1911 880 1948 in
907 1909 1043 1948 lucem
1077 1909 1143 1947 edi
1185 1922 1265 1949 non
1297 1918 1536 1964 potuerunt.

68 1975 150 2014 Sed
173 1977 331 2013 exstitit
351 1982 489 2014 nostra
510 1982 659 2027 aetate,
691 1980 755 2029 qui
777 1984 872 2030 post
895 1978 1203 2030 Chapmannum
1221 1977 1394 2027 Anglum
1417 1979 1535 2025 (diss.

69 2043 121 2081 de
147 2049 282 2080 aetate
302 2042 499 2080 librorum
533 2043 585 2080 de
608 2042 778 2095 legibus.
827 2046 945 2085 Cant.
968 2044 1106 2092 1741.)
1137 2043 1264 2084 libros
1296 2045 1347 2083 de
1377 2045 1538 2097 legibus

64 2108 151 2149 illic
182 2116 521 2148 commemoratos
558 2123 640 2149 non
684 2126 777 2151 esse
810 2113 970 2152 diceret
1008 2119 1254 2165 propterea,
1293 2113 1401 2163 quod
1429 2127 1535 2151 non-

66 2176 161 2215 dum
197 2178 340 2229 scripti
382 2178 563 2216 fuissent
610 2181 891 2232 tribueretque
939 2194 1009 2220 eos
1056 2194 1161 2220 anno
1207 2178 1304 2220 709.
1337 2179 1534 2222 ue1710.

67 2244 184 2294 Quod
211 2248 246 2284 si
287 2248 346 2284 ita
378 2252 513 2294 esset,
547 2254 759 2286 corrueret
800 2263 899 2289 sane
930 2255 1072 2287 nostra
1103 2248 1435 2300 reliquorumque
1467 2250 1533 2286 in-

64 2317 293 2364 terpretum
332 2326 465 2365 paene
507 2316 684 2353 omnium
732 2320 939 2356 sententia
981 2317 1032 2355 de
1070 2318 1149 2355 hoc
1191 2330 1381 2355 sermone
1426 2330 1533 2355 nun-

66 2390 184 2426 quam
215 2392 237 2416 a
266 2379 467 2419 Cicerone
499 2381 626 2421 edito.
686 2385 741 2422 At
771 2398 868 2424 uero
889 2385 973 2424 labi
1005 2385 1202 2423 Peterum
1225 2385 1275 2430 (is
1299 2385 1407 2422 enim
1426 2385 1533 2422 hanc

67 2445 316 2483 sententiam
344 2449 452 2485 tueri
482 2457 650 2489 conatus
683 2456 747 2490 est
777 2454 819 2491 in
851 2466 940 2493 exc.
973 2455 1115 2504 tertio,
1148 2465 1270 2504 quem
1299 2452 1417 2489 Bruti
1440 2451 1531 2490 edi-

65 2510 167 2548 tioni
197 2511 396 2564 adiunxit,
423 2513 643 2556 luculentis
666 2521 904 2570 quibusdam
928 2525 1177 2576 argumentis
1201 2520 1532 2571 comprobabitur

539 2636 581 2643 ——s

150 2702 182 2742 “)
223 2715 314 2737 unus
350 2707 389 2739 Λ,
426 2708 470 2745 G,
509 2706 694 2749 zumptius
730 2708 764 2742 in
801 2712 915 2753 praef.
943 2725 978 2755 p.
1006 2712 1085 2745 613.
1127 2722 1253 2754 parum
1290 2714 1385 2743 recte
1421 2721 1533 2752 nuper

66 2765 188 2793 contra
214 2760 344 2794 dixisse
370 2763 524 2797 uidetur.
