1781 3192
451 207 610 246 {ABER
639 205 943 245 SECUNDUS.
991 204 1092 246 cap,
1128 204 1177 245 V.
1460 204 1546 243 157

83 321 338 370 declararet,
378 319 486 371 quod
531 319 792 365 iuberentur-3
835 317 1062 368 eademque
1101 316 1155 355 de
1184 328 1305 355 eausa
1335 312 1366 355 l.
1399 317 1431 367 ᾧ.
1465 316 1536 356 43.

85 380 186 417 dixit
216 382 355 415 iussa
384 374 623 427 populorum
656 378 698 412 et
731 375 943 412 coniunxit
973 376 1088 412 iura
1113 378 1156 411 et
1186 374 1324 412 iussa
1355 372 1385 411 l.
1411 373 1444 422 ξ.
1477 373 1537 412 17.

197 444 406 483 nomine
446 442 586 492 legis
626 440 1047 493 interpretando
1090 441 1118 479 i.
1157 452 1195 478 e.
1233 440 1358 478 Bakio
1407 442 1540 478 inter-

84 507 202 554 prete
242 503 280 538 in
325 501 414 550 ipso
457 499 620 535 nomine
660 497 788 548 legis,
828 499 861 535 si
902 498 1206 548 interpreteris,
1276 497 1377 535 Nam
1423 509 1539 535 casus

85 558 271 607 obliquos
314 559 415 605 part.
457 554 530 594 sut.
568 566 676 604 paSS.
719 555 903 604 usurpari
948 558 1108 591 constat
1141 565 1212 603 pro
1244 554 1402 591 casibus
1434 552 1540 591 obli-

87 615 176 664 quis
199 616 304 662 part.
329 610 487 661 imperf.
512 623 621 662 pass.
644 610 836 647 Ernestio
862 611 948 647 sine
970 622 1090 647 causa
1123 609 1539 660 interpretando

85 666 310 720 displicuit.

200 724 313 761 ueri
344 719 578 772 legendi]
646 720 763 772 Quod
797 734 844 759 ex
876 719 1084 772 plerisque
1116 719 1234 760 codd.
1273 719 1374 759 dett.
1407 725 1543 758 trans-

85 778 213 818 latum
246 783 311 816 est
354 779 392 815 iu
426 779 459 816 A
500 779 635 816 iuris
678 777 916 827 colendi,
960 780 1107 815 merito
1149 781 1315 829 praeter
1351 777 1463 814 Uict.
1503 782 1545 814 et

86 836 222 875 Lamb.
260 846 382 872 nemo
422 836 626 885 probauit.
695 834 748 872 Et
798 835 921 871 uerba
972 832 1267 884 praecedentia
1315 830 1389 885 (in
1429 833 1544 884 ipso

83 892 292 930 nomine
323 888 461 940 legis
489 886 740 942 interpr.)
775 895 816 927 et
839 903 903 939 ca,
936 890 1093 940 quael.
1132 889 1166 939 ᾗ.
1191 887 1232 929 9.
1263 890 1402 940 posuit
1428 887 1545 942 (nos

86 945 330 985 delectus
363 948 462 983 uim
496 948 542 983 in
583 945 702 995 lege
742 943 1010 998 ponimus)
1054 957 1194 983 uerum
1236 957 1329 982 esse
1371 951 1546 995 arguunt

84 1002 333 1053 legendi,
386 1003 492 1051 quod
541 1007 605 1039 est
644 1004 682 1039 in
721 1002 958 1051 quibusdam
998 1001 1116 1040 codd.
1158 1000 1420 1049 melioribus3
1468 1013 1545 1038 nec

86 1068 223 1098 tamen
266 1059 404 1096 iuris
446 1057 684 1108 legendi,
737 1057 844 1107 quod
883 1071 903 1094 a
944 1057 1068 1094 Bakio
1115 1061 1350 1107 excerptum
1393 1061 1459 1094 est
1499 1069 1548 1094 ex

87 1115 177 1155 cod.
210 1113 238 1154 δ
267 1115 573 1165 probaruntque
603 1119 698 1164 post
727 1113 839 1150 Turn
884 1113 998 1151 Man.
1023 1112 1125 1151 Dan.
1156 1112 1321 1163 reliqui,
1353 1116 1470 1149 recte
1501 1124 1547 1149 se

86 1172 224 1210 habet.
285 1170 375 1207 Non
408 1170 514 1206 enim
552 1171 613 1206 ius
646 1170 776 1220 ipsum
809 1168 974 1219 legitur,
1009 1168 1083 1206 sed
1116 1168 1174 1218 id,
1207 1168 1316 1219 quod
1346 1168 1424 1205 iuri
1447 1181 1547 1205 con·

89 1231 329 1266 sentaneum
382 1229 461 1263 est.
530 1225 596 1262 Et*
626 1230 857 1262 monstrant
898 1236 999 1262 sane
1037 1224 1186 1262 menda
1223 1223 1291 1261 uel
1332 1222 1547 1261 meliorum

88 1282 216 1338 (uim
247 1278 491 1333 legendi)
523 1280 589 1318 uel
622 1280 872 1318 deteriorum
907 1280 1158 1331 quorundam
1192 1278 1547 1335 (iurulenti—

88 1333 382 1390 uirulenti)
416 1336 536 1375 aliam
577 1336 821 1375 emendandi
866 1339 987 1386 uiam,
1028 1350 1145 1388 quam
1186 1337 1351 1387 egregie
1394 1337 1550 1387 primus

89 1396 238 1434 Bakius
271 1395 363 1432 iniit
392 1394 616 1431 coniiciens
654 1394 780 1430 iusti
815 1397 866 1430 et
898 1395 1010 1432 ueri
1040 1393 1272 1444 legendi.
1341 1391 1404 1431 Cf.
1443 1404 1548 1443 quae

90 1453 141 1490 de
171 1452 246 1489 hac
277 1450 396 1487 huius
429 1448 625 1486 adiectiui
657 1450 696 1486 ui
729 1448 811 1485 dixi
844 1445 899 1486 Il.
933 1448 965 1498 ᾗ.
1003 1449 1068 1489 11.

207 1518 239 1568 ξ,
276 1516 339 1557 12,
402 1520 454 1552 ut
484 1514 568 1552 illi
602 1519 869 1566 quaerunt
902 1528 960 1554 sc.
987 1516 1131 1553 Stoici.
1195 1515 1477 1565 Quaerere,
1507 1520 1550 1553 ut

93 1585 340 1623 Graecorum
375 1571 607 1633 ἐρωτᾷν,
650 1581 800 1619 dicitur
837 1581 889 1619 de
931 1581 1169 1632 syllogismo
1208 1594 1283 1633 per
1323 1583 1554 1633 interroga-

93 1642 246 1678 tionem
280 1639 451 1688 effecto,
495 1637 835 1689 quemadmodum
880 1637 975 1675 alibi
1020 1637 1172 1676 dicitur
1210 1639 1553 1688 interrogare

92 1702 134 1733 et
168 1693 712 1744 interrogatiuncula.
774 1693 841 1731 Cf.
873 1693 1012 1734 Mad-a.
1047 1694 1097 1731 de
1124 1694 1217 1731 Fin.
1250 1691 1284 1745 l,
1322 1694 1385 1734 11.
1419 1692 1488 1734 39.

209 1774 304 1812 quo
335 1763 374 1799 si
417 1763 612 1799 ciuitas
653 1760 852 1810 careat]
922 1761 1036 1799 Haec
1076 1762 1117 1798 in
1160 1774 1208 1799 eo
1249 1775 1399 1812 genere
1442 1771 1554 1810 sunt,

89 1818 142 1857 de
181 1831 257 1868 quo
291 1817 370 1855 dixi
405 1813 434 1856 Ι.
468 1818 501 1866 ξ.
534 1818 603 1858 62.
672 1817 733 1855 Ad
777 1821 958 1854 nostram
998 1817 1336 1855 consuetudinem
1379 1819 1413 1855 si
1451 1818 1555 1855 haec

94 1873 405 1913 accommodare
448 1872 603 1921 uelles,
649 1874 706 1910 sic
738 1873 819 1910 dici
854 1874 1057 1924 oportuit:
1099 1873 1155 1911 id
1192 1879 1344 1912 estne
1382 1887 1553 1911 nume-

88 1929 314 1969 randum
350 1931 394 1966 in
428 1929 607 1977 bonis,
641 1942 738 1979 quo
770 1929 981 1980 ciuitas,
1014 1930 1057 1967 si
1089 1942 1148 1967 eo
1180 1935 1372 1979 careat,
1403 1928 1552 1968 nullo

92 1988 164 2024 sit
210 1985 324 2023 loco
377 1985 624 2022 habenda.
693 1985 790 2023 Sine
839 1998 958 2023 causa
1002 1984 1152 2023 Bakius
1185 1985 1272 2023 his:
1323 1985 1456 2036 quod
1497 1998 1554 2023 eo

92 2046 276 2080 careat
306 2042 666 2091 interpretamenti
698 2042 974 2091 suspicionem
1008 2041 1201 2080 admouit.

207 2114 365 2146 estne
397 2109 454 2145 ob
487 2108 604 2159 ips.]
666 2108 798 2145 Recte
838 2120 928 2145 cum
968 2108 1110 2159 Steph.
1141 2108 1251 2146 Man.
1282 2109 1424 2146 Lamb.
1455 2108 1557 2147 Dau-

95 2164 329 2215 Maduigius
359 2177 495 2214 progr.
527 2178 567 2216 p.
592 2162 631 2203 9.
665 2169 705 2201 et
732 2164 879 2201 Bakius
911 2163 1125 2202 meliorum
1157 2163 1293 2203 codd.‘
1314 2165 1559 2215 scripturam

93 2225 252 2260 estne
283 2226 558 2269 reuocarunt,
598 2232 688 2257 cum
728 2225 824 2271 post
866 2220 1089 2258 Uictoriam
1124 2220 1223 2258 Ern.
1254 2220 1398 2270 Wagn.
1431 2221 1559 2260 Goer.

95 2278 191 2316 Sch.
223 2277 331 2315 Mos.
364 2277 436 2314 Or.
482 2289 531 2314 ex
562 2276 664 2316 dett.
698 2276 935 2326 quibusdam
970 2275 1091 2314 codd.
1123 2288 1254 2314 anne
1284 2277 1559 2328 recepissent,

98 2333 285 2383 „quia“‚
328 2337 371 2370 ut
403 2333 529 2371 Goer.
571 2334 652 2381 ait,
695 2338 886 2381 „estne
928 2345 1010 2370 non
1049 2334 1215 2384 ponitur
1250 2334 1291 2370 in
1328 2333 1560 2383 interroga—

97 2391 211 2427 tione
244 2389 506 2438 negationem
536 2389 794 2435 innuente“;
827 2401 930 2438 quae
963 2401 1011 2426 eo
1042 2393 1198 2427 tantum
1230 2390 1394 2427 nomine
1416 2389 1556 2426 Mose-

98 2457 167 2483 rus
209 2444 510 2495 reprehendit,
548 2444 653 2495 quod
693 2443 820 2481 latine
861 2457 940 2482 non
971 2449 1085 2483 esset
1126 2450 1281 2495 oratio,
1320 2446 1560 2495 ceteroquin

98 2501 304 2553 probauit.
365 2501 416 2538 At
447 2512 524 2538 nec
556 2505 817 2551 exspectatae
849 2503 1080 2550 negationis
1104 2503 1442 2552 significationem
1467 2502 1562 2539 fieri

98 2556 278 2611 (quippe
312 2557 400 2608 ipsa
431 2558 595 2606 negatio
629 2569 822 2608 expressa
848 2554 934 2611 est)
965 2570 1043 2596 nec
1066 2557 1292 2609 particulae
1321 2570 1450 2596 anne
1479 2558 1561 2595 nisi

98 2615 139 2651 in
184 2614 315 2651 altera
368 2614 587 2664 bipartitae
634 2614 968 2661 interrogationis
1005 2619 1122 2665 parte
1160 2613 1293 2653 locum
1333 2627 1426 2652 esse
1466 2626 1564 2652 uere

99 2668 253 2708 Bakius
283 2669 590 2707 animaduertit.
650 2668 756 2706 Uide
788 2670 955 2721 Zumpt.
988 2670 1040 2708 ad
1072 2671 1190 2710 Verr.
1223 2683 1264 2722 p.
1289 2671 1386 2711 725.
1439 2671 1563 2708 Simi-

100 2723 202 2762 liter
245 2728 399 2763 estne
441 2727 528 2763 sine
568 2723 647 2762 ulla
692 2729 759 2762 aut
795 2727 1024 2776 negationis
1067 2732 1136 2765 aut
1175 2727 1459 2765 affirmationis
1491 2738 1563 2763 ex-

101 2784 317 2831 spectatae
344 2783 647 2833 significatione
671 2780 822 2818 dicitur
841 2781 894 2819 de
914 2782 1002 2821 Fin.
1020 2783 1068 2834 ll,
1090 2782 1128 2824 3.
1149 2782 1190 2824 9.
1212 2784 1260 2823 Λ.
1279 2784 1331 2822 G.
1349 2783 1565 2834 Zumptius

1313 2852 1335 2873 ὓ
