1781 3192
392 215 550 254 LlssER
584 212 886 251 SECIJNDUS.
940 209 1036 249 CAP.
1072 208 1178 248 ΧΙΙΙ.
1432 203 1513 240 131

59 344 149 367 esse
197 332 346 377 negat,
386 340 522 364 secum
568 326 655 376 ipsc
699 328 873 374 pugnat,
923 323 1009 359 eius
1052 322 1110 358 rei
1153 331 1272 357 causa
1315 319 1383 353 aut
1422 313 1515 351 iude

59 388 155 424 uiris
192 384 324 421 doctis
359 385 445 421 uisa
476 388 538 420 est
571 380 798 431 repetenda
833 392 941 425 esse,
974 377 1079 426 quod
1105 388 1206 426 quae
1236 374 1300 411 his
1333 374 1371 410 in
1402 370 1517 407 libris

57 442 109 479 de
142 441 394 477 diuinatioue
428 439 668 489 disputaret,
709 435 757 472 ad
800 438 856 472 rei
900 434 1087 485 public-ae
1128 444 1240 469 usum
1285 439 1518 466 accommo-

59 499 222 545 dasset,
277 497 316 532 in
359 494 473 532 libris
515 494 566 531 de
609 492 861 530 diuinatione
903 491 1092 539 seriptis,
1132 486 1225 538 quid
1269 482 1516 533 argumentis

62 554 283 601 diligenter
313 551 552 600 ponderatis
587 561 723 586 uerum
756 548 830 583 sibi
867 546 1092 594 uideretur,
1136 542 1408 594 exposuisset,
1449 537 1514 575 uel

62 611 170 655 hinc,
203 606 324 655 quod,
357 613 620 656 posteaquam
657 604 787 640 acrius
821 601 1110 653 philosophiae
1141 611 1303 649 operam
1335 596 1520 632 ded-:ssa

59 672 98 701 et
132 677 152 699 a
185 668 327 698 uetere
360 661 592 709 Academia,
639 672 741 710 (piae
775 660 1067 695 diuinationem
1100 655 1298 707 probabat
1331 653 1435 697 (Cic.
1468 650 1520 686 (16

61 720 149 756 Ι)ἰιι.
183 714 227 765 l,
260 717 298 755 3.
334 717 417 765 ἵν),
455 717 500 754 ad
552 721 757 754 recentem
799 715 901 752 hanc
944 728 963 750 a
1006 710 1217 750 Carneade
1258 714 1299 747 et
1339 704 1522 745 Arcesila

60 775 295 812 transiisset
337 774 430 821 (Ac.
465 770 498 822 Ι,
531 772 569 812 4.
611 770 724 823 13.),
766 772 1012 808 senteutiam
1062 771 1271 805 mutasset.
1341 766 1519 811 Quorum

61 832 136 867 hoc
172 835 286 866 reete
322 830 448 866 (izius
485 830 564 866 sibi
598 830 683 865 ueri
717 828 889 864 similius
921 826 1018 863 dixit
1044 824 1172 861 uideri
1197 828 1240 858 et
1263 821 1521 865 Ciceronem,

62 887 93 923 si
127 890 238 932 tum,
282 898 369 922 curn
415 884 528 933 leges
569 885 792 932 scriberet,
832 883 938 920 idem
984 887 1102 930 atque
1137 883 1280 930 postea
1323 876 1374 913 de
1414 874 1521 911 diui-

60 942 224 978 natione
274 943 484 991 sentiret,
535 940 613 978 alio
666 940 839 991 quodam
891 937 1012 975 modo
1062 937 1100 975 h.
1139 934 1168 974 l.
1205 934 1255 971 de
1303 946 1349 970 ea
1394 932 1523 969 fuisse

60 997 377 1047 disputaturum.

176 1052 210 1101 ᾖ.
244 1053 310 1093 33.
347 1066 588 1101 augurum
622 1050 917 1102 praedictis
952 1048 1054 1098 cet.]
1119 1048 1216 1084 Dan.
1242 1044 1418 1082 coniecit
1443 1055 1525 1078 au-

60 1121 233 1158 gurum
264 1109 548 1159 praedicta
580 1107 743 1145 multa
776 1103 1193 1144 incredibiliter
1234 1114 1358 1138 uera
1397 1098 1526 1135 acci-

61 1164 222 1202 disse.
285 1164 407 1202 Cuius
449 1165 648 1201 rationem
683 1168 821 1200 nostra
865 1168 998 1199 aetate
1031 1160 1181 1197 Bakius
1224 1159 1279 1194 ita
1319 1156 1527 1207 probauit,

63 1227 106 1258 ut
147 1220 414 1258 cecidisse
465 1221 683 1257 retineret.
752 1220 804 1256 At
853 1231 919 1255 res
965 1217 1159 1255 eueniunt
1200 1226 1247 1250 ex
1287 1211 1526 1264 praedictis,

63 1290 142 1314 uon
168 1276 397 1326 praedicta.
459 1272 603 1324 ltaque
627 1275 872 1325 prudentius
897 1279 1010 1311 certe
1036 1271 1206 1308 Rathius
1231 1274 1273 1306 et
1298 1270 1360 1306 uir
1382 1266 1528 1303 doctus

63 1333 101 1370 in
135 1332 253 1370 Misc.
297 1333 472 1371 Obseru.
507 1331 584 1380 111,
621 1333 652 1371 l.
692 1344 732 1382 p.
768 1331 832 1371 68.
875 1331 1143 1367 coniecerunt
1181 1338 1238 1363 ex
1278 1334 1524 1374 augurum

62 1388 364 1440 praedictis
396 1386 554 1425 multa
578 1393 659 1424 cet.
723 1388 873 1425 Uerum
899 1399 978 1423 non
1001 1397 1101 1435 opus
1125 1388 1188 1420 est
1209 1380 1528 1433 praepositione,

66 1446 98 1482 si
138 1444 304 1494 quidem
357 1445 445 1493 ipse
486 1442 688 1480 ablatiuus
731 1443 794 1492 id,
834 1455 910 1492 quo
949 1442 1167 1478 metiamur
1203 1452 1313 1486 rem,
1360 1434 1527 1472 indicat.

66 1501 206 1538 Uera
236 1504 368 1536 autem
402 1497 596 1536 similiter
623 1498 849 1536 cadendi
887 1498 1010 1535 uerbo
1045 1495 1293 1544 adiungitur,
1333 1498 1375 1529 ut
1405 1491 1528 1528 uerbo

68 1555 311 1593 manendi
344 1560 385 1591 et
418 1554 507 1592 aliis
541 1567 688 1592 nomen
736 1553 903 1605 aliquod
946 1553 1203 1601 adlungitur‚
1243 1555 1285 1587 ut
1324 1547 1531 1586 sententia

66 1612 168 1649 haec
200 1612 277 1648 sit:
319 1615 395 1660 „et
428 1612 558 1648 nostri
589 1617 629 1648 et
668 1610 839 1648 aliorum
883 1607 1123 1660 populorum
1166 1605 1350 1657 exempla
1392 1601 1532 1640 deela-

68 1672 176 1715 rant,
210 1666 351 1715 multa,
384 1667 417 1703 si
450 1666 499 1703 ad
532 1680 722 1716 augurum
754 1666 967 1717 praedicta
992 1664 1209 1713 direxeris,
1244 1665 1297 1700 ita
1323 1662 1531 1706 euenisse,

68 1728 111 1761 ut
153 1735 249 1759 uera
293 1729 435 1760 essent
475 1720 626 1775 (vicies
668 1725 725 1759 sei
770 1723 872 1759 nach
920 1721 996 1759 den
1040 1721 1405 1768 Voraussagungen
1458 1715 1533 1752 der

69 1780 234 1829 Augurn
274 1778 426 1828 richtig
456 1776 767 1831 eingetroffen).
829 1774 898 1816 Cf(
934 1778 1015 1816 Cic.
1050 1789 1123 1828 pro
1155 1775 1242 1814 Mil.
1277 1774 1345 1822 30,
1378 1772 1447 1812 81.
1488 1771 1530 1808 si

70 1836 238 1873 minus
279 1834 574 1871 fortissimi
615 1836 713 1871 uiri
749 1835 923 1872 uirtus
955 1839 1101 1883 grata
1135 1831 1448 1869 cecidisset.
1483 1826 1533 1863 ad

71 1892 210 1940 Quint.
244 1890 313 1927 Fr.
350 1886 406 1938 ΙΙ,
440 1890 549 1929 3.1.
583 1890 672 1927 sed
715 1895 860 1928 certe
904 1895 1010 1926 ate
1052 1889 1173 1926 mihi
1207 1887 1375 1925 omnia
1407 1897 1534 1922 seru-

72 1960 163 1999 per
213 1947 441 1984 honesta
498 1951 548 1983 et
592 1947 819 1984 iucunda
866 1944 1194 1983 ceciderunt.
1269 1944 1367 1980 Sine
1416 1952 1535 1978 causa

76 2005 198 2054 igitur
243 2015 360 2039 uera
412 2007 647 2053 suspectum
706 2002 785 2040 fuit
832 2003 1026 2040 Ernestio
1076 2005 1118 2037 et
1164 2000 1382 2049 W'agnero.
1457 1996 1533 2044 Qui

74 2057 398 2111 praedictiS‚
440 2063 482 2095 ut
515 2059 656 2108 Wagn.
699 2064 740 2096 et
773 2059 879 2097 Mos.
921 2071 994 2109 pro
1027 2057 1164 2094 datiuo
1205 2056 1452 2101 habuerunt,
1493 2056 1535 2089 ut

76 2114 221 2153 eodem
251 2113 371 2152 modo
405 2114 555 2151 dictum
592 2120 702 2152 esset
735 2120 856 2165 atque
889 2113 939 2151 de
970 2115 1040 2151 Or.
1076 2110 1108 2161 Ι,
1139 2112 1208 2151 21.
1242 2109 1312 2151 96.
1355 2111 1533 2159 inspe-

75 2171 212 2210 ranti
254 2170 374 2207 mihi
419 2170 643 2219 cecidit,
688 2172 714 2208 ii
766 2184 845 2208 non
900 2168 1303 2215 animaduerterunt,
1354 2165 1533 2202 datiuum

74 2232 230 2266 tantum
265 2226 316 2264 de
350 2227 400 2263 iis
431 2228 634 2277 usurpari,
667 2226 715 2265 ad
749 2241 865 2277 quos,
899 2226 1005 2277 quod
1038 2224 1210 2273 accidat,
1244 2224 1464 2274 pertineat.

188 2281 423 2332 Polyidi]
494 2283 607 2320 Haec
657 2284 906 2333 quorundam
957 2281 1142 2320 codicum
1202 2280 1402 2318 correctio
1443 2282 1536 2328 post

77 2340 304 2378 Manutium
337 2343 379 2376 et
409 2338 581 2376 Lbinum
614 2341 782 2389 probata
816 2342 862 2377 ab
893 2340 1079 2377 omnibus
1113 2342 1154 2375 et
1185 2336 1346 2374 mendis
1386 2335 1535 2371 confir-

75 2402 209 2434 matur
236 2394 354 2433 codd.
388 2393 655 2446 plurimorum
690 2394 753 2448 (u.
787 2409 883 2433 ann.
914 2393 1024 2446 crit.)
1058 2399 1100 2432 et
1122 2407 1185 2442 eo,
1219 2391 1324 2443 quod
1350 2389 1533 2427 eiusdem

77 2451 238 2503 Polyidi
271 2464 357 2489 cum
392 2449 560 2501 reliquis
594 2453 750 2489 uatibus
782 2453 935 2489 mentio
972 2453 1018 2489 fit
1049 2451 1153 2502 apud
1180 2450 1266 2486 Cic.
1300 2447 1350 2484 de
1383 2447 1471 2485 Diu.
1505 2445 1535 2494 l,

77 2508 142 2549 40.
172 2506 243 2548 59.
304 2508 415 2546 Uict.
458 2507 606 2559 Steph.
641 2507 756 2546 Grut.
799 2507 1034 2546 Polletis
1073 2508 1344 2558 scripserunt,
1384 2501 1536 2541 Suidae

80 2565 192 2603 ducti
241 2566 516 2613 auctoritate,
563 2566 630 2613 qui
678 2577 826 2602 nomen
878 2565 920 2603 id
969 2566 1074 2603 uatis
1114 2565 1241 2601 fuisse
1281 2561 1383 2598 dicit
1422 2572 1455 2599 s,
1497 2572 1536 2597 ιι.

79 2618 292 2680 Πόλλης
336 2636 379 2669 et
427 2618 767 2680 ssfffisld'uffovff.
825 2631 907 2669 Sed
948 2635 990 2669 et
1030 2636 1163 2669 aetate
1206 2631 1240 2667 is
1278 2627 1408 2668 multo
1452 2630 1539 2665 erat

79 2688 160 2727 illis
182 2689 354 2727 inferior
387 2693 428 2726 et
457 2688 699 2726 celebritate
730 2687 916 2726 nominis
976 2687 1172 2738 Polyidus
1205 2690 1337 2725 autem
1361 2685 1433 2723 ille
1459 2683 1537 2721 fuit

80 2746 319 2783 Corinthius
351 2757 399 2782 ex
428 2743 769 2797 Melainpidarum
803 2756 970 2793 genere,
1004 2757 1121 2795 quem
1153 2744 1276 2782 Hom.
1312 2743 1416 2790 ΧΙΙΙ,
1439 2738 1536 2780 663.

82 2801 276 2840 celebrat.
339 2801 496 2840 Laudat
526 2806 741 2854 praeterea
767 2801 955 2838 Dauisius
980 2799 1110 2839 schol.
1135 2799 1182 2837 ad
1211 2799 1328 2838 Pind.
1353 2797 1414 2836 ol.
1437 2795 1537 2845 xm,
