1781 3192
222 200 310 238 180
790 197 860 235 DE
893 197 1126 238 LEGIBUS

228 310 316 351 sed
347 312 443 349 hoc
475 311 695 360 primum
729 309 930 358 sentio,
970 310 1072 347 nisi
1112 310 1162 347 in
1203 310 1358 347 bonis
1400 311 1681 349 amicitiam

229 381 350 405 esse
382 380 480 404 nou
512 377 685 415 posse.
744 365 814 402 Ac.
848 365 878 413 Ι,
913 364 952 405 6.
985 365 1053 405 22.
1092 370 1134 402 et
1174 378 1274 415 quae
1315 366 1461 403 Bakius
1502 366 1685 404 laudauit

229 423 281 461 de
310 424 410 471 Rep.
448 422 479 469 Ι,
521 419 589 459 45.
629 419 679 457 ad
711 420 824 460 Fam.
857 421 886 469 Ι,
917 420 954 460 7.
986 421 1023 461 5.
1086 420 1207 459 Plura
1250 421 1514 472 suppeditant
1546 422 1683 461 Mada.

230 478 281 516 de
304 479 397 516 Fin.
417 476 466 525 ΙΙ,
489 475 529 514 3.
552 474 592 516 6.
625 480 666 512 et
688 476 943 527 wesenberg
967 478 1005 514 in
1029 476 1200 514 Emend.
1225 476 1350 517 Tusc.
1372 478 1484 528 Disp.
1508 477 1556 514 ll.
1580 490 1619 527 p.
1650 477 1686 516 7.

343 534 387 570 si
430 532 565 569 enim
605 531 732 568 deos
774 545 893 570 esse
933 533 1294 582 concedimus]
1366 534 1477 581 Quae
1522 532 1686 582 uulgata

227 589 319 627 fere
367 592 431 626 est
476 586 630 636 mendi,
678 587 785 637 quod
829 589 869 626 in
917 587 1011 626 cod.
1060 588 1168 628 arch.
1218 590 1295 626 fuit
1334 590 1520 639 (signis
1553 587 1684 638 quod

230 643 557 696 disciplinae
602 648 820 680 nostrae
860 657 1080 682 summos
1124 643 1247 681 deos
1291 657 1407 682 esse
1447 644 1686 682 concedi-

228 705 374 749 mus),
407 701 637 738 correctio:
670 698 829 748 quod,
871 713 974 737 cum
1011 713 1230 737 summos
1261 699 1388 737 deos
1421 713 1542 738 esse
1575 713 1685 737 con-

228 757 493 804 cedamus,
531 768 574 792 ea
607 768 746 805 parum
781 755 1002 806 probabilis
1040 761 1117 793 est.
1179 757 1278 793 Nam
1322 769 1399 793 nec
1436 758 1687 807 pronominis

230 813 363 865 quod
403 812 642 861 transpositi
684 813 786 848 ratio
830 811 949 849 reddi
990 817 1131 862 potest
1171 812 1419 862 probabilis,
1461 825 1536 849 nec
1574 817 1687 849 recte

229 871 287 907 dii
336 869 514 906 uniuersi
557 866 749 904 dicuntur
786 869 957 916 summi,
994 881 1068 905 nec
1108 877 1175 906 aut
1206 881 1313 905 cum
1345 874 1412 906 aut
1443 867 1689 906 conceda-

229 938 338 964 mus
378 923 562 962 codicum
604 924 849 960 auctorimte
890 922 969 960 ulla
1001 924 1159 964 nititur.
1222 925 1406 974 Denique
1439 924 1572 974 quod
1603 929 1685 961 tum

231 982 392 1020 demum
426 985 541 1017 recte
572 992 618 1016 se
649 979 845 1028 haberet,
886 981 920 1017 si
960 981 1063 1017 ratio
1104 981 1167 1018 his
1214 982 1348 1018 uerbis
1390 979 1688 1027 absolueretur,

228 1044 272 1076 ut
309 1037 359 1074 de
399 1036 479 1074 Ost‘.
512 1032 546 1084 Ι,
579 1033 645 1075 44.
684 1036 786 1084 158ς
830 1035 1005 1073 alienum
1051 1041 1115 1073 est
1152 1050 1171 1073 a
1214 1037 1496 1088 propositione
1537 1037 1689 1073 maiore

230 1092 454 1144 syllogismi
486 1091 760 1142 hypothetici.
822 1093 928 1140 Quas
960 1091 1228 1130 dill'icultates
1262 1106 1404 1131 omnes
1436 1106 1511 1130 nec
1536 1092 1687 1130 Dauisii

231 1151 466 1188 coniectura
496 1147 666 1185 sustulit
697 1147 830 1198 quod
863 1161 972 1185 cum
1015 1148 1139 1185 deos
1179 1162 1297 1186 esse
1339 1148 1687 1195 concedimus,

229 1219 304 1243 nec
335 1204 488 1242 Moseri
522 1203 657 1253 quod
689 1205 729 1240 si
764 1217 868 1241 eum
902 1217 1018 1241 esse
1050 1205 1414 1252 concedimus,
1446 1217 1521 1241 nec
1545 1202 1688 1241 Orellii

229 1260 387 1312 qnod,
419 1261 460 1297 si
494 1258 623 1296 deos
656 1272 772 1297 esse
805 1259 1171 1310 concedimus,
1205 1274 1278 1297 nec
1301 1260 1412 1297 Bakii
1439 1261 1689 1310 quoniam,

228 1319 271 1356 si
305 1316 454 1354 modo
487 1315 613 1352 deos
647 1328 768 1352 esse
800 1316 1161 1365 concedimus,
1203 1330 1279 1353 nec
1311 1316 1488 1366 denique
1520 1329 1690 1366 peruer-

229 1375 390 1411 sissima
421 1373 602 1408 omnium
643 1371 870 1408 Rathiana:
912 1373 1097 1420 signis.
1166 1372 1312 1420 Quod
1352 1385 1460 1410 cum
1502 1373 1549 1408 in
1585 1372 1690 1409 dis-

228 1428 508 1481 putatione
562 1431 743 1464 nostra
797 1440 1059 1464 sumamus
1110 1428 1234 1465 deos
1285 1441 1408 1465 esse
1460 1427 1690 1466 concedi.

229 1482 405 1523 Sustulit
437 1487 571 1519 autem
605 1494 748 1519 omnes
785 1482 980 1533 Maduigii
1014 1485 1248 1522 coniectura
1292 1497 1310 1520 a
1350 1485 1467 1521 nobis
1499 1488 1689 1535 recepta:

228 1542 294 1592 qui
326 1551 549 1577 summos
582 1551 630 1575 ex
652 1540 771 1575 trium
798 1538 1085 1577 uocabulorum
1115 1539 1370 1591 compendiis
1405 1538 1547 1592 (sia—1.
1578 1538 1690 1593 dos)

229 1596 476 1643 conflatum,
521 1594 652 1644 quod
695 1600 828 1632 autem
876 1608 923 1631 ex
956 1596 1199 1646 compendio
1233 1596 1415 1646 syllabae
1454 1595 1536 1633 dis
1575 1594 1691 1650 (nam

231 1651 367 1703 quod
402 1656 444 1689 et
475 1650 556 1688 dis
589 1652 846 1701 compendiis
878 1653 1121 1689 notabantur
1152 1650 1395 1704 simillimis)
1427 1658 1566 1690 natum
1599 1665 1691 1691 esse

231 1709 358 1756 dixit,
389 1720 465 1757 qua
496 1708 689 1745 restituta
719 1706 912 1744 mendum
947 1712 1060 1745 esset
1084 1713 1300 1746 seruatum.
1363 1708 1548 1758 Utroque
1572 1709 1692 1745 modo

229 1766 396 1816 saepius
428 1765 466 1803 in
502 1763 623 1800 codd.
655 1768 868 1813 peccatum
902 1776 996 1800 esse
1030 1762 1204 1801 uidimus
1231 1765 1278 1813 ΙΙ,
1313 1763 1352 1803 7.
1390 1764 1454 1804 15.
1486 1764 1533 1801 ΙΙ.
1566 1764 1599 1814 ᾧ.
1624 1763 1692 1804 24.

229 1821 406 1869 Errant,
456 1820 522 1869 qui
564 1820 686 1856 uerba
728 1818 1062 1869 disciplinae
1101 1825 1316 1858 nostrae
1355 1821 1560 1871 superflua
1601 1833 1693 1858 esse

232 1877 398 1924 dicunt3
431 1875 610 1912 nondun]
645 1876 754 1912 enim
787 1876 1031 1926 pronomine
1062 1876 1195 1913 hanc
1226 1878 1280 1914 ita
1312 1875 1544 1926 anguralem
1567 1875 1693 1914 disci-

232 1933 384 1984 plinam
419 1931 712 1982 descripserat,
747 1938 790 1969 ut
818 1937 956 1969 cetera
988 1933 1103 1982 signa
1134 1946 1213 1970 non
1247 1945 1295 1970 ea
1327 1933 1489 1981 omnia,
1523 1946 1571 1970 ex
1603 1935 1692 1983 qui-

231 1992 306 2027 bus
347 1988 519 2025 deorum
563 1986 752 2025 uoluntas
795 1993 1137 2038 cognosceretur,
1187 1988 1262 2026 sed
1302 2001 1349 2026 ea
1397 1992 1554 2026 tantum
1600 2001 1694 2027 esse

232 2044 433 2093 eluceret,
467 2056 569 2093 quae
600 2042 651 2081 ad
682 2056 874 2093 augurum
909 2043 1167 2095 disciplinam
1198 2046 1473 2095 pertinerent.

349 2104 401 2137 et
432 2099 668 2148 eosdem]
731 2100 888 2148 Mendi,
922 2100 1026 2149 quod
1057 2102 1096 2137 in
1130 2100 1221 2137 cod.
1247 2101 1358 2138 arch.
1383 2101 1476 2150 fuit,
1510 2113 1693 2139 eorun-

234 2156 344 2193 dem
386 2156 667 2203 hominum,
715 2155 1023 2205 haudquaquam
1064 2156 1287 2206 probabilis
1328 2161 1392 2193 est
1431 2157 1632 2194 correctio
1670 2171 1692 2195 a

231 2211 442 2264 plerisque
466 2212 652 2261 probata,
686 2211 969 2249 eorundem
1003 2213 1393 2261 benignitatem
1416 2213 1692 2252 hominum.

233 2270 407 2317 Semper
438 2269 545 2304 enim
579 2267 722 2305 Cicero
758 2266 885 2305 deos
918 2266 1133 2306 consulere
1161 2268 1261 2306 dicit
1292 2267 1438 2319 (Legg.
1470 2268 1518 2318 ll,
1552 2269 1586 2318 ᾗ.
1624 2269 1692 2310 15.

233 2325 286 2362 de
318 2324 410 2361 Diu.
446 2322 482 2372 Ι,
525 2321 595 2362 51.
633 2319 773 2374 117.),
820 2336 900 2361 non
949 2324 1153 2361 deorum
1204 2326 1604 2373 benignitatem3
1653 2330 1696 2363 et

231 2381 455 2431 g'enitiuum
491 2392 545 2417 eo
564 2378 775 2416 rundem
809 2384 979 2431 propter
1017 2381 1201 2418 uiciniam
1231 2380 1414 2418 eiusdem
1441 2394 1557 2420 casus
1581 2383 1696 2420 simi-

230 2437 344 2486 liter,
374 2440 416 2474 ut
445 2436 489 2474 ΙΙ.
519 2436 548 2486 ᾗ.
581 2434 648 2474 21.
682 2441 966 2486 oratorum,
1002 2441 1133 2474 ortum
1163 2450 1257 2475 esse
1280 2437 1409 2475 multo
1431 2437 1693 2477 uerisimilius

233 2497 311 2530 est.
373 2494 507 2541 Quare
547 2503 598 2529 ne
629 2492 809 2543 Zumptii
853 2492 1016 2543 quidem
1058 2493 1194 2544 placet
1236 2495 1473 2531 coniectura
1511 2506 1692 2532 eorun-

232 2548 451 2598 demque
484 2559 684 2586 numen.
746 2548 938 2588 Ceterum
980 2549 1085 2587 hanc
1117 2563 1209 2587 esse
1243 2550 1459 2600 Chrysippi
1491 2550 1531 2587 in
1565 2551 1691 2587 breue

231 2608 482 2642 contractam
526 2603 577 2641 de
620 2603 875 2643 diminutione
913 2608 1332 2656 argumentationem,
1372 2619 1487 2656 quam
1528 2605 1691 2657 plenam

229 2662 483 2712 propositam
520 2659 572 2697 de
607 2660 698 2697 Diu.
731 2661 787 2710 ΙΙ,
818 2659 884 2702 49.
926 2662 1174 2700 refutauerit
1213 2663 1268 2711 ll,
1300 2661 1369 2711 50,
1409 2666 1524 2700 recte
1565 2662 1691 2701 Gzius

234 2716 538 2754 animaduertit.
600 2716 714 2765 Quod
759 2722 894 2755 autem
927 2719 1097 2768 Cicero,
1145 2720 1210 2769 qui
1252 2718 1547 2756 diuinationem
1600 2731 1694 2757 esse

238 2773 278 2811 h.
312 2771 337 2810 l.
371 2772 566 2821 affirmat,
599 2774 639 2810 in
672 2772 820 2824 altem,
853 2786 971 2824 quem
1003 2774 1056 2813 de
1087 2774 1342 2813 diuinatione
1371 2775 1553 2827 scripsit,
1590 2773 1693 2813 libro
