1781 3192
377 188 535 226 LIBER
569 184 869 226 SECUNDUS.
919 185 1019 226 CAr.
1057 185 1196 225 xxm.
1438 184 1519 225 231

63 303 151 341 utus
183 299 337 351 aliquid
367 299 601 346 adiungitur
631 298 680 336 ad
713 300 945 348 superiora,
990 304 1032 336 ut
1071 298 1154 338 Cic.
1187 296 1277 335 Cat.
1313 293 1347 347 Ι,
1380 297 1420 336 7.
1454 298 1518 338 25.

63 354 220 408 quid?
253 356 386 407 quod
417 356 642 394 aduentu
675 359 763 392 tuo
795 353 1522 392 istasubsclliauacuefacta

63 419 198 453 sunt.
258 414 382 452 Tusc.
417 409 461 462 Ι,
502 413 570 452 20.
611 409 680 451 46.
724 410 775 448 de
815 412 909 449 Nat.
953 412 1076 449 neor.
1107 407 1148 461 I,
1189 410 1257 450 38.
1303 409 1403 460 118;
1446 410 1521 449 sed

64 472 222 509 animus
253 469 482 507 aducrtitur
515 467 562 505 ad
595 469 701 505 uiros
733 466 879 517 claros,
913 470 979 518 qui
1013 472 1154 506 contra
1186 466 1319 517 legem
1354 468 1392 505 in
1420 468 1521 506 urbe

65 525 219 580 sepulti
263 528 370 574 sint,
404 523 740 575 quemadmodum
775 536 848 561 nos
880 525 1077 562 dicimus:
1119 526 1196 561 wic
1228 524 1341 562 steht
1372 537 1415 562 es
1447 526 1523 562 mit

64 583 146 622 den
186 581 432 619 beriihmtcn
468 582 695 629 Miinnern,
721 579 804 626 {lie
839 582 876 618 in
908 580 981 618 ‹lcr
1012 581 1131 618 stadt
1164 581 1367 630 bcgrabcn
1399 578 1521 619 sind?

63 639 129 677 Cf.
154 637 240 675 Cic.
265 636 316 675 ‹Ie
339 638 406 677 Or.
428 639 458 687 1,
483 636 669 678 37.117.
693 635 812 687 quid
839 650 959 675 uero
981 636 1076 675 ille
1096 639 1154 675 M.
1178 634 1333 674 Cato?
1356 649 1521 675 nonne

61 698 112 732 et
142 692 460 744 eloquentia
494 698 638 732 tanta
670 693 767 731 suit
800 698 879 732 cet.
922 693 973 731 de
1007 695 1096 734 Diu.
1130 690 1163 743 I,
1202 692 1267 732 18.
1299 692 1366 733 36.
1405 693 1523 744 quid

61 751 150 801 qui
180 750 448 788 irridetur
470 755 645 801 partus
667 750 755 787 hic
776 747 981 788 mulae?
1012 762 1204 799 nonne,
1238 750 1356 799 quia
1377 750 1522 788 fetus

60 807 279 845 exstitit
310 808 358 844 in
393 805 701 844 sterilitate
733 810 983 856 naturae,
1015 806 1325 858 praedictus
1355 810 1436 844 est
1463 808 1520 844 ab

58 864 410 914 aruspicibus
440 862 790 901 incredibilis
821 869 1004 914 partus
1036 859 1313 901 malorum?
1343 858 1397 900 'de
1427 863 1520 903 Nat.

57 919 183 958 Deor.
217 919 246 968 I,
279 918 345 959 42.
380 918 473 959 119.
507 920 583 959 Off.
618 919 683 967 III,
717 919 785 959 21.
820 920 887 959 81.
959 919 1229 969 Eundemque
1274 920 1315 956 in
1354 919 1521 958 modum

57 976 98 1013 in
129 976 329 1014 Exercitt.
372 978 464 1015 crit.
496 990 537 1027 p.
575 974 639 1015 14.
683 975 965 1013 demonstraui
1008 974 1245 1026 retingenda
1283 987 1376 1013 esse
1419 975 1522 1014 haec

12 1034 17 1039 ”
56 1034 98 1070 in
128 1031 253 1070 Acad.
287 1028 344 1082 ΙΙ,
377 1031 577 1072 43.133.
621 1032 775 1082 quid?
819 1045 947 1083 quae
991 1031 1245 1070 dicuntur
1284 1033 1521 1081 quoniam

57 1092 107 1126 et
145 1092 296 1125 acuta
340 1089 466 1126 mihi
507 1088 772 1126 uidentur
820 1091 870 1127 in
913 1092 1186 1138 utramque
1224 1091 1430 1138 partem
1471 1093 1522 1126 et

59 1145 230 1196 paria,
261 1157 395 1181 nonn
413 1157 434 1181 e
466 1157 669 1182 caucam
697 1151 778 1182 cet.
841 1146 953 1193 Quae
978 1144 1214 1194 adiungitur
1234 1145 1322 1181 fere
1342 1145 1522 1182 interro-

58 1201 194 1252 gatio,
228 1213 304 1251 qua
333 1200 428 1250 quid
456 1200 508 1238 de
539 1213 585 1238 re
616 1199 794 1238 indicata
827 1202 1077 1250 sentiamus,
1118 1199 1350 1238 declaretur
1379 1213 1522 1251 quam-

57 1270 134 1308 que
152 1257 232 1295 hoc
256 1256 417 1307 quidem
440 1256 532 1295 loco
564 1254 690 1295 talem
719 1256 918 1307 quandam
954 1257 1284 1308 exspectaueris:
1314 1269 1522 1306 „nonne

55 1312 223 1364 legem
266 1310 690 1361 sustulerunt?“‚
741 1325 829 1350 eam
868 1326 989 1352 nemo
1030 1313 1306 1363 desiderabit,
1350 1315 1443 1364 quia
1480 1320 1522 1353 et

57 1383 131 1408 sua
171 1374 319 1420 sponte
357 1369 519 1407 auditur
558 1373 600 1408 et
641 1369 803 1407 Atticus
841 1382 911 1419 re,
965 1370 1017 1407 de
1057 1383 1134 1421 qua
1172 1370 1302 1408 Marci
1351 1374 1522 1408 senten-

58 1426 155 1463 tiam
180 1427 377 1474 requirat,
400 1425 580 1464 indicata
601 1438 621 1462 a
641 1423 783 1462 Marco
804 1425 1108 1477 interpellatur.
1169 1424 1330 1463 Deinde
1348 1425 1519 1476 LbinuS,

58 1481 291 1531 Zumptius,
334 1480 482 1518 Bakius
514 1480 622 1519 male
654 1479 756 1520 dett.
790 1480 910 1519 codd.
951 1483 1106 1520 secuti:
1147 1480 1335 1520 Claros
1378 1483 1522 1521 uiros

58 1536 241 1586 credo,
293 1537 439 1586 Tite,
486 1537 675 1575 fuisse.
758 1537 876 1586 Quod
925 1537 1178 1588 exploratum
1231 1542 1342 1588 erat,
1388 1537 1520 1577 claros

58 1595 168 1630 uiros
198 1594 344 1642 fuisse,
375 1592 419 1630 id
448 1595 589 1645 inepte
622 1593 784 1630 Marcus
817 1605 862 1631 se
905 1594 1075 1632 credere
1107 1593 1280 1633 diceret.
1341 1593 1520 1634 Uniuer-

57 1661 147 1686 sum
179 1662 310 1700 genus
342 1650 432 1700 ipse
465 1651 625 1688 Atticus
657 1653 772 1687 recte
813 1651 1055 1699 constituit3
1098 1651 1200 1689 duas
1241 1664 1382 1689 eorum
1421 1664 1519 1703 spe-

57 1706 142 1743 cies
182 1705 234 1742 (le
275 1718 346 1742 sua
385 1707 619 1745 coniectura
661 1705 822 1744 Marcus
870 1709 999 1757 ponit.
1037 1708 1253 1758 Zumptius
1301 1712 1520 1759 praeterea

57 1761 162 1800 dett.
197 1760 318 1799 codd.
351 1763 617 1814 scripturam:
651 1759 803 1812 quid?
834 1767 955 1815 post
985 1762 1056 1801 XII
1097 1765 1302 1815 probauit,
1346 1777 1368 1802 a
1400 1765 1520 1804 Cice-

55 1831 159 1856 rone
190 1816 382 1855 alienam.

172 1875 361 1925 quibus
391 1874 488 1913 hoc
518 1872 655 1923 ante]
714 1872 776 1911 Ex
808 1886 878 1925 eo,
918 1874 1025 1926 quod
1056 1876 1128 1914 XII
1159 1874 1308 1914 tabulis
1338 1877 1520 1916 nondum

57 1931 228 1969 sancitis
266 1930 344 1969 hoc
387 1932 552 1970 uirtutis
591 1942 711 1969 causa
753 1932 994 1980 quibusdam
1035 1935 1230 1971 tributum
1271 1938 1358 1984 est,
1394 1939 1440 1973 ut
1478 1936 1520 1972 in

56 1988 160 2026 urbe
197 1986 493 2039 sepelirentur,
525 1992 640 2026 recte
668 1985 893 2038 colligitur,
925 2002 978 2026 ne
1010 1994 1105 2027 ante
1135 1989 1298 2040 quidem
1323 1990 1367 2028 id
1389 1993 1521 2029 omni-

56 2045 132 2082 bus
159 2043 354 2093 licuisse,
393 2057 470 2082 nec
507 2048 643 2081 tamen
683 2042 727 2080 id
767 2042 863 2094 lege
896 2050 1054 2083 cautum
1090 2047 1244 2095 fuisse,
1275 2046 1349 2085 sed
1381 2059 1520 2085 more:

58 2101 126 2151 qui
157 2113 179 2137 a
213 2100 460 2138 decemuiris
491 2100 778 2151 comprobatus
809 2099 950 2151 populi
984 2102 1186 2152 suffragiis
1220 2105 1399 2141 sancitus
1441 2107 1519 2142 est.

58 2158 173 2205 Quae
205 2160 339 2195 autem
372 2156 478 2195 duae
509 2157 550 2195 h.
580 2155 608 2194 l.
641 2155 803 2206 species
832 2162 1057 2208 ponuntur,
1091 2170 1164 2196 eae
1196 2171 1275 2196 non
1310 2158 1439 2197 solum
1473 2172 1521 2197 eo

60 2212 250 2251 diuersae
290 2216 409 2262 sunt,
450 2212 558 2264 quod
599 2210 717 2250 alteri
759 2216 855 2250 ante
896 2213 991 2265 X11,
1031 2213 1148 2252 alteri
1188 2219 1282 2266 post
1319 2217 1381 2253 ius
1419 2214 1520 2253 illud

62 2268 201 2306 datum
235 2274 314 2318 est,
347 2269 421 2306 sed
452 2271 509 2307 ita
541 2270 687 2317 etiam,
729 2273 771 2306 ut
810 2267 891 2306 illis
932 2274 974 2307 et
1013 2271 1089 2309 sibi
1128 2276 1169 2309 et
1207 2273 1414 2322 posteris,
1457 2272 1520 2310 his

61 2321 176 2372 solis,
214 2335 295 2360 non
335 2325 458 2361 etiam
504 2325 682 2375 posteris
726 2337 864 2363 eorum
904 2325 1084 2367 daretur.
1146 2328 1242 2366 Dari
1284 2333 1419 2365 autem
1459 2328 1522 2365 his

61 2381 226 2417 omnino
268 2391 348 2417 non
387 2381 544 2430 potuit,
586 2380 681 2430 quin
721 2378 880 2430 legibus
932 2382 1210 2423 soluerentur.
1283 2384 1522 2422 Temeraria

62 2440 128 2473 est
158 2437 283 2486 igitur
320 2435 476 2474 Moseri
517 2437 774 2474 coniectura:
814 2438 856 2474 si
897 2440 983 2489 qui
1015 2440 1136 2490 hoc,
1180 2444 1233 2478 ut
1265 2440 1312 2478 C.
1342 2440 1522 2479 Fabri-

60 2493 200 2542 cius,
234 2492 452 2530 uirtutis
485 2505 634 2530 causa
665 2490 833 2530 soluti
862 2501 985 2533 sunt
1026 2498 1191 2535 omissis
1225 2497 1361 2534 uerbis
1392 2496 1521 2548 legi·

59 2549 154 2586 bus
186 2560 309 2586 cons
326 2550 467 2587 ecuti
492 2552 633 2597 sunt3
665 2549 848 2599 itemque
872 2551 1087 2604 Zumptius
1112 2553 1298 2591 codicum
1321 2552 1522 2604 dignitate

58 2605 248 2656 ignorata
289 2608 449 2643 temere
490 2604 792 2656 praetermissit
841 2608 967 2645 uerba
1012 2608 1179 2647 soluti
1218 2608 1431 2661 legibus
1479 2611 1521 2648 in

61 2661 165 2701 dett.
209 2664 368 2699 tantum
408 2661 646 2712 quibusdam
696 2660 816 2701 codd.
856 2665 1019 2704 omissa.
1093 2666 1287 2704 Ceterum
1332 2670 1521 2718 posteros

65 2730 223 2768 eorum,
257 2719 402 2768 quibus
435 2719 513 2756 hoc
547 2717 709 2756 uirtutis
742 2730 862 2757 causa
893 2719 1032 2759 datum
1065 2727 1146 2772 est,
1178 2722 1359 2760 inuidiae
1391 2720 1522 2760 decli-

58 2773 221 2812 nandae
257 2787 377 2813 causa
417 2776 475 2814 ita
518 2778 677 2814 tantum
718 2774 806 2813 iurc
847 2788 920 2815 suo
965 2790 1057 2816 usos
1108 2791 1201 2816 csse
1236 2777 1346 2818 Plut.
1394 2777 1523 2817 tradit
