1781 3192
194 163 284 204 318
769 165 837 202 DE
869 164 1103 202 LEGIBUS

194 275 347 325 futura,
380 290 457 314 non
491 275 598 312 facta
627 272 886 325 loqueretur3
927 276 990 313 cni
1022 277 1170 314 rationi
1206 281 1248 314 et
1278 281 1385 328 part.
1421 292 1443 316 n
1459 292 1552 318 unc
1584 280 1658 319 ad-

194 339 397 380 uersatur,
428 345 499 383 pro
533 344 609 381 qua
639 332 761 369 scribi
795 344 967 370 necesse
998 338 1112 370 esset
1140 334 1256 382 iam,
1297 339 1339 370 et
1378 332 1481 372 illud
1525 337 1662 376 obstat

199 388 308 439 quod
341 389 538 438 deinceps
570 387 622 425 de
655 400 716 436 re,
750 401 853 438 quae
884 389 972 426 fieri
1005 387 1152 437 noleat,
1184 389 1378 439 loquitur.

309 448 523 481 retento
564 457 619 484 50,
666 442 810 483 licere.
881 444 1087 483 Peruerse
1130 445 1265 495 Wytt:
1319 450 1396 495 „ut
1442 447 1664 498 optimates

196 500 360 552 possint
397 501 605 551 inspicere
655 499 879 539 tabellas“.
948 502 1033 539 Nec
1081 503 1317 540 necessaria
1365 508 1431 541 est
1476 503 1663 542 eiusdem

194 556 429 594 coniectura
460 557 718 594 tribuitur
748 570 821 608 pro
853 557 1108 597 traditur.
1159 558 1384 609 Reliqua
1417 558 1666 601 uoluntas

197 614 513 651 auctoritati
548 618 636 650 aut
667 615 870 663 gratiae
895 614 1132 653 traditur
1155 614 1234 653 1100
1259 620 1345 653 est:
1377 617 1429 653 im
1455 616 1664 666 Uebrigen

195 667 301 706 lasst
334 681 378 706 es
411 669 497 707 sich
532 682 635 719 ganz
665 683 741 707 von
774 671 1004 708 Auctoritat
1039 671 1139 708 oder
1170 671 1306 709 Gnnst
1339 673 1598 712 bestimmen.

311 728 609 763 auctoritas
652 726 927 776 bonorum]
1000 723 1170 765 Inuerso
1221 728 1366 766 ordine
1415 730 1663 768 bonorum

195 783 492 820 auctoritas
526 782 669 833 Steph.
706 783 813 822 Man.
851 783 988 823 Lamb.
1019 784 1119 824 Ern.
1152 784 1295 835 WVagn.

307 837 535 881 Xvssl.
598 839 630 889 Q.
667 838 735 879 40.
798 840 984 877 Grauis
1018 845 1069 878 et
1100 840 1203 890 cet.]
1265 841 1354 890 Ego
1393 840 1493 879 haec
1522 841 1664 890 uerba,

195 906 300 944 quae
341 895 577 943 superiores
618 895 667 933 ad
699 895 1020 946 praecedentem
1055 896 1189 947 legem
1222 897 1481 946 retulerunt,
1515 896 1565 935 ad
1596 910 1665 936 se-

195 955 386 1000 quentem
417 955 516 1000 puto
549 954 760 1004 pertinere
793 954 930 1003 priore
962 952 1091 991 multo
1118 955 1364 1004 grauiorem,
1398 967 1500 1004 quae
1524 966 1666 1004 parum

195 1012 291 1058 apte
329 1004 439 1044 nulla
481 1018 525 1045 re
567 1022 657 1047 cum
700 1009 981 1060 praecedente
1021 1013 1240 1048 coniuncta
1287 1012 1466 1062 ponitur.
1534 1011 1667 1060 Atque

194 1065 227 1100 si
261 1063 311 1102 ad
344 1064 662 1114 praecedentem
696 1065 830 1116 legem
863 1066 1008 1104 Cicero
1037 1067 1140 1105 haec
1173 1068 1295 1105 uerba
1328 1067 1477 1105 referri
1511 1065 1667 1104 uoluis-

195 1124 282 1170 set,
325 1121 595 1159 confirmandi
637 1122 879 1174 particulam
912 1136 1040 1161 nero
1070 1123 1328 1174 addidisset,
1362 1128 1405 1162 ut
1435 1123 1500 1163 111.
1529 1123 1562 1173 Q.
1598 1121 1666 1164 28.

193 1176 476 1227 praeclara
509 1191 633 1216 nero
665 1180 854 1216 —ista
886 1178 981 1217 lex.
1016 1180 1067 1218 de
1100 1181 1178 1219 Off.
1214 1181 1289 1229 111,
1331 1182 1432 1220 1.1.
1473 1180 1667 1231 magni-

193 1233 299 1271 fica
329 1245 455 1271 uero
489 1247 583 1272 nox
613 1239 664 1272 et
695 1247 876 1283 magno
910 1248 961 1272 30
993 1238 1245 1286 sapiente
1279 1238 1389 1273 uiro
1421 1236 1589 1285 digna.

309 1302 440 1340 quae
471 1303 578 1328 cnm
612 1290 828 1342 populo]
892 1291 1197 1329 Confirmantur
1235 1293 1338 1330 11300
1371 1293 1519 1341 1101113,
1563 1304 1667 1342 quae

194 1344 273 1382 iam
311 1349 350 1383 in
394 1345 487 1383 cod.
531 1347 643 1384 arch.
684 1348 955 1395 interierant,
997 1348 1087 1397 ipsa
1125 1346 1218 1396 lege
1257 1349 1292 1397 Q.
1329 1348 1394 1387 10.
1458 1346 1667 1387 Particula

194 1413 315 1451 que,
339 1413 440 1452 qnae
464 1403 498 1438 si
521 1402 626 1438 tides
650 1402 753 1439 Gzio
777 1402 984 1450 habenda,
1016 1402 1153 1440 addita
1180 1404 1411 1453 pronomini
1435 1408 1499 1440 est
1520 1405 1561 1440 in
1590 1403 1665 1441 Vd.

194 1461 237 1494 et
269 1457 323 1508 ψ,
357 1459 404 1495 ab
438 1457 634 1495 hocloco
677 1457 809 1496 aliena
852 1463 935 1507 est3
979 1472 1023 1496 ac
1066 1464 1200 1496 tamen
1243 1459 1393 1496 Lbinus
1433 1460 1494 1496 sic
1535 1456 1670 1496 edidit

194 1526 274 1552 nec
315 1515 354 1552 id
390 1514 496 1552 Gzio
529 1514 758 1565 displicuit.
822 1515 917 1553 Mox
946 1522 1175 1565 agentur
1205 1516 1409 1554 correctio
1433 1519 1498 1553 est
1519 1527 1668 1553 neces-

195 1571 302 1609 saria
334 1571 432 1609 inde
465 1585 485 1608 a
517 1572 702 1609 Manutio
738 1570 903 1621 uulgata
931 1577 973 1609 et
1004 1574 1092 1623 ipsa
1123 1572 1218 1622 lege
1250 1572 1504 1610 confirmata.

309 1627 628 1677 moderatur]
692 1629 810 1676 Quod
854 1633 1021 1666 auctore
1061 1630 1188 1677 Gzio,
1237 1630 1299 1666 0111
1341 1641 1492 1679 operae
1530 1632 1668 1666 tamen

195 1696 274 1722 non
308 1690 550 1736 paruerunt,
583 1685 686 1724 Mos.
720 1691 762 1722 et
795 1685 993 1724 Schuetz.
1028 1685 1253 1722 ediderunt
1283 1690 1334 1723 et
1364 1684 1668 1723 moderatur

194 1744 246 1778 et
272 1741 460 1791 fingit,
495 1741 536 1778 id
570 1754 647 1778 non
684 1741 807 1778 habet
839 1743 984 1778 iustam
1020 1741 1141 1779 codd.
1177 1743 1465 1780 auctoritatem
1492 1754 1569 1779 nec
1593 1754 1669 1792 per

195 1809 243 1835 se
272 1799 361 1849 ipsa
395 1799 494 1835 satis
529 1797 754 1847 probabilis
778 1799 946 1848 partitio
971 1802 1048 1838 est.
1112 1799 1209 1835 Mox
1232 1811 1311 1835 non
1337 1810 1438 1849 opus
1465 1802 1528 1836 est
1548 1798 1666 1836 Lbini

196 1856 434 1892 coniectura
466 1861 699 1903 mentes,
733 1867 835 1904 quae
870 1855 1060 1892 Ernestio
1089 1853 1257 1906 placuit.

311 1910 449 1962 quod
481 1911 606 1961 nisi]
671 1912 979 1949 Sententiarum
1023 1914 1154 1949 series
1194 1912 1295 1948 haee
1333 1914 1409 1950 est.
1481 1910 1604 1960 Legis
1647 1923 1668 1947 a

199 1979 245 2005 se
276 1969 527 2005 constitutae
560 1981 721 2005 causam
755 1968 862 2005 hanc
895 1968 1031 2017 affert,
1075 1967 1182 2019 quod
1215 1973 1329 2005 actor
1350 1968 1389 2004 in
1414 1966 1668 2006 audientium

198 2025 356 2062 animos
390 2025 470 2062 uim
505 2025 705 2075 quandam
739 2025 893 2062 habeat
923 2038 1055 2075 paene
1086 2023 1401 2073 incredibilem3
1435 2023 1556 2074 idque
1581 2022 1665 2075 (sc.

196 2083 278 2118 uim
318 2080 431 2119 illam
467 2081 645 2134 habere)
686 2083 726 2118 in
764 2085 916 2118 vsenatu
965 2086 1121 2119 tantum
1172 2080 1344 2119 difficile
1398 2093 1490 2118 esse
1536 2080 1666 2129 addit,

197 2139 291 2187 quia
334 2139 538 2175 senatoris
581 2139 737 2174 animus
769 2149 849 2173 non
882 2135 1004 2173 facile
1037 2137 1086 2174 ad
1115 2141 1294 2174 actorem
1328 2136 1556 2184 referatur,
1591 2135 1666 2172 sed

196 2206 271 2245 per
301 2205 347 2231 se
379 2194 470 2244 ipse
502 2192 605 2231 uelit
636 2193 829 2243 spectari,
863 2197 906 2229 ut
930 2194 963 2242 si
989 2194 1024 2230 ei
1050 2191 1300 2243 persuadere
1326 2190 1445 2240 uelis,
1478 2193 1665 2230 oratione

197 2263 299 2301 opus
341 2250 395 2287 sit
443 2248 495 2287 ad
546 2249 588 2287 id
638 2250 771 2300 ipsum
820 2251 1062 2300 composita.
1135 2245 1278 2299 Itaque
1322 2246 1518 2285 facillima
1567 2259 1666 2285 sane

199 2307 426 2344 mutatione
471 2305 606 2355 edidi,
656 2305 764 2356 quod
810 2306 1065 2343 conieceram
1121 2306 1162 2342 in
1209 2305 1344 2342 Jahnii
1394 2305 1495 2343 Ann.
1544 2301 1676 2344 1845.’

198 2377 239 2414 p.
278 2361 372 2403 163.
434 2361 719 2400 Similiter⁴si
760 2375 833 2412 pro
866 2363 970 2399 nisi
1004 2363 1044 2399 in
1077 2361 1170 2399 cod.
1204 2361 1313 2400 arch.
1347 2361 1546 2412 scriptum
1576 2363 1668 2400 ,era-t

199 2420 244 2459 11.
286 2420 317 2470 Q.
351 2418 418 2459 47.
459 2420 501 2456 si
549 2431 619 2457 eo.
661 2418 727 2456 111.
770 2418 804 2468 Q.
837 2416 906 2458 44.
950 2420 990 2455 51
1030 2418 1366 2456 centuriatis
1411 2417 1665 2456 comitiis.

195 2475 385 2513 Eandem
412 2476 662 2514 sententiam
699 2476 870 2513 Rathius
906 2476 1110 2526 expressit
1142 2475 1216 2513 hac
1240 2475 1474 2513 coniectura
1501 2477 1666 2511 cetero-

196 2533 293 2584 quin
328 2546 471 2584 parnm
505 2530 728 2583 probabili:
767 2531 900 2582 quod
932 2534 978 2570 in
1011 2536 1202 2569 senatu
1235 2530 1378 2568 modo
1421 2529 1666 2568 difficile

195 2594 293 2629 est.
358 2588 575 2627 Uiolenter
604 2601 680 2626 nec
712 2588 847 2626 facete
879 2588 932 2626 de
956 2589 1094 2626 Ursini
1128 2589 1380 2635 coniectura,
1413 2599 1514 2638 quae
1539 2586 1664 2637 wytt.

195 2644 370 2697 placuit,
403 2646 618 2684 Moserus:
647 2645 784 2696 quod
815 2647 864 2684 in
896 2650 1085 2683 senatu
1114 2642 1359 2682 difficile
1391 2648 1486 2683 est.
1548 2641 1665 2682 Reli-

198 2703 266 2752 qui
310 2702 462 2740 mendo
499 2701 695 2755 expulso,
736 2715 816 2739 non
859 2705 1028 2740 sanato:
1066 2700 1201 2752 quod
1240 2701 1290 2738 in
1333 2705 1522 2738 senatu
1566 2710 1665 2737 non

202 2758 452 2798 difficile
483 2765 580 2799 est.
641 2761 753 2809 Quae
785 2760 818 2798 si
852 2758 902 2798 ad
934 2771 1095 2797 causam
1118 2756 1433 2810 praecedentem
1455 2754 1665 2806 retuleris,
