1791 3192
656 190 941 223 PRAEFATIO.
1405 186 1538 220 XXXV

67 307 171 347 quae
202 296 241 333 in
274 294 425 334 litteris
456 291 716 333 moliebatur.
780 294 1058 342 Quaecunque
1089 290 1197 328 enim
1222 291 1531 328 commentaba-

64 368 144 413 tur,
178 376 266 401 cum
298 363 433 401 Attico
466 360 804 400 communicabat.
866 360 907 397 ln
952 358 1017 396 his
1062 359 1186 408 igitur
1218 357 1406 409 epistolis
1440 359 1525 396 fieri

63 443 144 468 non
175 432 324 481 potuit,
357 431 451 480 quin
483 431 627 468 horum
659 427 873 477 librorum,
906 428 937 464 si
967 430 1051 464 tum
1082 426 1376 474 scriberentur,
1410 437 1528 463 men-

63 500 123 537 tio.
153 499 411 547 iniiceretur,
449 498 531 535 nisi
572 496 681 534 forte
712 500 782 532 aut
822 507 916 532 casu
957 491 1128 544 quodam
1163 490 1378 543 epistolam
1413 492 1524 530 illam

65 564 328 603 intercidisse
360 565 569 614 statueris,
604 566 670 601 aut
711 566 806 614 post
846 574 1028 599 mensem
1062 561 1214 598 Noubr.
1250 573 1286 598 a.
1321 558 1418 610 ῙΙΟ,
1449 573 1527 611 quo

61 637 270 685 postrema
301 631 350 668 ad
378 632 555 669 Atticum
585 629 760 681 epistola
793 629 886 667 data
928 634 1015 678 est,
1055 629 1249 679 scriptum
1294 640 1526 665 sermonem

61 699 387 749 existimaueris,
434 712 511 750 quo
550 696 653 736 nihil
692 704 864 750 propter
906 698 1043 735 turbas
1076 694 1217 733 ciuiles
1247 700 1331 733 tum
1364 700 1525 733 exortas

60 771 123 805 est
154 767 240 804 ueri
271 764 526 804 dissimilius.

171 835 271 871 Cum
317 832 434 885 plura
478 835 603 884 igitur
647 833 838 881 obstent,
887 845 962 882 quo
1004 832 1137 869 minus
1180 843 1284 868 anno
1319 829 1413 871 708.
1458 836 1526 869 aut

61 902 295 952 posteriore
327 903 502 953 scriptos
535 914 628 940 esse
660 901 736 938 hos
766 898 893 937 libros
925 901 1160 948 existimes,
1193 912 1274 936 non
1306 898 1428 937 modo
1458 900 1524 936 ni-

59 966 118 1004 hil
163 970 411 1006 contrarium
460 974 524 1007 est
569 969 630 1017 ei,
677 966 784 1018 quod
827 980 930 1004 anno
974 966 1070 1007 702.
1114 963 1180 1002 uel
1219 967 1386 1004 ineunte
1430 966 1525 1006 703.

58 1036 201 1085 scripti
233 1048 325 1073 esse
356 1041 565 1087 putantur,
598 1035 672 1073 sed
702 1036 838 1072 omnia
868 1048 958 1072 cum
992 1048 1039 1072 eo
1073 1037 1226 1085 optime
1259 1037 1522 1075 conueniunt.

55 1101 146 1138 Huc
174 1103 351 1152 primum
384 1104 596 1153 pertinent
627 1115 698 1151 ea,
742 1115 842 1152 quae
876 1102 928 1139 de
971 1100 1115 1139 Clodio
1149 1104 1319 1153 eiusque
1352 1103 1521 1142 interitu

55 1169 157 1208 dicit
188 1170 320 1206 animo
352 1182 449 1206 sane
482 1170 749 1207 commotiore
779 1165 862 1221 (II,
883 1167 952 1209 43.
977 1165 1059 1220 III,
1085 1169 1169 1217 21.)
1195 1184 1312 1221 quam
1337 1171 1523 1221 dixisset,

55 1239 136 1275 nisi
177 1235 313 1288 paullo
345 1241 439 1274 ante
471 1249 591 1274 causa
621 1236 866 1287 Miloniana,
901 1250 1002 1287 quae
1043 1242 1130 1274 acta
1163 1243 1228 1276 est
1261 1237 1357 1288 702,
1389 1238 1522 1277 Clodii

56 1304 193 1342 odium
241 1303 373 1342 denuo
414 1308 529 1341 esset
569 1310 810 1342 renouatum
851 1304 1127 1354 gaudiumque
1177 1306 1264 1342 eius
1311 1307 1522 1345 interemti

53 1377 167 1411 esset
198 1373 429 1409 excitatum.
489 1371 591 1409 Nam
623 1372 730 1423 quod
760 1373 1020 1410 IIormanuus
1052 1373 1110 1410 ait
1140 1386 1178 1424 p.
1211 1372 1274 1412 17.
1309 1371 1420 1410 idem
1453 1373 1522 1410 Ci-

54 1442 214 1479 ceronis
254 1439 450 1478 aduersus
493 1438 682 1478 Clodium
734 1440 872 1478 odium
913 1441 1079 1477 excitari
1117 1440 1302 1491 potuisse
1351 1453 1383 1478 a.
1428 1439 1524 1479 710.

54 1510 101 1546 ab
130 1508 323 1556 Antonio,
356 1508 424 1557 qui
454 1508 620 1545 intimus
659 1507 804 1546 Clodio
835 1507 987 1545 fuisset
1026 1508 1067 1544 in
1097 1508 1303 1544 tribunatu
1347 1513 1389 1544 et
1428 1511 1525 1558 post

57 1575 246 1612 Caesaris
275 1578 449 1611 mortem
482 1574 720 1613 Ciceronem
754 1573 861 1612 ultro
892 1573 1124 1611 maledictis
1147 1572 1429 1613 lacessiuisset
1461 1580 1524 1613 at-

55 1656 133 1693 que
160 1641 414 1680 consulatum
447 1643 485 1679 ei
515 1644 805 1693 exprobrasset
835 1641 989 1679 eisdem
1022 1643 1167 1691 quibus
1190 1642 1360 1680 Clodius
1383 1643 1522 1680 crimi-

54 1710 345 1747 minationibus
389 1723 513 1761 usus,
555 1711 596 1749 id
628 1712 715 1749 fieri
748 1723 829 1748 non
861 1711 1047 1761 potuisse
1080 1710 1239 1762 iudico,
1273 1713 1366 1762 quin
1401 1710 1520 1748 simul

53 1778 222 1816 Antonii
270 1776 471 1828 quoddam
524 1778 661 1817 odium
713 1776 909 1816 eluceret.
967 1776 1138 1816 vDeinde
1179 1779 1259 1817 huc
1299 1779 1521 1817 reserenda

53 1850 152 1884 sunt
182 1859 245 1895 ea,
278 1859 380 1897 quae
408 1859 513 1884 noua
542 1847 703 1897 auguris
726 1845 930 1897 dignitate
959 1846 1089 1885 elatus
1115 1844 1272 1900 (sactus
1296 1852 1361 1884 est
1384 1853 1520 1885 autem

54 1910 174 1966 701.)
206 1913 258 1950 de
279 1919 472 1963 auguratu
506 1910 562 1963 ll,
584 1927 620 1952 c.
648 1913 709 1953 12.
734 1918 776 1951 et
800 1913 862 1954 13.
897 1914 998 1953 dit-it
1022 1916 1366 1966 magnificentius,
1400 1929 1516 1966 quam

54 1979 225 2018 dixisset
247 1994 282 2019 a.
307 1981 403 2031 710,
437 1995 513 2032 quo
536 1987 577 2019 et
598 1980 718 2019 aliter
738 1981 790 2020 de
813 1983 1068 2032 auguriorum
1091 1983 1293 2033 grauitate
1314 1983 1523 2020 sentiebat

53 2044 130 2101 (cf.
162 2048 214 2086 de
245 2049 337 2088 Diu.
371 2045 429 2099 II,
462 2046 557 2102 33.)
591 2053 634 2086 et
673 2049 872 2087 Antonius
917 2063 1044 2100 augur
1072 2049 1207 2087 factus
1241 2051 1329 2086 erat
1361 2045 1517 2100 (sactus

51 2118 115 2154 est
157 2117 264 2153 enim
304 2114 400 2156 704.
441 2116 494 2154 cf.
535 2116 654 2155 Caes.
695 2118 736 2156 Β.
777 2117 829 2155 G.
875 2117 977 2166 Vlll,
1010 2113 1120 2170 50),
1163 2129 1282 2166 quem
1315 2129 1408 2155 eum
1439 2117 1516 2155 hoc

51 2197 221 2222 munere
245 2186 410 2222 abusum
433 2182 540 2222 Phil.
566 2179 624 2234 II,
648 2182 716 2224 32.
739 2182 809 2224 80.
833 2184 1089 2234 grauissimis
1119 2189 1285 2236 peteret
1307 2185 1519 2234 conuiciis,

49 2264 129 2290 non
159 2253 295 2303 potuit
327 2264 425 2290 sane
457 2251 731 2290 consiliarium
765 2258 889 2302 atque
921 2251 1205 2290 administrum
1237 2252 1343 2290 louis
1376 2252 1517 2305 appel-

47 2319 147 2359 lare.
217 2320 402 2370 Denique
440 2332 634 2371 perquam
674 2319 890 2357 commode
929 2325 1096 2371 praeter
1136 2320 1213 2357 alia
1253 2322 1375 2358 etiam
1410 2322 1515 2360 haec

50 2385 159 2423 dicta
185 2384 396 2436 uidentur,
425 2400 526 2437 quae
559 2387 625 2425 uel
655 2389 746 2439 ipse
784 2386 884 2425 dicit
926 2383 1007 2438 Ill,
1046 2386 1111 2427 18.
1153 2386 1221 2425 uel
1259 2390 1397 2427 Attico
1440 2391 1515 2428 tri-

47 2453 136 2490 buit
173 2452 256 2506 (de
288 2456 584 2505 prouinciis
617 2454 906 2494 decedatur
932 2456 980 2493 in
1015 2456 1300 2506 urbemque
1339 2456 1516 2494 redea-

47 2524 140 2560 tur.
209 2523 296 2560 Att.
336 2522 496 2560 Nobis
545 2536 668 2561 uero
709 2522 883 2574 placet
921 2520 1051 2577 cet.),
1093 2524 1150 2573 si,
1193 2536 1283 2562 eum
1313 2525 1515 2564 scriberet

45 2587 151 2637 ista,
196 2589 435 2640 prouinciae
476 2589 774 2630 administratio
816 2593 894 2643 ipsi
940 2596 1030 2630 erat
1069 2591 1302 2642 subeunda3
1348 2605 1426 2631 nee
1464 2606 1513 2631 ea

47 2657 216 2707 opinor,
248 2658 454 2695 sententia
485 2671 506 2695 a
540 2657 739 2696 Cicerone
770 2659 904 2697 Attico
938 2663 1051 2698 esset
1088 2661 1243 2699 tributa
1262 2689 1273 2711 ,
1302 2661 1381 2698 nisi
1411 2661 1515 2698 haec

47 2724 295 2762 scribentem
337 2725 560 2775 quaedam,
614 2729 658 2763 ut
698 2725 738 2764 id
777 2726 955 2783 faceret,
1007 2727 1286 2780 impulissent.
1363 2728 1515 2766 Caesar

49 2789 241 2828 uidelicet
274 2797 356 2830 tum
392 2798 557 2830 senatus
591 2793 832 2832 auctoritate
864 2797 952 2846 cogi
985 2795 1224 2846 uidebatur,
1268 2801 1310 2832 ut
1342 2797 1511 2846 prouin-

1241 2873 1295 2907 0-Ξί-
