1781 3192
230 183 318 221 146
797 186 864 225 m«)
897 187 1128 227 LEGlBUS

242 299 328 336 iura
359 301 575 335 tuerentur
609 295 777 345 Romae,
812 303 855 334 ut
886 298 1024 337 Sicilia
1058 300 1277 338 Marcellos
1319 300 1431 354 (Cic.
1467 305 1584 343 Verr.
1619 303 1698 356 ΙΙΙ,

245 354 307 395 18.
345 350 465 403 45),
508 349 750 403 Allobroges
785 354 934 392 Fabios
983 354 1108 405 (Sall.
1153 357 1240 395 Cat.
1280 356 1399 409 41.)‚
1440 359 1612 399 Sidicini
1660 368 1702 400 et

241 408 456 449 Puteolani
490 407 675 445 Cassium
709 415 752 447 et
782 410 928 448 Brutos
958 410 1068 463 (Cic.
1103 411 1212 450 Phil.
1245 413 1293 461 ll,
1329 412 1397 452 41.
1437 414 1571 465 102).
1632 418 1700 456 Sic

242 468 471 504 Locrenses
503 464 542 500 iu
576 464 748 503 Bruttiis
791 472 964 518 patrono
999 470 1218 507 utebantur
1249 469 1466 510 Cicerone.
1512 473 1595 512 Cic.
1625 486 1700 525 pro

238 521 381 560 Plane.
413 519 483 569 41,
516 517 585 558 97.

357 604 487 647 “’ῙῙ.
550 612 571 636 3
612 601 886 656 principio
926 603 966 640 id
1010 610 1097 654 est,
1143 604 1248 656 quod
1290 618 1364 643 nos
1407 605 1580 644 dicimus
1622 620 1698 645 von

241 671 339 697 vorn
365 658 528 696 herein.
594 655 656 695 Cf.
693 657 781 694 Cic.
816 659 930 697 Brut.
973 658 1041 709 42,
1087 662 1179 701 157.
1223 662 1455 699 dixeram
1499 677 1519 700 a
1558 665 1700 713 prin-

241 715 411 766 cipio,
454 712 512 750 de
553 724 606 748 re
645 712 859 763 publica
902 719 955 752 ut
1000 717 1296 756 sileremus
1337 717 1389 754 de
1430 719 1521 756 Diu.
1552 716 1587 769 1,
1629 720 1698 759 52.

245 771 336 811 118.
388 769 590 809 Similiter
621 782 641 805 a
672 773 839 821 primo
873 771 1034 813 dicitur.
1083 774 1144 813 Cf.
1171 773 1309 812 Mada.
1338 774 1390 811 de
1412 775 1504 812 Fin.
1538 788 1578 825 p.
1600 773 1698 815 401.

239 827 351 865 Male
380 829 507 877 igitur
530 824 676 863 Bakius
709 841 851 879 praep.
875 840 912 871 a
935 829 1024 866 sine
1054 832 1159 868 iusta
1191 830 1307 868 codd.
1332 833 1574 869 auctoritate
1608 845 1697 869 cum

238 884 352 922 Man.
386 889 427 921 et
460 883 543 919 Dan
588 883 854 921 omittendam
885 888 1054 934 putauit.
1115 888 1199 925 Nec
1231 885 1397 924 uoculae
1438 889 1533 925 iam
1575 889 1699 925 omit-

238 940 391 978 tendae
430 937 681 993 (omiserunt
712 945 845 978 autem
877 945 970 992 post
998 943 1205 981 Dauisium
1240 948 1410 994 excepto
1443 943 1568 982 Bakio
1610 957 1698 982 om-

238 993 337 1047 nes)
371 1009 490 1034 causa
522 993 602 1032 ulla
636 1001 711 1034 est.
771 996 933 1035 Deinde
971 1012 1051 1037 11011
1092 1000 1325 1038 necessaria
1369 1005 1433 1037 est
1464 999 1577 1038 Bakii
1608 1014 1698 1039 cor-

238 1055 364 1092 rectit)
397 1053 610 1091 deorum
643 1065 718 1103 pro
750 1066 934 1093 eorum.

351 1146 424 1193 ui,
454 1143 691 1193 ditione,
722 1144 950 1194 numine]
1013 1147 1271 1184 Deteriorum
1315 1145 1434 1185 codd.
1469 1148 1696 1184 correctio-

238 1213 331 1237 nem
366 1213 537 1238 eorum
571 1203 680 1250 geri
710 1201 922 1240 iudicio
956 1215 1007 1240 ac
1038 1205 1246 1240 numine
1286 1214 1425 1251 parum
1459 1208 1573 1239 recte
1605 1215 1696 1241 cum

238 1257 349 1295 Uict.
383 1262 425 1294 et
456 1257 594 1295 Lamb.
636 1259 862 1307 probarunt
899 1259 1023 1296 Goer.
1065 1259 1159 1298 Sch.
1204 1259 1307 1296 Mos.
1341 1258 1430 1306 Or.,
1463 1260 1496 1295 si
1528 1257 1694 1308 quidem

234 1313 480 1362 iudicando,
529 1312 624 1364 quid
670 1326 810 1352 uerum
852 1317 929 1364 sit,
976 1317 1156 1364 eruitur,
1206 1328 1285 1352 non
1336 1315 1440 1352 actio
1488 1314 1695 1364 dirigitur.

237 1369 375 1419 ltaque
408 1375 523 1406 certe
563 1370 792 1408 consilio
836 1371 915 1408 dici
957 1372 1149 1423 oportuit.
1217 1372 1301 1408 Nec
1342 1383 1440 1408 uero
1482 1370 1696 1422 probabile

235 1429 314 1473 est,
346 1424 455 1475 quod
486 1424 631 1462 itidem
663 1439 711 1463 ex
742 1427 843 1466 dett.
868 1426 1106 1477 quibusdam
1132 1426 1254 1464 codd.
1283 1431 1518 1476 excerptum
1542 1426 1696 1477 placuit

235 1481 379 1531 steph.
413 1481 514 1518 Dau.
544 1482 645 1519 Ern.
677 1482 803 1521 Bakio
835 1485 945 1533 geri
978 1483 1183 1521 ditione
1215 1496 1267 1520 ac
1297 1483 1514 1521 numine.
1574 1484 1696 1522 Men-

234 1536 328 1574 dum
364 1539 470 1574 enim
495 1537 587 1576 cod.
613 1539 725 1576 arch.
758 1539 1038 1578 iudicione
1071 1553 1122 1577 ac
1153 1539 1383 1587 numine,
1418 1542 1524 1577 etin
1547 1540 1695 1578 melio-

236 1595 348 1631 ribus
380 1593 499 1632 codd.
534 1600 738 1633 seruatum
773 1601 815 1635 et
845 1597 1126 1635 confirmatum
1159 1597 1415 1633 correctione
1444 1595 1694 1634 deteriorum

234 1649 434 1688 iudicio
466 1664 523 1688 ac
553 1653 784 1701 numine,
829 1666 931 1704 quae
970 1654 1050 1691 isto
1086 1652 1207 1690 modo
1247 1664 1327 1689 non
1368 1657 1479 1690 esset
1519 1658 1693 1702 tentata,

233 1707 313 1743 nisi
347 1706 544 1745 uocabulo
574 1706 781 1746 ditione
812 1711 850 1747 in
885 1709 977 1747 cod.
1011 1709 1121 1746 arch.
1143 1707 1297 1758 aliquid
1319 1712 1431 1745 esset
1454 1707 1691 1759 praelfflim,

234 1763 311 1799 1106
343 1764 467 1812 igitur
498 1763 590 1801 cod.
620 1765 729 1802 arch.
762 1765 953 1803 mendum
994 1765 1043 1802 ad
1083 1765 1379 1802 correctionem
1422 1763 1549 1813 ducit,
1591 1778 1694 1815 quae

235 1818 428 1857 Turnebo
468 1819 649 1870 placuit,
700 1821 912 1871 Manuti0‚
952 1822 1182 1872 W'agnem,
1223 1822 1271 1858 111
1314 1820 1534 1858 ditione
1604 1823 1694 1870 Qua

234 1877 402 1925 probata
441 1875 533 1913 tolli
575 1889 753 1915 11666556
787 1884 850 1916 est
887 1882 994 1929 part.
1046 1891 1123 1925 ac,
1174 1889 1291 1926 quam
1333 1874 1393 1913 illi
1433 1878 1694 1915 retinuerunt

232 1944 414 1982 quaeque
446 1934 524 1969 iam
555 1933 598 1969 in
632 1933 721 1972 cod.
752 1935 861 1974 31611.
893 1934 1032 1972 addita
1061 1941 1125 1971 est
1157 1932 1313 1970 duobus
1343 1932 1551 1971 uocabulis
1593 1947 1693 1972 con-

232 1988 340 2025 ssatis
391 1989 430 2025 in
482 2001 631 2038 unum,
681 1989 874 2029 similiter
920 1996 965 2029 ut
1010 1995 1060 2028 et
1110 1988 1294 2026 additum
1342 1992 1406 2025 est
1446 1989 1497 2027 ll.
1548 1990 1581 2039 ᾗ.
1623 1989 1691 2030 21.

233 2041 408 2094 (agros
451 2050 502 2083 et
538 2045 785 2099 templa),
832 2053 873 2085 et
908 2044 963 2087 11.
1005 2047 1038 2096 ᾇ.
1079 2045 1144 2085 28.
1191 2043 1334 2082 uocula
1379 2057 1474 2082 non
1524 2045 1692 2096 expulsa

233 2099 491 2151 (uirtutes
528 2102 661 2138 enim
701 2108 753 2139 et
794 2101 973 2155 uitia),
1014 2103 1197 2151 itemque
1228 2113 1291 2137 ne
1332 2097 1365 2138 I.
1410 2101 1443 2150 ᾧ.
1475 2100 1545 2141 54.
1579 2099 1689 2153 (3111

229 2152 544 2209 tandemne).
606 2157 706 2194 Nam
745 2159 786 2194 in
829 2159 905 2196 hac
937 2159 1144 2196 rhetorica
1174 2157 1381 2194 nominum
1415 2155 1690 2196 cumulatione

229 2210 487 2249 adiunctiuae
517 2212 745 2263 particulae
775 2212 907 2252 locum
941 2228 1020 2252 non
1053 2226 1146 2251 esse
1179 2213 1384 2250 assentior
1404 2213 1614 2263 Maduigio
1647 2215 1690 2252 in

231 2268 381 2319 OpuSC.
416 2264 446 2307 1.
479 2282 514 2319 p.
538 2267 633 2308 333.
697 2271 879 2321 Denique
910 2284 961 2309 116
992 2282 1127 2321 quem,
1160 2273 1204 2306 ut
1227 2269 1371 2306 Gzium
1399 2274 1441 2307 et
1464 2270 1689 2320 Moserum,

230 2325 310 2361 ista
341 2324 552 2362 offendant
592 2324 798 2364 ditione
837 2329 1043 2365 numine
1081 2326 1223 2375 geri,
1264 2329 1430 2376 praeter
1466 2325 1554 2364 Cic.
1597 2339 1690 2364 ora—

228 2381 410 2430 tionem,
452 2394 570 2431 quam
617 2382 808 2420 habuisse
846 2383 1021 2433 dicitur,
1069 2386 1285 2431 antequam
1326 2382 1366 2418 in
1406 2382 1569 2419 exilium
1609 2383 1690 2420 iret

230 2435 298 2485 10,
342 2434 410 2476 24.
454 2437 597 2475 confer
637 2437 746 2477 Plin.
788 2439 891 2478 Pan.
933 2439 969 2479 4.
1014 2441 1179 2487 (6111115
1222 2437 1428 2475 ditione
1458 2443 1689 2489 nutuque

230 2493 391 2529 maria
430 2498 636 2543 terrae,
690 2508 783 2545 pax
835 2494 977 2534 bella
1028 2495 1368 2545 regerentur)
1410 2499 1452 2532 et
1490 2494 1573 2545 Cic.
1611 2507 1685 2545 pro

227 2549 367 2597 Quint.
398 2548 466 2597 30,
498 2547 567 2590 94.
600 2552 659 2597 (51
693 2551 769 2588 sas
803 2558 882 2590 est
912 2553 1184 2603 respirare
1207 2550 1537 2599 P.Quintium
1570 2562 1685 2587 con-

227 2609 301 2641 tra
343 2609 517 2643 nutum
557 2604 921 2659 ditionemque
961 2608 1188 2654 Naeuii);
1243 2619 1320 2657 quo
1361 2605 1549 2656 exemplo
1590 2619 1685 2656 per-

225 2672 364 2710 peram
399 2662 525 2699 Gzius
555 2664 724 2713 negauit
762 2666 930 2702 istorum
975 2665 1187 2702 uerborum
1223 2663 1553 2700 coniunctionem
1586 2662 1624 2701 11.
1658 2660 1683 2700 l.

224 2718 477 2767 confirmari,
530 2720 618 2768 quia
658 2719 788 2757 ditio
828 2720 911 2759 illic
948 2720 1151 2758 inuidiose
1191 2718 1343 2758 dictum
1383 2725 1518 2768 esset,
1571 2719 1684 2769 quasi

222 2785 318 2810 uero
351 2773 506 2811 inuidia
539 2776 576 2812 in
615 2777 739 2814 uerbo
768 2779 837 2827 sit,
869 2791 947 2815 non
980 2779 1021 2814 in
1050 2790 1111 2815 re.
