1781 3192
445 212 597 250 Limen
633 212 854 250 PstlMUS.
909 213 1008 249 Um».
1047 210 1145 248 XXl.
1444 207 1525 246 105

180 325 409 379 prudens
444 330 493 361 et
527 323 733 372 acutus]
797 323 949 360 Eadem
986 323 1070 360 laus
1101 322 1303 360 Antiocho
1339 322 1527 359 tribuitur

68 386 155 424 Cic.
193 383 245 420 de
278 382 368 420 Nat.
403 380 523 420 Deor.
556 379 586 429 l,
619 379 659 418 7.
696 379 756 419 16.
789 379 860 417 Ac.
895 376 951 428 ll,
985 379 1054 419 35.
1092 378 1184 418 113.

179 440 208 489 ᾧ.
239 438 305 478 55.
366 438 449 486 qui
491 437 628 474 istuc
671 434 875 472 tandem
920 433 1121 485 uides?]
1184 434 1396 472 Sententia
1437 433 1527 485 pla-

70 497 254 543 nissima,
286 505 403 543 quam
428 504 569 530 omnes
591 490 841 541 intelligant,
867 492 965 529 haec
991 496 1077 529 est:
1111 491 1288 540 „Utrum
1313 491 1527 540 Antiocho,

71 554 135 591 cui
167 550 358 588 assentiri
381 561 445 585 me
470 560 518 585 ex
541 549 619 597 eis,
652 560 754 597 (piae
779 546 876 597 dixi,
908 546 1128 597 collegisti,
1155 549 1358 584 assentiar
1379 559 1527 595 necne,

71 620 162 648 mox
193 604 359 652 uidero3
394 607 536 650 (nunc)
570 604 645 641 hoc
679 607 876 650 (tantum)
911 603 1018 653 dico,
1053 608 1175 642 totam
1210 604 1329 640 istam
1363 608 1530 641 contro-

75 663 249 701 uersiam
281 672 403 709 posse
435 659 618 698 sedari“.
681 658 779 696 illud
815 660 940 709 igitur
971 661 1008 696 in
1045 658 1155 696 aliud
1187 663 1348 708 tempus
1380 661 1529 707 reiicit,

70 720 146 757 hoc
179 716 371 754 affirmat.
433 717 566 766 Atque
599 716 715 753 liuius
748 717 827 752 iam
858 717 917 753 rei
953 717 1132 753 rationes
1164 715 1324 752 Atticus
1358 716 1530 765 quaerit.

71 774 221 813 Merito
252 772 377 821 igitur
409 772 600 809 mendum
635 773 751 821 quin
784 773 923 809 istuc
955 771 1159 809 tandem
1196 768 1377 808 uides?
1413 783 1530 821 spre-

72 838 153 869 tum
192 841 214 865 a
249 827 460 878 plerisque
504 832 589 875 est3
637 829 899 866 retinuerunt
943 828 1052 866 Uict.
1101 832 1143 864 et
1191 826 1333 878 steph.
1383 827 1529 865 Bakius

74 898 170 925 uero
198 905 249 912 -—
276 883 521 921 incredibile
545 881 681 922 dictu!
708 906 758 911 ——
785 885 988 922 coniecit:
1021 884 1118 921 hoc
1143 883 1292 921 uideo
1326 888 1530 921 contro-

73 941 299 981 uersiam
335 943 494 976 totam
524 941 677 977 istam
712 952 866 989 posse
898 939 1089 978 sedari.
1128 940 1213 977 Att.
1256 940 1349 988 Qui
1391 942 1530 978 istuc

72 992 305 1037 tandem?
338 996 487 1032 omisso
522 996 660 1044 uerbo,
693 997 783 1045 quia
815 996 855 1032 in
887 994 956 1033 tali
992 997 1313 1046 interrogatione
1346 1009 1425 1035 non
1461 1008 1531 1033 ex-

71 1054 174 1107 pleri
226 1049 381 1089 soleret
435 1053 656 1088 sententia.
723 1051 787 1088 Cf.
827 1052 851 1088 1.
894 1052 925 1102 ξ.
972 1052 1041 1092 53.
1093 1054 1177 1102 qui
1224 1052 1358 1090 istuc
1404 1053 1530 1090 sieri

71 1112 254 1163 potest
284 1107 331 1145 L.
365 1104 547 1143 Gellio
578 1105 814 1144 mortuo?

187 1167 240 1202 ut
270 1162 425 1200 Chius
457 1163 637 1200 Aristo
675 1162 825 1212 dixit]
894 1164 1015 1202 Omni
1057 1163 1243 1201 codicum
1285 1164 1531 1201 auctoritate

73 1228 189 1262 caret
218 1218 327 1270 quod
354 1217 449 1256 olim
483 1231 718 1269 expressum
754 1226 819 1256 est
850 1232 872 1255 a
912 1220 1019 1258 Uict.
1060 1219 1203 1269 Stepli.
1244 1219 1351 1257 Man.
1392 1219 1530 1258 Lami).

72 1281 174 1318 Dan.
207 1275 306 1313 Ern.
343 1274 569 1325 Wagnero:
602 1275 666 1324 si,
704 1279 754 1312 ut
785 1275 942 1313 Chius
974 1277 1146 1314 Aristo
1180 1274 1340 1326 dixit,
1373 1274 1530 1312 solum

75 1338 253 1375 bonum
286 1342 406 1369 esse
438 1330 622 1368 dicere
637 1336 667 1368 t.
729 1331 791 1369 Ad
830 1333 1076 1370 sententiam
1119 1344 1314 1382 peruersa
1346 1336 1409 1368 est
1440 1345 1532 1368 cor-

75 1391 204 1431 rectio
235 1388 338 1425 haec
372 1388 411 1424 in
444 1385 716 1424 deterioribus
749 1388 989 1438 quibusdam
1025 1387 1142 1426 codd.
1175 1391 1356 1426 tentata:
1400 1388 1530 1436 quia,

76 1449 140 1497 si,
180 1450 233 1483 ut
269 1443 436 1480 Chius
478 1443 654 1480 Aristo
701 1443 862 1491 dixit,
914 1443 1075 1481 solum
1129 1445 1312 1481 bonum
1362 1448 1531 1491 esset,

78 1501 213 1554 quod
251 1521 304 1525 m
347 1500 664 1546 interesset,
709 1498 864 1536 ualde
905 1506 985 1538 cet.
1055 1499 1249 1538 Codicum
1289 1500 1531 1550 scripturam

81 1557 333 1597 uerissimam
368 1552 475 1590 illam
510 1553 671 1603 quidem
706 1554 822 1592 latini
855 1558 1055 1593 sermonis
1087 1557 1234 1594 rationi
1263 1569 1402 1607 parum
1436 1568 1535 1593 con-

79 1615 294 1652 uenienter
335 1610 456 1648 Goer.
507 1609 697 1649 Schuetz.
750 1611 853 1650 Mos.
907 1613 965 1649 sic
1009 1619 1106 1650 sunt
1151 1613 1440 1663 interpretati,
1494 1618 1536 1649 ut

79 1670 218 1707 dixit
247 1665 298 1704 ad
330 1664 645 1704 conditionalem
680 1668 925 1705 sententiam
957 1669 1168 1718 pertinere
1199 1673 1241 1706 et
1270 1682 1344 1719 pro
1377 1667 1536 1705 dixis-

77 1729 156 1763 set
182 1723 277 1775 poni
309 1721 508 1759 dicerent.
570 1721 759 1761 Pertinet
792 1736 887 1760 uero
921 1723 978 1761 ad·
1000 1726 1258 1762 interiectam
1285 1725 1533 1762 sententiam

77 1788 130 1819 nt
162 1779 327 1818 Chius
361 1778 562 1826 Aristo,
603 1790 648 1816 ex
683 1792 758 1828 qua
789 1780 877 1830 ipsa
908 1792 984 1831 per
1015 1783 1302 1818 attractionem
1335 1779 1533 1830 quandam

77 1836 253 1875 similem
295 1835 356 1884 ei,
393 1846 467 1884 per
506 1846 622 1883 quam
665 1836 960 1873 snbstantiuum
1014 1836 1061 1873 ad
1117 1835 1235 1874 relat.
1287 1838 1534 1874 sententiam

78 1892 306 1944 applicatur
336 1890 384 1939 (ᾗ.
418 1888 522 1938 41),
558 1890 695 1927 iuncta
725 1896 834 1940 sunt,
869 1905 970 1941 quae
1001 1891 1049 1929 ad
1084 1891 1406 1930 conditionalem
1442 1905 1537 1930 sen·

79 1949 247 1986 tentiam
279 1944 472 1997 applicari
507 1947 738 1996 oportebat.
800 1947 928 1985 Recte
959 1949 1019 1986 sic
1054 1947 1201 1985 Bakius
1241 1949 1538 2000 interpretatus

79 2010 143 2042 est
174 2008 216 2040 et
247 2015 322 2052 ego
355 2003 648 2052 interpretatus
681 2015 788 2040 eram
823 2004 863 2040 in
896 2004 1030 2041 Jaliuii
1064 2005 1150 2041 Ann
1205 2002 1324 2044 1842.
1364 2017 1405 2054 p.
1440 2003 1536 2043 302.

82 2056 279 2109 Exemplo
319 2071 340 2094 a
381 2056 506 2093 Bakio
548 2055 710 2095 laudato
753 2059 803 2095 de
838 2060 915 2096 0ss'.
950 2056 983 2108 I,
1018 2061 1056 2098 7.
1089 2060 1160 2099 22.
1194 2057 1453 2113 (quoniam
1487 2082 1540 2086 —

80 2121 132 2153 nt
172 2113 350 2165 placet
381 2112 578 2150 Stoicis
609 2135 662 2140 —-
694 2115 866 2151 omnia
912 2112 1105 2167 creari)
1145 2115 1250 2152 adde
1292 2116 1417 2153 haec:
1460 2116 1541 2154 Cic.

79 2171 131 2209 de
162 2170 266 2221 ch.
300 2165 335 2218 Ι,
366 2167 433 2208 37.
466 2166 535 2208 58.
598 2169 675 2218 Si,
716 2174 770 2207 ut
802 2170 990 2208 Graeci
1031 2170 1218 2209 dicunt
1252 2183 1428 2209 omnes
1459 2177 1541 2208 aut

80 2227 269 2265 Graios
292 2237 410 2263 esse
432 2227 522 2261 aut
547 2224 830 2275 barbaros,
863 2238 1074 2276 uereor,
1105 2239 1167 2264 ne
1195 2228 1539 2265 barbarorum

79 2295 171 2320 rex
201 2280 384 2319 fuerit.
428 2279 480 2317 de
512 2280 583 2318 Or.
616 2281 682 2330 ΙΙΙ,
729 2282 765 2320 1.
798 2280 838 2322 3.
881 2281 933 2320 de
966 2283 1066 2333 Rep.
1097 2282 1163 2332 ΙΙΙ,
1201 2282 1240 2323 3.
1272 2281 1310 2323 4.
1353 2283 1405 2321 de
1447 2283 1541 2321 Fiu.

80 2334 162 2387 ΙΙΙ,
193 2337 234 2377 2.
267 2335 332 2386 5.,
363 2338 430 2374 ubi
462 2337 734 2386 antiquiorum
770 2337 973 2375 editorum
1007 2340 1209 2390 scriptura
1238 2339 1364 2378 haec:
1403 2345 1452 2377 et
1482 2341 1541 2387 si,

82 2392 213 2444 quod
252 2404 413 2443 saepe
459 2391 681 2430 diximus
721 2415 775 2420 —
816 2406 910 2431 nos
951 2407 1048 2432 non
1082 2395 1231 2434 modo
1260 2408 1360 2433 non
1392 2396 1542 2432 uinci

83 2463 104 2486 a
136 2448 363 2486 Graecis
406 2448 684 2486 uerborum
728 2450 902 2500 copia,
942 2450 1036 2488 sed
1067 2463 1185 2488 esse
1215 2453 1260 2489 in
1295 2464 1351 2490 ea
1382 2452 1541 2488 etiam

82 2504 420 2556 superiores,
453 2501 832 2543 elaborandum
868 2509 944 2543 est
975 2512 1053 2545 cet.
1091 2507 1325 2546 reuocanda
1365 2511 1432 2545 est
1468 2520 1542 2558 pro

83 2574 156 2610 ea,
202 2573 320 2611 quam
360 2558 544 2610 plerique
584 2561 834 2611 interpretes
866 2568 1136 2615 susceperunt
1168 2564 1267 2602 etsi
1297 2562 1455 2614 quod,
1503 2568 1546 2600 ut

85 2617 187 2655 etsi
231 2615 282 2654 ad
324 2614 698 2653 elaborandum
743 2622 826 2654 est
865 2619 1109 2669 pertineret,
1151 2625 1194 2658 et
1232 2632 1306 2670 pro
1346 2619 1545 2669 Maduigii

88 2674 322 2710 coniectura
354 2679 403 2709 et
443 2674 686 2721 quoniam
727 2684 888 2723 saepe
929 2673 1151 2712 diximus
1194 2681 1274 2714 cet.
1346 2675 1547 2724 Quocirca

86 2727 306 2778 probabilis
358 2741 438 2765 non
495 2734 559 2765 est
604 2741 680 2766 nee
720 2729 873 2766 Danisii
915 2732 1172 2769 coniectura:
1215 2732 1354 2782 quia,
1395 2732 1464 2778 si,
1499 2736 1549 2766 ut

87 2783 246 2821 Chius
304 2785 517 2832 Aristo,
571 2783 778 2821 diceret
840 2797 915 2822 nec
963 2786 1162 2837 Maduigii
1227 2789 1266 2824 in
1309 2786 1548 2825 Emendatt.
