<?xml version="1.0" encoding="UTF-8"?>
<!DOCTYPE html PUBLIC "-//W3C//DTD XHTML 1.0 Transitional//EN"
    "http://www.w3.org/TR/xhtml1/DTD/xhtml1-transitional.dtd">
<html xmlns="http://www.w3.org/1999/xhtml" xml:lang="en" lang="en">
 <head>
  <title>
</title>
<meta http-equiv="Content-Type" content="text/html;charset=utf-8" />
  <meta name='ocr-system' content='tesseract 3.04.00' />
  <meta name='ocr-capabilities' content='ocr_page ocr_carea ocr_par ocr_line ocrx_word'/>
</head>
<body>
  <div class='ocr_page' id='page_1' title='image "./delegibuslibritr0102ciceuoft_0452.png"; bbox 0 0 1781 3192; ppageno 0'>
   <div class='ocr_carea' id='block_1_1' title="bbox 265 197 1168 239">
    <p class='ocr_par' dir='ltr' id='par_1_1' title="bbox 265 197 1168 239">
     <span class='ocr_line' id='line_1_1' title="bbox 265 197 1168 239; baseline 0.001 -1"><span class='ocrx_word' id='word_1_1' title='bbox 265 197 356 238; x_wconf 60' lang='lat'>246</span> <span class='ocrx_word' id='word_1_2' title='bbox 834 200 904 238; x_wconf 72' lang='lat' dir='ltr'>Di«)</span> <span class='ocrx_word' id='word_1_3' title='bbox 936 199 1168 239; x_wconf 82' lang='lat' dir='ltr'>LEGiBUS</span> 
     </span>
    </p>
   </div>
   <div class='ocr_carea' id='block_1_2' title="bbox 264 309 1731 827">
    <p class='ocr_par' dir='ltr' id='par_1_2' title="bbox 267 309 1727 419">
     <span class='ocr_line' id='line_1_2' title="bbox 383 309 1727 368; baseline 0.006 -20"><span class='ocrx_word' id='word_1_4' title='bbox 383 310 417 360; x_wconf 56' lang='grc' dir='ltr'>ᾗ.</span> <span class='ocrx_word' id='word_1_5' title='bbox 449 310 515 351; x_wconf 87' lang='grc'>66.</span> <span class='ocrx_word' id='word_1_6' title='bbox 577 309 848 360; x_wconf 81' lang='lat' dir='ltr'>Pittacus,</span> <span class='ocrx_word' id='word_1_7' title='bbox 895 324 996 350; x_wconf 90' lang='lat' dir='ltr'>unus</span> <span class='ocrx_word' id='word_1_8' title='bbox 1038 325 1060 349; x_wconf 89' lang='lat' dir='ltr'>e</span> <span class='ocrx_word' id='word_1_9' title='bbox 1103 315 1262 364; x_wconf 79' lang='lat' dir='ltr'>septem</span> <span class='ocrx_word' id='word_1_10' title='bbox 1305 314 1581 367; x_wconf 74' lang='lat' dir='ltr'>sapientibus,</span> <span class='ocrx_word' id='word_1_11' title='bbox 1613 315 1727 368; x_wconf 79' lang='lat' dir='ltr'>leges</span> 
     </span>
     <span class='ocr_line' id='line_1_3' title="bbox 267 365 1234 419; baseline 0.002 -15"><span class='ocrx_word' id='word_1_12' title='bbox 267 367 431 418; x_wconf 85' lang='lat' dir='ltr'>scripsit</span> <span class='ocrx_word' id='word_1_13' title='bbox 463 365 743 416; x_wconf 72' lang='lat' dir='ltr'>Mitylenaeis.</span> <span class='ocrx_word' id='word_1_14' title='bbox 776 367 839 407; x_wconf 84' lang='lat' dir='ltr'>cf.</span> <span class='ocrx_word' id='word_1_15' title='bbox 874 368 988 419; x_wconf 82' lang='lat' dir='ltr'>Diog.</span> <span class='ocrx_word' id='word_1_16' title='bbox 1021 369 1068 406; x_wconf 91' lang='lat' dir='ltr'>L.</span> <span class='ocrx_word' id='word_1_17' title='bbox 1103 369 1133 418; x_wconf 82' lang='grc' dir='ltr'>Ι,</span> <span class='ocrx_word' id='word_1_18' title='bbox 1166 367 1234 408; x_wconf 66' lang='grc'><strong>7-1.</strong></span> 
     </span>
    </p>

    <p class='ocr_par' dir='ltr' id='par_1_3' title="bbox 264 431 1731 827">
     <span class='ocr_line' id='line_1_4' title="bbox 383 431 1728 487; baseline 0.007 -18"><span class='ocrx_word' id='word_1_19' title='bbox 383 431 624 483; x_wconf 83' lang='lat' dir='ltr'>aliorum]</span> <span class='ocrx_word' id='word_1_20' title='bbox 689 434 833 472; x_wconf 80' lang='lat' dir='ltr'>Bakius</span> <span class='ocrx_word' id='word_1_21' title='bbox 866 441 980 474; x_wconf 87' lang='lat' dir='ltr'>recte</span> <span class='ocrx_word' id='word_1_22' title='bbox 1013 437 1114 475; x_wconf 84' lang='lat' dir='ltr'>dicit</span> <span class='ocrx_word' id='word_1_23' title='bbox 1147 434 1321 487; x_wconf 80' lang='lat' dir='ltr'>intelligi</span> <span class='ocrx_word' id='word_1_24' title='bbox 1356 435 1574 476; x_wconf 88' lang='lat' dir='ltr'>alienos.</span> <span class='ocrx_word' id='word_1_25' title='bbox 1641 440 1728 479; x_wconf 89' lang='lat' dir='ltr'>Nec</span> 
     </span>
     <span class='ocr_line' id='line_1_5' title="bbox 266 488 1729 543; baseline 0.005 -18"><span class='ocrx_word' id='word_1_26' title='bbox 266 492 400 526; x_wconf 82' lang='lat' dir='ltr'>tamen</span> <span class='ocrx_word' id='word_1_27' title='bbox 434 494 501 527; x_wconf 88' lang='lat' dir='ltr'>aut</span> <span class='ocrx_word' id='word_1_28' title='bbox 532 488 844 541; x_wconf 83' lang='lat' dir='ltr'>alienorum,</span> <span class='ocrx_word' id='word_1_29' title='bbox 877 497 944 530; x_wconf 85' lang='lat' dir='ltr'>aut</span> <span class='ocrx_word' id='word_1_30' title='bbox 976 493 1083 543; x_wconf 84' lang='lat' dir='ltr'>quod</span> <span class='ocrx_word' id='word_1_31' title='bbox 1109 491 1239 531; x_wconf 86' lang='lat' dir='ltr'>Orell.</span> <span class='ocrx_word' id='word_1_32' title='bbox 1262 493 1569 533; x_wconf 86' lang='lat' dir='ltr'>commendauit</span> <span class='ocrx_word' id='word_1_33' title='bbox 1599 493 1729 533; x_wconf 84' lang='lat' dir='ltr'>alie-</span> 
     </span>
     <span class='ocr_line' id='line_1_6' title="bbox 266 548 1728 601; baseline 0.005 -20"><span class='ocrx_word' id='word_1_34' title='bbox 266 558 379 583; x_wconf 90' lang='lat' dir='ltr'>num</span> <span class='ocrx_word' id='word_1_35' title='bbox 413 548 561 595; x_wconf 80' lang='lat' dir='ltr'><strong>corrigi</strong></span> <span class='ocrx_word' id='word_1_36' title='bbox 594 560 766 585; x_wconf 83' lang='lat' dir='ltr'>neeesse</span> <span class='ocrx_word' id='word_1_37' title='bbox 799 553 874 589; x_wconf 79' lang='lat' dir='ltr'>est,</span> <span class='ocrx_word' id='word_1_38' title='bbox 937 549 977 586; x_wconf 86' lang='lat' dir='ltr'>in</span> <span class='ocrx_word' id='word_1_39' title='bbox 1020 554 1185 601; x_wconf 84' lang='lat' dir='ltr'>promtu</span> <span class='ocrx_word' id='word_1_40' title='bbox 1219 550 1325 587; x_wconf 91' lang='lat' dir='ltr'>enim</span> <span class='ocrx_word' id='word_1_41' title='bbox 1361 555 1425 588; x_wconf 86' lang='lat' dir='ltr'>est</span> <span class='ocrx_word' id='word_1_42' title='bbox 1452 550 1594 590; x_wconf 88' lang='lat' dir='ltr'>alios</span> <span class='ocrx_word' id='word_1_43' title='bbox 1625 552 1668 590; x_wconf 88' lang='lat' dir='ltr'>h.</span> <span class='ocrx_word' id='word_1_44' title='bbox 1699 550 1728 589; x_wconf 91' lang='lat' dir='ltr'>l.</span> 
     </span>
     <span class='ocr_line' id='line_1_7' title="bbox 267 601 1731 655; baseline 0.004 -15"><span class='ocrx_word' id='word_1_45' title='bbox 267 601 449 640; x_wconf 82' lang='lat' dir='ltr'>discerni</span> <span class='ocrx_word' id='word_1_46' title='bbox 491 616 570 639; x_wconf 91' lang='lat' dir='ltr'>non</span> <span class='ocrx_word' id='word_1_47' title='bbox 612 616 633 641; x_wconf 80' lang='lat' dir='ltr'>a</span> <span class='ocrx_word' id='word_1_48' title='bbox 667 605 784 642; x_wconf 82' lang='lat' dir='ltr'>nobis</span> <span class='ocrx_word' id='word_1_49' title='bbox 824 606 949 655; x_wconf 84' lang='lat' dir='ltr'>solis,</span> <span class='ocrx_word' id='word_1_50' title='bbox 993 606 1068 644; x_wconf 86' lang='lat' dir='ltr'>sed</span> <span class='ocrx_word' id='word_1_51' title='bbox 1109 608 1231 644; x_wconf 83' lang='lat' dir='ltr'>etiam</span> <span class='ocrx_word' id='word_1_52' title='bbox 1274 620 1295 643; x_wconf 88' lang='lat' dir='ltr'>a</span> <span class='ocrx_word' id='word_1_53' title='bbox 1333 608 1502 645; x_wconf 87' lang='lat' dir='ltr'>nostris.</span> <span class='ocrx_word' id='word_1_54' title='bbox 1568 607 1731 646; x_wconf 81' lang='lat' dir='ltr'><strong>Deinde</strong></span> 
     </span>
     <span class='ocr_line' id='line_1_8' title="bbox 265 659 1729 715; baseline 0.005 -21"><span class='ocrx_word' id='word_1_55' title='bbox 265 670 473 707; x_wconf 81' lang='lat' dir='ltr'>rursus,</span> <span class='ocrx_word' id='word_1_56' title='bbox 502 659 608 709; x_wconf 86' lang='lat' dir='ltr'>quod</span> <span class='ocrx_word' id='word_1_57' title='bbox 641 660 690 697; x_wconf 86' lang='lat' dir='ltr'>ad</span> <span class='ocrx_word' id='word_1_58' title='bbox 726 662 1092 700; x_wconf 84' lang='lat' dir='ltr'>increbruisse</span> <span class='ocrx_word' id='word_1_59' title='bbox 1120 664 1320 714; x_wconf 79' lang='lat' dir='ltr'>pertinet,</span> <span class='ocrx_word' id='word_1_60' title='bbox 1353 676 1441 700; x_wconf 91' lang='lat' dir='ltr'>cum</span> <span class='ocrx_word' id='word_1_61' title='bbox 1477 665 1517 702; x_wconf 91' lang='lat' dir='ltr'>ui</span> <span class='ocrx_word' id='word_1_62' title='bbox 1556 664 1729 715; x_wconf 82' lang='lat' dir='ltr'>quadam</span> 
     </span>
     <span class='ocr_line' id='line_1_9' title="bbox 264 714 1729 771; baseline 0.005 -21"><span class='ocrx_word' id='word_1_63' title='bbox 264 715 479 766; x_wconf 71' lang='lat' dir='ltr'>praemisit</span> <span class='ocrx_word' id='word_1_64' title='bbox 509 714 737 754; x_wconf 87' lang='lat' dir='ltr'>leuioribus</span> <span class='ocrx_word' id='word_1_65' title='bbox 772 720 938 756; x_wconf 80' lang='lat' dir='ltr'>uocibus</span> <span class='ocrx_word' id='word_1_66' title='bbox 972 720 1278 770; x_wconf 83' lang='lat' dir='ltr'>interpositum,</span> <span class='ocrx_word' id='word_1_67' title='bbox 1309 725 1352 757; x_wconf 91' lang='lat' dir='ltr'>ut</span> <span class='ocrx_word' id='word_1_68' title='bbox 1382 720 1506 761; x_wconf 75' lang='lat' dir='ltr'>Tusc.</span> <span class='ocrx_word' id='word_1_69' title='bbox 1531 721 1580 771; x_wconf 87' lang='lat' dir='ltr'>V,</span> <span class='ocrx_word' id='word_1_70' title='bbox 1614 721 1655 761; x_wconf 82' lang='lat'>2.</span> <span class='ocrx_word' id='word_1_71' title='bbox 1688 720 1729 761; x_wconf 84' lang='lat'>5.</span> 
     </span>
     <span class='ocr_line' id='line_1_10' title="bbox 265 771 1329 827; baseline 0.008 -20"><span class='ocrx_word' id='word_1_72' title='bbox 265 784 287 808; x_wconf 89' lang='lat' dir='ltr'>o</span> <span class='ocrx_word' id='word_1_73' title='bbox 322 772 463 808; x_wconf 84' lang='lat' dir='ltr'>uitae</span> <span class='ocrx_word' id='word_1_74' title='bbox 496 771 846 825; x_wconf 80' lang='lat' dir='ltr'><strong>philosophia</strong></span> <span class='ocrx_word' id='word_1_75' title='bbox 879 775 988 813; x_wconf 84' lang='lat' dir='ltr'>dux.</span> <span class='ocrx_word' id='word_1_76' title='bbox 1037 776 1102 814; x_wconf 89' lang='lat' dir='ltr'>Cf.</span> <span class='ocrx_word' id='word_1_77' title='bbox 1138 776 1185 814; x_wconf 86' lang='grc' dir='ltr'>ΙΙ.</span> <span class='ocrx_word' id='word_1_78' title='bbox 1222 776 1255 827; x_wconf 77' lang='lat'>§.</span> <span class='ocrx_word' id='word_1_79' title='bbox 1288 774 1329 815; x_wconf 85' lang='lat'>9.</span> 
     </span>
    </p>
   </div>
   <div class='ocr_carea' id='block_1_3' title="bbox 263 839 1732 1064">
    <p class='ocr_par' dir='ltr' id='par_1_4' title="bbox 263 839 1732 1064">
     <span class='ocr_line' id='line_1_11' title="bbox 380 839 1727 893; baseline 0.005 -18"><span class='ocrx_word' id='word_1_80' title='bbox 380 839 514 876; x_wconf 87' lang='lat' dir='ltr'>ciuis</span> <span class='ocrx_word' id='word_1_81' title='bbox 550 853 571 877; x_wconf 91' lang='lat' dir='ltr'>e</span> <span class='ocrx_word' id='word_1_82' title='bbox 603 854 655 877; x_wconf 89' lang='lat' dir='ltr'>re</span> <span class='ocrx_word' id='word_1_83' title='bbox 688 854 711 892; x_wconf 86' lang='lat' dir='ltr'><strong>p</strong></span> <span class='ocrx_word' id='word_1_84' title='bbox 725 841 915 893; x_wconf 83' lang='lat' dir='ltr'>ublica]</span> <span class='ocrx_word' id='word_1_85' title='bbox 977 843 1089 892; x_wconf 80' lang='lat' dir='ltr'>Quae</span> <span class='ocrx_word' id='word_1_86' title='bbox 1122 843 1366 892; x_wconf 79' lang='lat' dir='ltr'>aWagnero</span> <span class='ocrx_word' id='word_1_87' title='bbox 1399 846 1441 880; x_wconf 88' lang='lat' dir='ltr'>et</span> <span class='ocrx_word' id='word_1_88' title='bbox 1463 843 1630 882; x_wconf 84' lang='lat' dir='ltr'>Mosero</span> <span class='ocrx_word' id='word_1_89' title='bbox 1661 845 1727 882; x_wconf 89' lang='lat' dir='ltr'>in-</span> 
     </span>
     <span class='ocr_line' id='line_1_12' title="bbox 264 894 1731 951; baseline 0.005 -20"><span class='ocrx_word' id='word_1_90' title='bbox 264 895 373 932; x_wconf 83' lang='lat' dir='ltr'>iecta</span> <span class='ocrx_word' id='word_1_91' title='bbox 397 894 595 934; x_wconf 79' lang='lat' dir='ltr'>dubitatio</span> <span class='ocrx_word' id='word_1_92' title='bbox 621 903 701 947; x_wconf 86' lang='lat' dir='ltr'>est,</span> <span class='ocrx_word' id='word_1_93' title='bbox 735 902 886 949; x_wconf 85' lang='lat' dir='ltr'>utrum,</span> <span class='ocrx_word' id='word_1_94' title='bbox 911 912 1000 937; x_wconf 83' lang='lat' dir='ltr'>curn</span> <span class='ocrx_word' id='word_1_95' title='bbox 1025 903 1137 938; x_wconf 87' lang='lat' dir='ltr'>recte</span> <span class='ocrx_word' id='word_1_96' title='bbox 1163 899 1371 937; x_wconf 84' lang='lat' dir='ltr'>diceretur</span> <span class='ocrx_word' id='word_1_97' title='bbox 1394 912 1415 937; x_wconf 93' lang='lat' dir='ltr'>e</span> <span class='ocrx_word' id='word_1_98' title='bbox 1440 913 1492 938; x_wconf 90' lang='lat' dir='ltr'>re</span> <span class='ocrx_word' id='word_1_99' title='bbox 1516 898 1731 951; x_wconf 83' lang='lat' dir='ltr'>publica</span> 
     </span>
     <span class='ocr_line' id='line_1_13' title="bbox 263 951 1732 1009; baseline 0.005 -21"><span class='ocrx_word' id='word_1_100' title='bbox 263 951 445 988; x_wconf 78' lang='lat' dir='ltr'>facere</span> <span class='ocrx_word' id='word_1_101' title='bbox 478 952 608 1004; x_wconf 72' lang='lat' dir='ltr'>(Phil.</span> <span class='ocrx_word' id='word_1_102' title='bbox 644 954 710 1003; x_wconf 79' lang='lat'>111,</span> <span class='ocrx_word' id='word_1_103' title='bbox 751 955 808 994; x_wconf 77' lang='lat'>15.</span> <span class='ocrx_word' id='word_1_104' title='bbox 843 955 895 992; x_wconf 90' lang='lat' dir='ltr'>de</span> <span class='ocrx_word' id='word_1_105' title='bbox 927 956 999 993; x_wconf 87' lang='lat' dir='ltr'>Or.</span> <span class='ocrx_word' id='word_1_106' title='bbox 1034 955 1083 1004; x_wconf 83' lang='grc' dir='ltr'>ΙΙ,</span> <span class='ocrx_word' id='word_1_107' title='bbox 1116 953 1228 1009; x_wconf 57' lang='lat'>28),</span> <span class='ocrx_word' id='word_1_108' title='bbox 1262 957 1358 992; x_wconf 82' lang='lat' dir='ltr'>item</span> <span class='ocrx_word' id='word_1_109' title='bbox 1384 962 1498 995; x_wconf 88' lang='lat' dir='ltr'>recte</span> <span class='ocrx_word' id='word_1_110' title='bbox 1521 956 1732 996; x_wconf 75' lang='lat' dir='ltr'>diceretur</span> 
     </span>
     <span class='ocr_line' id='line_1_14' title="bbox 263 1008 1729 1064; baseline 0.005 -19"><span class='ocrx_word' id='word_1_111' title='bbox 263 1009 304 1045; x_wconf 85' lang='lat' dir='ltr'>iu</span> <span class='ocrx_word' id='word_1_112' title='bbox 339 1008 578 1047; x_wconf 80' lang='lat' dir='ltr'>attributiua</span> <span class='ocrx_word' id='word_1_113' title='bbox 612 1012 827 1049; x_wconf 87' lang='lat' dir='ltr'>uerborum</span> <span class='ocrx_word' id='word_1_114' title='bbox 861 1014 1152 1050; x_wconf 87' lang='lat' dir='ltr'>coniunctione</span> <span class='ocrx_word' id='word_1_115' title='bbox 1191 1013 1329 1051; x_wconf 90' lang='lat' dir='ltr'>ciuis</span> <span class='ocrx_word' id='word_1_116' title='bbox 1362 1025 1384 1049; x_wconf 93' lang='lat' dir='ltr'>e</span> <span class='ocrx_word' id='word_1_117' title='bbox 1415 1025 1468 1050; x_wconf 90' lang='lat' dir='ltr'>re</span> <span class='ocrx_word' id='word_1_118' title='bbox 1499 1012 1729 1064; x_wconf 87' lang='lat' dir='ltr'>publica,</span> 
     </span>
    </p>
   </div>
   <div class='ocr_carea' id='block_1_4' title="bbox 261 1066 1729 1523">
    <p class='ocr_par' dir='ltr' id='par_1_5' title="bbox 261 1066 1729 1523">
     <span class='ocr_line' id='line_1_15' title="bbox 266 1066 1729 1131; baseline 0.006 -19"><span class='ocrx_word' id='word_1_119' title='bbox 266 1081 313 1112; x_wconf 85' lang='lat' dir='ltr'>ut</span> <span class='ocrx_word' id='word_1_120' title='bbox 361 1078 462 1114; x_wconf 77' lang='lat' dir='ltr'>ciuis</span> <span class='ocrx_word' id='word_1_121' title='bbox 504 1078 632 1114; x_wconf 85' lang='lat' dir='ltr'>bonus</span> <span class='ocrx_word' id='word_1_122' title='bbox 676 1085 718 1117; x_wconf 88' lang='lat' dir='ltr'>et</span> <span class='ocrx_word' id='word_1_123' title='bbox 758 1078 891 1129; x_wconf 81' lang='lat' dir='ltr'>utilis,</span> <span class='ocrx_word' id='word_1_124' title='bbox 941 1093 1059 1131; x_wconf 90' lang='lat' dir='ltr'>quem</span> <span class='ocrx_word' id='word_1_125' title='bbox 1099 1080 1245 1117; x_wconf 86' lang='lat' dir='ltr'>Graeci</span> <span class='ocrx_word' id='word_1_126' title='bbox 1294 1066 1526 1129; x_wconf 72' lang='grc' dir='ltr'>χρηστόν</span> <span class='ocrx_word' id='word_1_127' title='bbox 1567 1087 1729 1130; x_wconf 77' lang='lat' dir='ltr'>uocant,</span> 
     </span>
     <span class='ocr_line' id='line_1_16' title="bbox 264 1135 1729 1188; baseline 0.005 -19"><span class='ocrx_word' id='word_1_128' title='bbox 264 1135 590 1183; x_wconf 66' lang='lat' dir='ltr'>significaretur,</span> <span class='ocrx_word' id='word_1_129' title='bbox 633 1148 720 1172; x_wconf 87' lang='lat' dir='ltr'>eam</span> <span class='ocrx_word' id='word_1_130' title='bbox 762 1149 930 1187; x_wconf 83' lang='lat' dir='ltr'>prorsus</span> <span class='ocrx_word' id='word_1_131' title='bbox 969 1149 1100 1188; x_wconf 81' lang='lat' dir='ltr'>nuper</span> <span class='ocrx_word' id='word_1_132' title='bbox 1139 1136 1286 1175; x_wconf 80' lang='lat' dir='ltr'>ssakius</span> <span class='ocrx_word' id='word_1_133' title='bbox 1329 1144 1371 1175; x_wconf 88' lang='lat' dir='ltr'>et</span> <span class='ocrx_word' id='word_1_134' title='bbox 1411 1143 1507 1175; x_wconf 86' lang='lat' dir='ltr'>ante</span> <span class='ocrx_word' id='word_1_135' title='bbox 1548 1138 1729 1177; x_wconf 88' lang='lat' dir='ltr'>Orellius</span> 
     </span>
     <span class='ocr_line' id='line_1_17' title="bbox 264 1186 1729 1243; baseline 0.006 -19"><span class='ocrx_word' id='word_1_136' title='bbox 264 1186 361 1239; x_wconf 81' lang='lat' dir='ltr'>(pro</span> <span class='ocrx_word' id='word_1_137' title='bbox 396 1191 494 1229; x_wconf 71' lang='lat' dir='ltr'>stab.</span> <span class='ocrx_word' id='word_1_138' title='bbox 532 1191 566 1240; x_wconf 52' lang='grc' dir='ltr'>ᾗ.</span> <span class='ocrx_word' id='word_1_139' title='bbox 600 1189 695 1243; x_wconf 78' lang='lat'><strong>⁴23.)</strong></span> <span class='ocrx_word' id='word_1_140' title='bbox 728 1192 896 1230; x_wconf 72' lang='lat' dir='ltr'>sustulit</span> <span class='ocrx_word' id='word_1_141' title='bbox 922 1193 987 1231; x_wconf 85' lang='lat' dir='ltr'>his</span> <span class='ocrx_word' id='word_1_142' title='bbox 1022 1192 1220 1243; x_wconf 71' lang='lat' dir='ltr'>exemplis</span> <span class='ocrx_word' id='word_1_143' title='bbox 1256 1193 1505 1232; x_wconf 76' lang='lat' dir='ltr'>afferendis:</span> <span class='ocrx_word' id='word_1_144' title='bbox 1538 1195 1587 1232; x_wconf 86' lang='lat' dir='ltr'>ad</span> <span class='ocrx_word' id='word_1_145' title='bbox 1614 1195 1729 1234; x_wconf 83' lang='lat' dir='ltr'>Fam.</span> 
     </span>
     <span class='ocr_line' id='line_1_18' title="bbox 264 1246 1729 1300; baseline 0.005 -18"><span class='ocrx_word' id='word_1_146' title='bbox 264 1246 333 1293; x_wconf 57' lang='lat' dir='ltr'>lx,</span> <span class='ocrx_word' id='word_1_147' title='bbox 365 1246 431 1285; x_wconf 71' lang='lat'>21.</span> <span class='ocrx_word' id='word_1_148' title='bbox 465 1246 502 1287; x_wconf 80' lang='grc'>3,</span> <span class='ocrx_word' id='word_1_149' title='bbox 527 1256 749 1298; x_wconf 82' lang='lat' dir='ltr'>praeter</span> <span class='ocrx_word' id='word_1_150' title='bbox 780 1249 910 1286; x_wconf 90' lang='lat' dir='ltr'>hunc</span> <span class='ocrx_word' id='word_1_151' title='bbox 943 1250 988 1287; x_wconf 88' lang='lat' dir='ltr'>C.</span> <span class='ocrx_word' id='word_1_152' title='bbox 1024 1250 1341 1299; x_wconf 75' lang='lat' dir='ltr'>Carbonem,</span> <span class='ocrx_word' id='word_1_153' title='bbox 1383 1264 1524 1300; x_wconf 88' lang='lat' dir='ltr'>quem</span> <span class='ocrx_word' id='word_1_154' title='bbox 1559 1252 1729 1289; x_wconf 83' lang='lat' dir='ltr'>Dama-</span> 
     </span>
     <span class='ocr_line' id='line_1_19' title="bbox 264 1303 1728 1356; baseline 0.005 -17"><span class='ocrx_word' id='word_1_155' title='bbox 264 1305 445 1353; x_wconf 83' lang='lat' dir='ltr'>sippus</span> <span class='ocrx_word' id='word_1_156' title='bbox 478 1303 694 1352; x_wconf 87' lang='lat' dir='ltr'>occidit,</span> <span class='ocrx_word' id='word_1_157' title='bbox 728 1307 862 1342; x_wconf 87' lang='lat' dir='ltr'>ciuis</span> <span class='ocrx_word' id='word_1_158' title='bbox 887 1318 908 1341; x_wconf 92' lang='lat' dir='ltr'>e</span> <span class='ocrx_word' id='word_1_159' title='bbox 941 1318 993 1342; x_wconf 85' lang='lat' dir='ltr'>re</span> <span class='ocrx_word' id='word_1_160' title='bbox 1024 1304 1233 1356; x_wconf 86' lang='lat' dir='ltr'>publica</span> <span class='ocrx_word' id='word_1_161' title='bbox 1260 1306 1545 1344; x_wconf 84' lang='lat' dir='ltr'>Carbonum</span> <span class='ocrx_word' id='word_1_162' title='bbox 1577 1320 1728 1346; x_wconf 89' lang='lat' dir='ltr'>nemo</span> 
     </span>
     <span class='ocr_line' id='line_1_20' title="bbox 261 1359 1726 1411; baseline 0.005 -17"><span class='ocrx_word' id='word_1_163' title='bbox 261 1359 380 1397; x_wconf 83' lang='lat' dir='ltr'>suit.</span> <span class='ocrx_word' id='word_1_164' title='bbox 457 1359 548 1397; x_wconf 91' lang='lat' dir='ltr'>l&#39;hil</span> <span class='ocrx_word' id='word_1_165' title='bbox 598 1361 714 1409; x_wconf 78' lang='lat' dir='ltr'>vm,</span> <span class='ocrx_word' id='word_1_166' title='bbox 757 1360 795 1400; x_wconf 77' lang='grc'>4.</span> <span class='ocrx_word' id='word_1_167' title='bbox 844 1361 909 1400; x_wconf 75' lang='grc'>13.</span> <span class='ocrx_word' id='word_1_168' title='bbox 984 1361 1166 1411; x_wconf 77' lang='lat' dir='ltr'><strong>ineptam</strong></span> <span class='ocrx_word' id='word_1_169' title='bbox 1216 1362 1405 1411; x_wconf 69' lang='lat' dir='ltr'>Wagneri</span> <span class='ocrx_word' id='word_1_170' title='bbox 1452 1365 1726 1402; x_wconf 84' lang='lat' dir='ltr'>coniecturam</span> 
     </span>
     <span class='ocr_line' id='line_1_21' title="bbox 264 1416 1728 1468; baseline 0.005 -17"><span class='ocrx_word' id='word_1_171' title='bbox 264 1416 397 1452; x_wconf 82' lang='lat' dir='ltr'>ciuis</span> <span class='ocrx_word' id='word_1_172' title='bbox 430 1417 477 1453; x_wconf 88' lang='lat' dir='ltr'>in</span> <span class='ocrx_word' id='word_1_173' title='bbox 510 1429 614 1466; x_wconf 82' lang='lat' dir='ltr'>rep.</span> <span class='ocrx_word' id='word_1_174' title='bbox 648 1418 827 1455; x_wconf 81' lang='lat' dir='ltr'>maxim</span> <span class='ocrx_word' id='word_1_175' title='bbox 845 1430 897 1454; x_wconf 89' lang='lat' dir='ltr'>us</span> <span class='ocrx_word' id='word_1_176' title='bbox 931 1430 1009 1454; x_wconf 89' lang='lat' dir='ltr'>non</span> <span class='ocrx_word' id='word_1_177' title='bbox 1041 1418 1285 1468; x_wconf 84' lang='lat' dir='ltr'>improbauit</span> <span class='ocrx_word' id='word_1_178' title='bbox 1307 1419 1499 1455; x_wconf 84' lang='lat' dir='ltr'>Moserus</span> <span class='ocrx_word' id='word_1_179' title='bbox 1532 1424 1574 1456; x_wconf 89' lang='lat' dir='ltr'>et</span> <span class='ocrx_word' id='word_1_180' title='bbox 1594 1420 1728 1459; x_wconf 85' lang='lat' dir='ltr'>denuo</span> 
     </span>
     <span class='ocr_line' id='line_1_22' title="bbox 262 1472 896 1523; baseline 0.005 -15"><span class='ocrx_word' id='word_1_181' title='bbox 262 1472 508 1510; x_wconf 83' lang='lat' dir='ltr'>instaurauit</span> <span class='ocrx_word' id='word_1_182' title='bbox 538 1473 772 1523; x_wconf 80' lang='lat' dir='ltr'>Zumptius.</span> <span class='ocrx_word' id='word_1_183' title='bbox 893 1479 896 1481; x_wconf 85' lang='grc'><strong>’</strong></span> 
     </span>
    </p>
   </div>
   <div class='ocr_carea' id='block_1_5' title="bbox 262 1540 1728 1820">
    <p class='ocr_par' dir='ltr' id='par_1_6' title="bbox 262 1540 1728 1820">
     <span class='ocr_line' id='line_1_23' title="bbox 376 1540 1728 1595; baseline 0.003 -19"><span class='ocrx_word' id='word_1_184' title='bbox 376 1541 770 1591; x_wconf 78' lang='lat' dir='ltr'>peritissimus]</span> <span class='ocrx_word' id='word_1_185' title='bbox 832 1541 948 1595; x_wconf 58' lang='lat' dir='ltr'>Unus</span> <span class='ocrx_word' id='word_1_186' title='bbox 981 1540 1129 1579; x_wconf 82' lang='lat' dir='ltr'>Bakius</span> <span class='ocrx_word' id='word_1_187' title='bbox 1170 1554 1300 1592; x_wconf 79' lang='lat' dir='ltr'>nuper</span> <span class='ocrx_word' id='word_1_188' title='bbox 1331 1540 1420 1579; x_wconf 85' lang='lat' dir='ltr'>cod.</span> <span class='ocrx_word' id='word_1_189' title='bbox 1457 1541 1567 1580; x_wconf 84' lang='lat' dir='ltr'>arch.</span> <span class='ocrx_word' id='word_1_190' title='bbox 1610 1554 1728 1580; x_wconf 86' lang='lat' dir='ltr'>men-</span> 
     </span>
     <span class='ocr_line' id='line_1_24' title="bbox 263 1594 1726 1648; baseline 0.003 -17"><span class='ocrx_word' id='word_1_191' title='bbox 263 1594 357 1632; x_wconf 80' lang='lat' dir='ltr'>dum</span> <span class='ocrx_word' id='word_1_192' title='bbox 394 1598 774 1647; x_wconf 80' lang='lat' dir='ltr'>paratissimus</span> <span class='ocrx_word' id='word_1_193' title='bbox 808 1612 896 1635; x_wconf 84' lang='lat' dir='ltr'>eum</span> <span class='ocrx_word' id='word_1_194' title='bbox 934 1598 1096 1636; x_wconf 78' lang='lat' dir='ltr'>Dauisio</span> <span class='ocrx_word' id='word_1_195' title='bbox 1128 1599 1327 1648; x_wconf 85' lang='lat' dir='ltr'>probauit.</span> <span class='ocrx_word' id='word_1_196' title='bbox 1389 1599 1457 1636; x_wconf 80' lang='lat' dir='ltr'>sic</span> <span class='ocrx_word' id='word_1_197' title='bbox 1490 1603 1605 1636; x_wconf 83' lang='lat' dir='ltr'>certe</span> <span class='ocrx_word' id='word_1_198' title='bbox 1637 1612 1726 1636; x_wconf 90' lang='lat' dir='ltr'>cum</span> 
     </span>
     <span class='ocr_line' id='line_1_25' title="bbox 262 1653 1725 1705; baseline 0.001 -15"><span class='ocrx_word' id='word_1_199' title='bbox 262 1653 428 1690; x_wconf 72' lang='lat' dir='ltr'>hauisio</span> <span class='ocrx_word' id='word_1_200' title='bbox 464 1655 751 1703; x_wconf 70' lang='lat' dir='ltr'>corrigendum</span> <span class='ocrx_word' id='word_1_201' title='bbox 779 1661 891 1692; x_wconf 83' lang='lat' dir='ltr'>esset</span> <span class='ocrx_word' id='word_1_202' title='bbox 916 1654 1254 1705; x_wconf 78' lang='lat' dir='ltr'>tuendaeque</span> <span class='ocrx_word' id='word_1_203' title='bbox 1278 1655 1510 1692; x_wconf 83' lang='lat' dir='ltr'>ciuitati.</span> <span class='ocrx_word' id='word_1_204' title='bbox 1573 1655 1725 1693; x_wconf 81' lang='lat' dir='ltr'>Uerum</span> 
     </span>
     <span class='ocr_line' id='line_1_26' title="bbox 264 1709 1725 1762; baseline 0.001 -15"><span class='ocrx_word' id='word_1_205' title='bbox 264 1710 355 1759; x_wconf 89' lang='lat' dir='ltr'>quia</span> <span class='ocrx_word' id='word_1_206' title='bbox 397 1714 438 1747; x_wconf 89' lang='lat' dir='ltr'>et</span> <span class='ocrx_word' id='word_1_207' title='bbox 479 1711 517 1747; x_wconf 94' lang='lat' dir='ltr'>in</span> <span class='ocrx_word' id='word_1_208' title='bbox 561 1712 649 1762; x_wconf 86' lang='lat' dir='ltr'>ipsa</span> <span class='ocrx_word' id='word_1_209' title='bbox 690 1710 783 1762; x_wconf 74' lang='lat' dir='ltr'>lege</span> <span class='ocrx_word' id='word_1_210' title='bbox 819 1711 992 1749; x_wconf 82' lang='lat' dir='ltr'>serenda</span> <span class='ocrx_word' id='word_1_211' title='bbox 1028 1709 1118 1762; x_wconf 89' lang='lat' dir='ltr'>plus</span> <span class='ocrx_word' id='word_1_212' title='bbox 1160 1712 1292 1749; x_wconf 80' lang='lat' dir='ltr'>refert</span> <span class='ocrx_word' id='word_1_213' title='bbox 1330 1725 1446 1761; x_wconf 90' lang='lat' dir='ltr'>eum,</span> <span class='ocrx_word' id='word_1_214' title='bbox 1494 1713 1561 1761; x_wconf 89' lang='lat' dir='ltr'>qui</span> <span class='ocrx_word' id='word_1_215' title='bbox 1604 1711 1725 1761; x_wconf 75' lang='lat' dir='ltr'>ferat,</span> 
     </span>
     <span class='ocr_line' id='line_1_27' title="bbox 264 1767 1728 1820; baseline 0.003 -18"><span class='ocrx_word' id='word_1_216' title='bbox 264 1767 445 1803; x_wconf 71' lang='lat' dir='ltr'>ciuitatis</span> <span class='ocrx_word' id='word_1_217' title='bbox 484 1767 665 1804; x_wconf 83' lang='lat' dir='ltr'>tuendae</span> <span class='ocrx_word' id='word_1_218' title='bbox 706 1769 881 1818; x_wconf 82' lang='lat' dir='ltr'>peritum</span> <span class='ocrx_word' id='word_1_219' title='bbox 924 1780 1016 1805; x_wconf 88' lang='lat' dir='ltr'>esse</span> <span class='ocrx_word' id='word_1_220' title='bbox 1050 1780 1164 1819; x_wconf 86' lang='lat' dir='ltr'>quam</span> <span class='ocrx_word' id='word_1_221' title='bbox 1199 1769 1333 1806; x_wconf 86' lang='lat' dir='ltr'>animo</span> <span class='ocrx_word' id='word_1_222' title='bbox 1365 1773 1549 1818; x_wconf 86' lang='lat' dir='ltr'>strenuo,</span> <span class='ocrx_word' id='word_1_223' title='bbox 1581 1773 1623 1806; x_wconf 86' lang='lat' dir='ltr'>et</span> <span class='ocrx_word' id='word_1_224' title='bbox 1654 1781 1728 1820; x_wconf 83' lang='lat' dir='ltr'>per</span> 
     </span>
    </p>
   </div>
   <div class='ocr_carea' id='block_1_6' title="bbox 261 1822 1777 1875">
    <p class='ocr_par' dir='ltr' id='par_1_7' title="bbox 261 1822 1777 1875">
     <span class='ocr_line' id='line_1_28' title="bbox 261 1822 1777 1875; baseline 0.002 -16"><span class='ocrx_word' id='word_1_225' title='bbox 261 1822 500 1873; x_wconf 77' lang='lat' dir='ltr'>particulam</span> <span class='ocrx_word' id='word_1_226' title='bbox 536 1837 628 1874; x_wconf 90' lang='lat' dir='ltr'>que</span> <span class='ocrx_word' id='word_1_227' title='bbox 663 1824 826 1875; x_wconf 76' lang='lat' dir='ltr'>adiungi</span> <span class='ocrx_word' id='word_1_228' title='bbox 859 1825 1022 1862; x_wconf 87' lang='lat' dir='ltr'>uidetur</span> <span class='ocrx_word' id='word_1_229' title='bbox 1051 1826 1183 1874; x_wconf 77' lang='lat' dir='ltr'>notio,</span> <span class='ocrx_word' id='word_1_230' title='bbox 1226 1837 1302 1875; x_wconf 84' lang='lat' dir='ltr'>qua</span> <span class='ocrx_word' id='word_1_231' title='bbox 1336 1837 1383 1862; x_wconf 86' lang='lat' dir='ltr'>ea</span> <span class='ocrx_word' id='word_1_232' title='bbox 1415 1837 1515 1875; x_wconf 86' lang='lat' dir='ltr'>quae</span> <span class='ocrx_word' id='word_1_233' title='bbox 1555 1837 1726 1875; x_wconf 46' lang='lat' dir='ltr'>praece*</span> <span class='ocrx_word' id='word_1_234' title='bbox 1776 1846 1777 1849; x_wconf 64' lang='lat'><em>=</em></span> 
     </span>
    </p>
   </div>
   <div class='ocr_carea' id='block_1_7' title="bbox 260 1878 1726 2157">
    <p class='ocr_par' dir='ltr' id='par_1_8' title="bbox 260 1878 1726 2157">
     <span class='ocr_line' id='line_1_29' title="bbox 262 1878 1724 1934; baseline 0.003 -20"><span class='ocrx_word' id='word_1_235' title='bbox 262 1880 324 1915; x_wconf 82' lang='lat' dir='ltr'>dit</span> <span class='ocrx_word' id='word_1_236' title='bbox 365 1878 622 1930; x_wconf 75' lang='lat' dir='ltr'>compleatur</span> <span class='ocrx_word' id='word_1_237' title='bbox 670 1880 752 1932; x_wconf 89' lang='lat' dir='ltr'>(cf.</span> <span class='ocrx_word' id='word_1_238' title='bbox 794 1882 922 1932; x_wconf 36' lang='lat' dir='ltr'>Seuxl&#39;f.</span> <span class='ocrx_word' id='word_1_239' title='bbox 971 1880 1021 1918; x_wconf 85' lang='lat' dir='ltr'>ad</span> <span class='ocrx_word' id='word_1_240' title='bbox 1062 1879 1176 1919; x_wconf 81' lang='lat' dir='ltr'>Lael.</span> <span class='ocrx_word' id='word_1_241' title='bbox 1217 1894 1257 1932; x_wconf 85' lang='lat' dir='ltr'>p.</span> <span class='ocrx_word' id='word_1_242' title='bbox 1304 1879 1451 1934; x_wconf 71' lang='grc'>143.),</span> <span class='ocrx_word' id='word_1_243' title='bbox 1500 1894 1580 1919; x_wconf 86' lang='lat' dir='ltr'>non</span> <span class='ocrx_word' id='word_1_244' title='bbox 1629 1883 1724 1919; x_wconf 86' lang='lat' dir='ltr'>noui</span> 
     </span>
     <span class='ocr_line' id='line_1_30' title="bbox 262 1935 1724 1989; baseline 0.003 -17"><span class='ocrx_word' id='word_1_245' title='bbox 262 1935 413 1986; x_wconf 81' lang='lat' dir='ltr'>aliquid</span> <span class='ocrx_word' id='word_1_246' title='bbox 458 1936 578 1987; x_wconf 80' lang='lat' dir='ltr'>addi,</span> <span class='ocrx_word' id='word_1_247' title='bbox 621 1937 727 1988; x_wconf 85' lang='lat' dir='ltr'>quod</span> <span class='ocrx_word' id='word_1_248' title='bbox 771 1951 924 1989; x_wconf 71' lang='lat' dir='ltr'>genere</span> <span class='ocrx_word' id='word_1_249' title='bbox 962 1940 1007 1975; x_wconf 85' lang='lat' dir='ltr'>ab</span> <span class='ocrx_word' id='word_1_250' title='bbox 1048 1939 1126 1976; x_wconf 82' lang='lat' dir='ltr'>ista</span> <span class='ocrx_word' id='word_1_251' title='bbox 1172 1938 1429 1989; x_wconf 80' lang='lat' dir='ltr'>diserepret,</span> <span class='ocrx_word' id='word_1_252' title='bbox 1477 1936 1724 1988; x_wconf 86' lang='lat' dir='ltr'>reliquorum</span> 
     </span>
     <span class='ocr_line' id='line_1_31' title="bbox 261 1994 1725 2047; baseline 0.001 -17"><span class='ocrx_word' id='word_1_253' title='bbox 261 1994 559 2031; x_wconf 77' lang='lat' dir='ltr'>correctionem</span> <span class='ocrx_word' id='word_1_254' title='bbox 597 1996 725 2044; x_wconf 64' lang='lat' dir='ltr'>magis</span> <span class='ocrx_word' id='word_1_255' title='bbox 769 1997 909 2047; x_wconf 83' lang='lat' dir='ltr'>probo.</span> <span class='ocrx_word' id='word_1_256' title='bbox 989 1994 1243 2032; x_wconf 73' lang='lat' dir='ltr'>&#39;suendae</span> <span class='ocrx_word' id='word_1_257' title='bbox 1287 2001 1420 2032; x_wconf 83' lang='lat' dir='ltr'>autem</span> <span class='ocrx_word' id='word_1_258' title='bbox 1472 1995 1725 2033; x_wconf 82' lang='lat' dir='ltr'>ciuitatis</span> 
     </span>
     <span class='ocr_line' id='line_1_32' title="bbox 260 2050 1726 2103; baseline 0.001 -16"><span class='ocrx_word' id='word_1_259' title='bbox 260 2051 538 2102; x_wconf 79' lang='lat' dir='ltr'>peritissimus</span> <span class='ocrx_word' id='word_1_260' title='bbox 573 2051 738 2089; x_wconf 86' lang='lat' dir='ltr'>uidetur</span> <span class='ocrx_word' id='word_1_261' title='bbox 769 2053 1059 2103; x_wconf 31' lang='lat' dir='ltr'>uocarifqtiia</span> <span class='ocrx_word' id='word_1_262' title='bbox 1091 2050 1250 2101; x_wconf 76' lang='lat' dir='ltr'>legibus</span> <span class='ocrx_word' id='word_1_263' title='bbox 1284 2050 1471 2089; x_wconf 82' lang='lat' dir='ltr'>ferendis</span> <span class='ocrx_word' id='word_1_264' title='bbox 1497 2052 1632 2101; x_wconf 86' lang='lat' dir='ltr'>cauit,</span> <span class='ocrx_word' id='word_1_265' title='bbox 1673 2063 1726 2089; x_wconf 87' lang='lat' dir='ltr'>ne</span> 
     </span>
     <span class='ocr_line' id='line_1_33' title="bbox 260 2107 1725 2157; baseline 0.001 -14"><span class='ocrx_word' id='word_1_266' title='bbox 260 2108 468 2157; x_wconf 80' lang='lat' dir='ltr'>pernicies</span> <span class='ocrx_word' id='word_1_267' title='bbox 509 2109 548 2144; x_wconf 93' lang='lat' dir='ltr'>in</span> <span class='ocrx_word' id='word_1_268' title='bbox 594 2109 803 2145; x_wconf 76' lang='lat' dir='ltr'>ciuitatem</span> <span class='ocrx_word' id='word_1_269' title='bbox 860 2108 1110 2146; x_wconf 80' lang='lat' dir='ltr'>illaberetur.</span> <span class='ocrx_word' id='word_1_270' title='bbox 1182 2107 1405 2155; x_wconf 70' lang='lat' dir='ltr'>Wagner-us</span> <span class='ocrx_word' id='word_1_271' title='bbox 1459 2109 1549 2144; x_wconf 89' lang='lat' dir='ltr'>sine</span> <span class='ocrx_word' id='word_1_272' title='bbox 1604 2121 1725 2145; x_wconf 85' lang='lat' dir='ltr'>causa</span> 
     </span>
    </p>
   </div>
   <div class='ocr_carea' id='block_1_8' title="bbox 262 2163 1781 2201">
    <p class='ocr_par' dir='ltr' id='par_1_9' title="bbox 262 2163 1781 2201">
     <span class='ocr_line' id='line_1_34' title="bbox 262 2163 1781 2201; baseline 0 -1"><span class='ocrx_word' id='word_1_273' title='bbox 262 2163 700 2201; x_wconf 76' lang='lat' dir='ltr'>constituendae.</span> <span class='ocrx_word' id='word_1_274' title='bbox 763 2164 928 2201; x_wconf 67' lang='lat' dir='ltr'>Codicis</span> <span class='ocrx_word' id='word_1_275' title='bbox 962 2164 1031 2201; x_wconf 86' lang='lat' dir='ltr'>Br.</span> <span class='ocrx_word' id='word_1_276' title='bbox 1064 2165 1087 2200; x_wconf 86' lang='lat' dir='ltr'>i.</span> <span class='ocrx_word' id='word_1_277' title='bbox 1117 2175 1150 2200; x_wconf 89' lang='lat' dir='ltr'>e.</span> <span class='ocrx_word' id='word_1_278' title='bbox 1188 2163 1297 2200; x_wconf 86' lang='lat' dir='ltr'>uuila</span> <span class='ocrx_word' id='word_1_279' title='bbox 1329 2165 1572 2201; x_wconf 85' lang='lat' dir='ltr'>auctoritate</span> <span class='ocrx_word' id='word_1_280' title='bbox 1596 2164 1722 2201; x_wconf 87' lang='lat' dir='ltr'>Gzius</span> <span class='ocrx_word' id='word_1_281' title='bbox 1780 2186 1781 2192; x_wconf 66' lang='lat'><em>=</em></span> 
     </span>
    </p>
   </div>
   <div class='ocr_carea' id='block_1_9' title="bbox 260 2218 1723 2851">
    <p class='ocr_par' dir='ltr' id='par_1_10' title="bbox 261 2218 1723 2314">
     <span class='ocr_line' id='line_1_35' title="bbox 261 2218 1723 2272; baseline 0.001 -16"><span class='ocrx_word' id='word_1_282' title='bbox 261 2219 364 2256; x_wconf 86' lang='lat' dir='ltr'>haec</span> <span class='ocrx_word' id='word_1_283' title='bbox 404 2220 734 2271; x_wconf 78' lang='lat' dir='ltr'>tuendaeque</span> <span class='ocrx_word' id='word_1_284' title='bbox 785 2222 879 2258; x_wconf 83' lang='lat' dir='ltr'>eiu.</span> <span class='ocrx_word' id='word_1_285' title='bbox 926 2233 1034 2272; x_wconf 90' lang='lat' dir='ltr'>per.</span> <span class='ocrx_word' id='word_1_286' title='bbox 1080 2218 1209 2257; x_wconf 76' lang='lat' dir='ltr'>obelis</span> <span class='ocrx_word' id='word_1_287' title='bbox 1258 2221 1442 2270; x_wconf 84' lang='lat' dir='ltr'>notauit,</span> <span class='ocrx_word' id='word_1_288' title='bbox 1479 2219 1723 2258; x_wconf 86' lang='lat' dir='ltr'>Schuetzius</span> 
     </span>
     <span class='ocr_line' id='line_1_36' title="bbox 263 2275 432 2314; baseline 0.006 -1"><span class='ocrx_word' id='word_1_289' title='bbox 263 2275 432 2314; x_wconf 82' lang='lat' dir='ltr'>deleuit.</span> 
     </span>
    </p>

    <p class='ocr_par' dir='ltr' id='par_1_11' title="bbox 261 2331 1723 2600">
     <span class='ocr_line' id='line_1_37' title="bbox 375 2331 1722 2383; baseline -0.001 -13"><span class='ocrx_word' id='word_1_290' title='bbox 375 2338 494 2370; x_wconf 81' lang='lat' dir='ltr'>ante</span> <span class='ocrx_word' id='word_1_291' title='bbox 525 2331 710 2382; x_wconf 69' lang='lat' dir='ltr'>lucem]</span> <span class='ocrx_word' id='word_1_292' title='bbox 775 2333 924 2383; x_wconf 70' lang='lat' dir='ltr'>Legem</span> <span class='ocrx_word' id='word_1_293' title='bbox 955 2333 1075 2381; x_wconf 72' lang='lat' dir='ltr'>hanc,</span> <span class='ocrx_word' id='word_1_294' title='bbox 1108 2346 1197 2370; x_wconf 87' lang='lat' dir='ltr'>cum</span> <span class='ocrx_word' id='word_1_295' title='bbox 1231 2334 1307 2370; x_wconf 85' lang='lat' dir='ltr'>iam</span> <span class='ocrx_word' id='word_1_296' title='bbox 1343 2336 1437 2370; x_wconf 86' lang='lat' dir='ltr'>ante</span> <span class='ocrx_word' id='word_1_297' title='bbox 1469 2332 1722 2370; x_wconf 87' lang='lat' dir='ltr'>Demetrium</span> 
     </span>
     <span class='ocr_line' id='line_1_38' title="bbox 261 2386 1723 2442; baseline 0 -16"><span class='ocrx_word' id='word_1_298' title='bbox 261 2386 402 2427; x_wconf 80' lang='lat' dir='ltr'>sam-ta</span> <span class='ocrx_word' id='word_1_299' title='bbox 435 2395 548 2427; x_wconf 78' lang='lat' dir='ltr'>esset</span> <span class='ocrx_word' id='word_1_300' title='bbox 579 2388 657 2442; x_wconf 82' lang='lat' dir='ltr'>(cf.</span> <span class='ocrx_word' id='word_1_301' title='bbox 689 2392 805 2428; x_wconf 57' lang='lat' dir='ltr'>nom.</span> <span class='ocrx_word' id='word_1_302' title='bbox 840 2390 932 2427; x_wconf 84' lang='lat' dir='ltr'>adu.</span> <span class='ocrx_word' id='word_1_303' title='bbox 967 2391 1135 2429; x_wconf 74' lang='lat' dir='ltr'>Macart.</span> <span class='ocrx_word' id='word_1_304' title='bbox 1168 2402 1209 2440; x_wconf 89' lang='lat' dir='ltr'>p.</span> <span class='ocrx_word' id='word_1_305' title='bbox 1250 2388 1366 2428; x_wconf 70' lang='lat'><strong>1071.</strong></span> <span class='ocrx_word' id='word_1_306' title='bbox 1400 2388 1626 2440; x_wconf 81' lang='lat' dir='ltr'>eademque</span> <span class='ocrx_word' id='word_1_307' title='bbox 1657 2393 1723 2426; x_wconf 88' lang='lat' dir='ltr'>est</span> 
     </span>
     <span class='ocr_line' id='line_1_39' title="bbox 261 2444 1720 2499; baseline -0.001 -16"><span class='ocrx_word' id='word_1_308' title='bbox 261 2446 365 2497; x_wconf 83' lang='lat' dir='ltr'>apud</span> <span class='ocrx_word' id='word_1_309' title='bbox 411 2445 501 2483; x_wconf 80' lang='lat' dir='ltr'>Plat</span> <span class='ocrx_word' id='word_1_310' title='bbox 558 2449 679 2496; x_wconf 63' lang='lat' dir='ltr'>hog-g.</span> <span class='ocrx_word' id='word_1_311' title='bbox 719 2447 801 2484; x_wconf 70' lang='grc' dir='ltr'>ΧΗ.</span> <span class='ocrx_word' id='word_1_312' title='bbox 844 2460 883 2497; x_wconf 87' lang='lat' dir='ltr'>p.</span> <span class='ocrx_word' id='word_1_313' title='bbox 924 2444 1072 2499; x_wconf 52' lang='lat' dir='ltr'>mist),</span> <span class='ocrx_word' id='word_1_314' title='bbox 1116 2461 1137 2484; x_wconf 90' lang='lat' dir='ltr'>a</span> <span class='ocrx_word' id='word_1_315' title='bbox 1178 2447 1387 2484; x_wconf 70' lang='lat' dir='ltr'>Demetrio</span> <span class='ocrx_word' id='word_1_316' title='bbox 1428 2458 1506 2483; x_wconf 93' lang='lat' dir='ltr'>non</span> <span class='ocrx_word' id='word_1_317' title='bbox 1548 2446 1720 2496; x_wconf 85' lang='lat' dir='ltr'>primum</span> 
     </span>
     <span class='ocr_line' id='line_1_40' title="bbox 261 2503 1721 2554; baseline 0.001 -15"><span class='ocrx_word' id='word_1_318' title='bbox 261 2505 543 2552; x_wconf 74' lang='lat' dir='ltr'>constitutam,</span> <span class='ocrx_word' id='word_1_319' title='bbox 577 2503 650 2541; x_wconf 86' lang='lat' dir='ltr'>sed</span> <span class='ocrx_word' id='word_1_320' title='bbox 681 2517 770 2542; x_wconf 86' lang='lat' dir='ltr'>cum</span> <span class='ocrx_word' id='word_1_321' title='bbox 806 2503 1096 2554; x_wconf 69' lang='lat' dir='ltr'>obsoleuisset,</span> <span class='ocrx_word' id='word_1_322' title='bbox 1140 2510 1370 2542; x_wconf 80' lang='lat' dir='ltr'>reuocatam</span> <span class='ocrx_word' id='word_1_323' title='bbox 1412 2516 1505 2541; x_wconf 83' lang='lat' dir='ltr'>esse</span> <span class='ocrx_word' id='word_1_324' title='bbox 1535 2503 1721 2540; x_wconf 84' lang='lat' dir='ltr'>Dauisius</span> 
     </span>
     <span class='ocr_line' id='line_1_41' title="bbox 262 2559 566 2600; baseline 0.01 -4"><span class='ocrx_word' id='word_1_325' title='bbox 262 2559 566 2600; x_wconf 80' lang='lat' dir='ltr'>animaduertit.</span> 
     </span>
    </p>

    <p class='ocr_par' dir='ltr' id='par_1_12' title="bbox 260 2625 1720 2851">
     <span class='ocr_line' id='line_1_42' title="bbox 376 2625 1719 2679; baseline -0.001 -15"><span class='ocrx_word' id='word_1_326' title='bbox 376 2629 532 2679; x_wconf 82' lang='lat' dir='ltr'>quicq</span> <span class='ocrx_word' id='word_1_327' title='bbox 546 2628 670 2679; x_wconf 87' lang='lat' dir='ltr'>uam]</span> <span class='ocrx_word' id='word_1_328' title='bbox 734 2627 853 2677; x_wconf 78' lang='lat' dir='ltr'>Quod</span> <span class='ocrx_word' id='word_1_329' title='bbox 884 2627 1016 2666; x_wconf 80' lang='lat' dir='ltr'>adime</span> <span class='ocrx_word' id='word_1_330' title='bbox 1049 2627 1100 2666; x_wconf 87' lang='lat' dir='ltr'>de</span> <span class='ocrx_word' id='word_1_331' title='bbox 1133 2630 1367 2666; x_wconf 85' lang='lat' dir='ltr'>coniectura</span> <span class='ocrx_word' id='word_1_332' title='bbox 1400 2625 1605 2676; x_wconf 66' lang='lat' dir='ltr'>uulgatum</span> <span class='ocrx_word' id='word_1_333' title='bbox 1640 2631 1719 2676; x_wconf 77' lang='lat' dir='ltr'>est,</span> 
     </span>
     <span class='ocr_line' id='line_1_43' title="bbox 261 2682 1720 2735; baseline 0.001 -15"><span class='ocrx_word' id='word_1_334' title='bbox 261 2684 408 2735; x_wconf 86' lang='lat' dir='ltr'>quid,</span> <span class='ocrx_word' id='word_1_335' title='bbox 442 2684 480 2721; x_wconf 86' lang='lat' dir='ltr'>id</span> <span class='ocrx_word' id='word_1_336' title='bbox 517 2698 537 2722; x_wconf 87' lang='lat' dir='ltr'>a</span> <span class='ocrx_word' id='word_1_337' title='bbox 569 2685 696 2722; x_wconf 85' lang='lat' dir='ltr'>latino</span> <span class='ocrx_word' id='word_1_338' title='bbox 727 2698 919 2724; x_wconf 84' lang='lat' dir='ltr'>sermone</span> <span class='ocrx_word' id='word_1_339' title='bbox 952 2684 1128 2722; x_wconf 86' lang='lat' dir='ltr'>alienum</span> <span class='ocrx_word' id='word_1_340' title='bbox 1155 2691 1232 2723; x_wconf 86' lang='lat' dir='ltr'>est.</span> <span class='ocrx_word' id='word_1_341' title='bbox 1294 2683 1501 2734; x_wconf 87' lang='lat' dir='ltr'>Aliquid</span> <span class='ocrx_word' id='word_1_342' title='bbox 1535 2682 1720 2734; x_wconf 84' lang='lat' dir='ltr'>etquid</span> 
     </span>
     <span class='ocr_line' id='line_1_44' title="bbox 260 2741 1719 2793; baseline -0.001 -14"><span class='ocrx_word' id='word_1_343' title='bbox 260 2742 300 2779; x_wconf 92' lang='lat' dir='ltr'>in</span> <span class='ocrx_word' id='word_1_344' title='bbox 345 2743 567 2779; x_wconf 83' lang='lat' dir='ltr'>sententiis</span> <span class='ocrx_word' id='word_1_345' title='bbox 618 2743 820 2792; x_wconf 70' lang='lat' dir='ltr'>negatinis</span> <span class='ocrx_word' id='word_1_346' title='bbox 871 2744 926 2780; x_wconf 88' lang='lat' dir='ltr'>ita</span> <span class='ocrx_word' id='word_1_347' title='bbox 966 2755 1129 2793; x_wconf 84' lang='lat' dir='ltr'>semper</span> <span class='ocrx_word' id='word_1_348' title='bbox 1180 2746 1424 2793; x_wconf 81' lang='lat' dir='ltr'>usurpatur,</span> <span class='ocrx_word' id='word_1_349' title='bbox 1473 2747 1516 2778; x_wconf 86' lang='lat' dir='ltr'>ut</span> <span class='ocrx_word' id='word_1_350' title='bbox 1563 2741 1719 2778; x_wconf 85' lang='lat' dir='ltr'>notioni</span> 
     </span>
     <span class='ocr_line' id='line_1_45' title="bbox 264 2795 1719 2851; baseline -0.001 -15"><span class='ocrx_word' id='word_1_351' title='bbox 264 2798 508 2838; x_wconf 62' lang='lat' dir='ltr'>affirmatum</span> <span class='ocrx_word' id='word_1_352' title='bbox 555 2804 596 2837; x_wconf 84' lang='lat' dir='ltr'>et</span> <span class='ocrx_word' id='word_1_353' title='bbox 646 2800 803 2836; x_wconf 67' lang='lat' dir='ltr'>infinite</span> <span class='ocrx_word' id='word_1_354' title='bbox 854 2806 1076 2851; x_wconf 66' lang='lat' dir='ltr'>eone-eptae</span> <span class='ocrx_word' id='word_1_355' title='bbox 1127 2798 1292 2837; x_wconf 60' lang='lat' dir='ltr'>accedat</span> <span class='ocrx_word' id='word_1_356' title='bbox 1339 2801 1524 2848; x_wconf 60' lang='lat' dir='ltr'>negatio,</span> <span class='ocrx_word' id='word_1_357' title='bbox 1579 2800 1620 2835; x_wconf 87' lang='lat' dir='ltr'>ut</span> <span class='ocrx_word' id='word_1_358' title='bbox 1667 2795 1719 2834; x_wconf 86' lang='lat' dir='ltr'>de</span> 
     </span>
    </p>
   </div>
  </div>
 </body>
</html>
