1791 3192
636 200 928 236 PRAEFATIO.
1383 199 1539 232 xxxm

58 307 194 345 denuo
228 305 459 344 iudicarunt
490 303 635 341 Bakius
669 309 711 340 et
741 303 1020 340 llormannus.
1082 301 1213 352 Atque
1244 302 1278 339 si
1312 301 1408 352 quid
1432 315 1530 340 cau-

57 391 128 415 sae
170 376 298 414 fuerit
350 374 534 424 quaeris,
575 384 644 408 cur
682 375 750 407 aut
791 383 870 408 non
916 368 1164 418 absoluerit,
1212 374 1282 406 aut
1320 367 1530 407 absolutos

57 449 175 483 certe
207 457 287 481 non
319 439 588 494 perpoliuerit
618 442 661 475 et
692 439 731 475 in
767 437 912 489 uulgus
946 437 1151 476 ediderit:
1198 438 1285 474 eius
1319 438 1377 474 rei
1411 450 1531 474 causa

58 518 173 550 reete
205 511 373 549 uidetur
390 507 518 545 Bakio
546 507 642 544 hine
665 506 895 557 repetenda
919 519 1028 555 esse,
1062 504 1171 556 quod
1194 503 1332 543 Tullio
1364 510 1533 556 praeter

60 593 177 631 spem
209 575 255 631 7÷)
285 575 494 627 prouincia
527 572 663 611 delata
696 579 785 624 est,
819 576 859 612 in
893 588 1010 625 quam
1045 587 1187 611 mense
1220 573 1330 611 Maio
1360 586 1397 610 a.
1432 570 1529 611 703.

59 647 271 699 profectus
302 648 379 682 est.
439 643 527 690 Quo
559 641 711 680 sactum
740 646 830 691 est,
877 647 920 679 ut
952 643 1034 679 otio
1068 641 1118 678 ad
1148 640 1266 691 leges
1299 638 1365 678 uel
1393 639 1530 677 absol-

59 713 213 752 uendas
232 710 297 750 uel
317 709 612 762 perpoliendas
634 711 871 748 ne‹essario
891 711 1147 760 priuaretur3
1173 713 1270 761 post
1291 709 1530 759 prouinciae

57 786 196 820 autem
228 780 628 818 administrationem
662 780 693 817 is
725 781 784 816 rei
809 778 1000 830 publicae
1025 783 1156 815 status
1182 781 1289 825 erat,
1323 776 1388 813 cui
1410 774 1526 813 libris

58 863 137 887 non
170 849 383 887 uideretur
414 846 524 884 salus
557 859 679 898 posse
712 848 862 886 afferri.
925 846 989 885 Cf.
1021 845 1071 883 ad
1102 845 1187 883 Att.
1220 844 1289 894 IX,
1324 842 1390 883 19.
1417 844 1458 883 2.

173 914 291 965 Quod
329 918 462 952 autem
504 913 621 965 plura
653 927 745 953 esse
777 914 885 965 dixi,
919 927 967 952 ex
1004 914 1146 964 quibus
1180 914 1255 951 hos
1288 911 1341 950 de
1369 910 1530 962 legibus

56 982 184 1021 libros
218 981 364 1020 eodem
405 995 510 1019 anno
553 988 595 1020 et
622 983 785 1021 habitos
828 988 870 1020 et
909 983 1084 1033 scriptos
1127 994 1220 1019 esse
1251 984 1366 1017 recte
1398 980 1528 1017 confi-

58 1052 202 1099 ciatur,
236 1062 373 1088 eorum
405 1051 578 1100 primum
619 1051 696 1088 hoc
737 1056 813 1089 est.
879 1050 922 1088 Si
959 1050 1108 1087 Cicero
1140 1049 1215 1086 hos
1247 1046 1398 1097 libros,
1429 1046 1530 1084 licet

56 1131 127 1156 eos
160 1116 256 1157 702.
286 1117 447 1154 habitos
481 1129 574 1154 esse
607 1118 809 1167 fingeret,
844 1115 939 1156 709.
975 1115 1040 1153 uel
1073 1114 1167 1155 710.
1200 1113 1418 1163 edidisset,
1450 1126 1527 1152 ne-

54 1186 207 1223 minem
239 1187 377 1221 tamen
409 1185 554 1222 ciuium
586 1197 766 1234 suorum,
798 1198 876 1235 quo
900 1183 1001 1222 editi
1030 1186 1173 1220 essent
1194 1195 1314 1233 anno,
1347 1181 1528 1232 fugisset

58 1264 280 1303 omnesque
309 1264 390 1288 non
423 1251 519 1301 quid
553 1265 586 1290 a.
623 1251 721 1302 702,
754 1251 958 1302 sedjquid
989 1255 1086 1288 tunc
1110 1250 1301 1299 sentiret,
1336 1262 1428 1287 eum
1453 1249 1527 1287 de-

63 1319 307 1358 claraturum
343 1317 473 1355 fuisse
518 1318 793 1369 iudicassent,
835 1319 1081 1371 praesertim
1123 1330 1213 1354 eum
1253 1319 1344 1368 ipse
1374 1318 1528 1369 primas

57 1388 261 1425 sermonis
292 1389 459 1424 teneret
487 1399 564 1424 nec
598 1387 655 1424 uti
687 1386 777 1424 aliis
807 1388 845 1424 in
878 1386 997 1424 libris
1031 1383 1324 1423 excellentium
1350 1398 1529 1435 quorun-

56 1454 149 1492 dam
188 1454 397 1492 hominum
440 1467 653 1491 sermones
702 1460 942 1506 exponeret.
1011 1454 1080 1491 Sic
1128 1457 1263 1490 autem
1311 1453 1399 1489 fieri
1446 1466 1529 1489 non

58 1524 209 1574 potuit,
242 1523 336 1572 quin
367 1522 586 1559 Caesarem
620 1522 868 1572 offenderet,
901 1523 1014 1560 cuius
1043 1522 1322 1574 maximopere
1346 1521 1531 1571 fugiebat

60 1589 344 1627 offensionem.
404 1589 480 1627 cfr.
515 1589 564 1626 ad
596 1590 711 1628 Fam.
755 1590 833 1639 IX,
874 1590 935 1631 16.
1003 1591 1106 1628 Nam
1150 1603 1241 1627 eum
1282 1589 1528 1640 Pompeium

58 1663 124 1695 ter
159 1658 222 1695 his
260 1658 301 1694 in
342 1655 457 1695 libris
498 1655 553 1708 (Ι,
588 1656 630 1696 8.
664 1657 712 1706 Η,
745 1662 784 1698 b'.
820 1658 886 1708 ΗΙ,
921 1658 1010 1705 ⁴2¹2.)
1050 1671 1139 1695 cum
1179 1656 1302 1695 laude
1345 1670 1528 1694 comme-

57 1730 213 1774 moret,
261 1725 451 1762 Caesaris
501 1726 664 1763 omnino
705 1738 786 1762 non
831 1727 1038 1774 meminit;
1095 1739 1171 1776 quo
1214 1730 1325 1763 tanto
1362 1727 1526 1776 grauius

58 1793 274 1831 Caesarem
318 1792 472 1830 offendi
527 1795 765 1844 oportebat,
816 1807 892 1844 quo
934 1793 1158 1832 studiosius
1206 1794 1390 1844 Pompeii
1437 1792 1526 1831 lau-

57 1859 181 1898 dandi
230 1861 291 1896 bis
339 1858 394 1913 (Ι,
435 1862 475 1898 ὅ.
520 1861 569 1910 11,
608 1860 672 1913 6.)
719 1874 799 1899 non
842 1864 1026 1913 sequitur
1085 1862 1401 1912 necessitatem,
1453 1861 1530 1899 sed

60 1929 318 1966 occasionem
361 1929 518 1979 arripit.
580 1928 634 1966 Et
679 1928 866 1966 laudauit
906 1942 1003 1967 sane
1038 1930 1276 1980 Pompeium
1319 1928 1388 1966 nel
1418 1929 1523 1966 Cae-

59 2008 150 2034 sare
189 2008 276 2032 rem
319 1993 521 2045 publicam
566 2001 761 2046 tenente,
803 1995 878 2033 sed
917 1997 974 2033 ita
1011 1994 1215 2045 laudauit,
1265 2002 1307 2033 ut
1339 1997 1527 2034 Caesaris

56 2075 138 2100 non
167 2061 288 2099 modo
321 2063 521 2111 minuere,
555 2063 631 2100 sed
665 2065 787 2100 etiam
816 2076 966 2113 augere
989 2061 1157 2113 gloriam
1182 2063 1403 2102 uideretur.
1443 2063 1530 2103 Csr‚

55 2130 200 2168 Horm.
232 2143 274 2181 p.
313 2127 376 2179 19,
410 2130 475 2181 qui
506 2128 645 2167 laudat
676 2144 748 2181 pro
780 2131 869 2169 Dei.
903 2129 945 2179 -1,
985 2130 1046 2170 1‘2.
1107 2131 1322 2181 Multaque
1356 2130 1432 2168 alia
1464 2133 1523 2168 ci-

60 2199 192 2247 uibus,
235 2199 375 2248 quibus
408 2210 544 2235 sermo
578 2212 610 2237 a.
644 2197 740 2248 710,
771 2211 852 2235 non
887 2199 984 2238 10¹2.
1018 2199 1194 2250 scriptus
1237 2210 1331 2236 esse
1362 2198 1528 2236 nidere-

59 2271 150 2314 tur,
183 2265 360 2302 fuissent
388 2266 626 2317 offensioni,
666 2265 792 2304 ueluti
827 2280 914 2304 eum
943 2267 1157 2304 historiam
1192 2268 1373 2304 scribere
1404 2279 1528 2304 reeu-

58 2334 181 2383 sauit,
221 2334 410 2383 quoniam
442 2334 597 2372 nullum
630 2336 706 2372 sibi
737 2342 847 2373 esset
880 2341 1041 2386 tempus
1074 2348 1243 2373 uacuum
1278 2341 1320 2371 et
1348 2333 1524 2371 liberum

61 2399 208 2453 (¹‚S.)‚
243 2405 309 2437 aut
341 2415 431 2439 cum
463 2400 687 2453 periculum
720 2415 812 2440 esse
835 2402 951 2453 dixit,
983 2416 1036 2441 ne
1059 2404 1156 2441 iuris
1179 2403 1528 2452 interpretatione

60 2470 249 2517 suscepta
277 2465 390 2505 labor
421 2474 638 2518 augeretur
668 2484 879 2508 causarum
913 2485 1037 2523 opera
1068 2472 1147 2523 ipsi
1170 2474 1338 2523 paratus
1363 2466 1418 2523 (Ι,
1437 2466 1529 2523 1‘2.)

59 2540 126 2572 aut
156 2548 244 2572 eiuu
279 2534 329 2572 de
361 2536 510 2573 finibus
536 2537 733 2576 bonorum
764 2544 810 2576 ut
840 2539 892 2577 de
928 2553 972 2577 re
1005 2546 1297 2588 controuersa,
1342 2538 1417 2576 sed
1456 2537 1529 2576 ali-

153 2635 180 2675 ⁸)
207 2645 288 2667 nam
318 2647 398 2667 vum
424 2639 582 2676 senatus,
608 2643 647 2669 nt
672 2639 797 2673 scribit
823 2640 890 2673 Dio
928 2642 1043 2683 (3338.-
1060 2639 1116 2681 40,
1144 2638 1200 2681 56,
1227 2639 1460 2679 decreuisset„
1487 2651 1530 2670 ne

57 2691 136 2734 quis
159 2692 359 2735 praetorius
387 2699 448 2725 aut
470 2694 671 2727 consularis
698 2695 790 2729 intra
826 2697 1108 2740 quinquennium
1136 2697 1168 2729 in
1195 2697 1424 2740 prouinciam
1449 2696 1529 2728 iret.

56 2748 107 2780 ii.
134 2749 191 2791 qni
217 2762 259 2781 ex
285 2754 453 2792 praetura
479 2756 541 2782 aut
566 2753 753 2785 consulatu
780 2755 936 2788 nondum
964 2756 1124 2795 inerant„
1160 2754 1194 2787 in
1230 2754 1451 2796 prouinciam
1479 2753 1527 2784 ire

65 2806 177 2838 coacti
202 2812 294 2840 sunt.

1289 2878 1310 2903 C
