1781 3192
310 655 402 706 M.
455 652 798 706 <runnu
851 649 1363 705 clennoms

507 783 642 852 DE
693 782 1150 854 LEGIBUS

630 943 783 981 Limen
820 943 1043 981 PRIMUS.

766 1072 900 1083 4-

213 1164 242 1203 1.
303 1165 336 1214 ξ.
375 1164 409 1204 1.
470 1165 629 1202 Atticus
670 1165 864 1202 seriarum
908 1169 1093 1216 tempore
1126 1176 1204 1201 una
1234 1174 1322 1202 cum
1354 1162 1493 1201 Marco
1526 1165 1568 1198 et

100 1222 250 1271 Quinto
289 1221 329 1258 in
373 1233 512 1271 agrum
554 1222 778 1272 arpinatem
821 1225 994 1259 uenerat
1030 1219 1257 1258 rusticandi
1289 1231 1424 1257 causa.
1487 1217 1567 1266 Qui

101 1279 166 1317 ubi
206 1281 393 1315 ueterem
433 1277 632 1327 quandam
679 1290 869 1328 quercum
911 1281 954 1315 et
991 1275 1126 1315 lucum
1168 1277 1423 1327 Arpinatium
1468 1287 1566 1311 con-

102 1335 250 1386 spexit,
285 1335 450 1383 agnouit
483 1333 675 1383 eundem,
708 1347 827 1385 quem
852 1347 873 1371 a
897 1333 1034 1372 Tullio
1059 1337 1421 1371 commemoratum
1445 1342 1570 1380 saepe

98 1393 140 1428 in
184 1391 318 1428 Mario
357 1389 516 1440 legerat
545 1392 573 1428 i.
608 1403 646 1428 e.
690 1392 731 1428 in
772 1392 949 1429 carmine
992 1390 1164 1441 quodam
1196 1389 1434 1437 Ciceronis,
1465 1385 1572 1437 quod

100 1449 143 1485 in
176 1447 298 1484 Marii
330 1445 493 1484 laudem
528 1446 794 1495 condiderat3
829 1449 942 1485 cuius
973 1449 1207 1484 etiamnunc
1234 1447 1312 1483 tria
1342 1445 1574 1495 fragmenta

102 1507 266 1540 exstant
299 1502 406 1553 apud
438 1502 640 1539 Orellium
673 1503 740 1542 lV.
774 1503 813 1543 2.
846 1517 886 1554 p.
920 1502 1018 1543 567.

190 1557 386 1608 lectus]
420 1558 684 1610 Participium
718 1559 767 1596 ad
798 1559 905 1597 luci
936 1570 1087 1597 nomen
1121 1571 1143 1595 a
1164 1557 1364 1595 Cicerone
1395 1554 1568 1593 relatum

104 1620 196 1664 est,
230 1616 321 1665 quia
352 1614 553 1665 dignitate
591 1613 694 1653 illud
737 1614 864 1653 uoluit
892 1623 1128 1666 praestare,
1159 1627 1236 1664 quo
1266 1613 1438 1651 alterum
1472 1623 1572 1648 con-

102 1673 306 1709 tineretur
347 1671 534 1721 quodque
576 1673 787 1709 etiamtum
831 1672 1020 1721 duraret,
1063 1683 1154 1708 cum
1187 1668 1372 1720 singulae
1404 1669 1569 1705 arbores

102 1728 372 1766 euanuissent
411 1738 655 1777 semperque
694 1732 917 1766 nouaretur
951 1725 1234 1775 renascendo,
1277 1724 1321 1762 id
1363 1724 1470 1775 quod
1502 1722 1570 1761 uel

99 1783 198 1822 inde
228 1788 371 1835 patet,
414 1782 520 1833 quod
552 1783 750 1835 particula
790 1783 993 1835 quidem
1033 1783 1275 1832 insignitum
1318 1786 1393 1818 est.
1457 1782 1569 1830 Quae

101 1839 294 1891 syllepsis
324 1844 366 1877 et
395 1841 442 1877 ab
466 1839 556 1877 aliis
581 1841 847 1891 scriptoribus
870 1844 934 1878 est
955 1841 1217 1891 frequentata
1240 1839 1368 1884 (Suet,
1390 1836 1571 1888 Aug.66.

101 1897 220 1934 Caes.
254 1896 322 1936 75.
353 1895 442 1933 Cal.
479 1894 543 1935 13.
570 1909 633 1947 pr.
666 1898 765 1935 Sen.
801 1896 854 1935 de
885 1900 1014 1936 const.
1052 1893 1117 1936 19.
1150 1895 1241 1933 Liu.
1262 1892 1333 1943 44,
1362 1890 1462 1948 28.)
1494 1906 1572 1931 nec

101 1951 317 2003 repudiata
350 1965 371 1989 a
400 1952 620 1990 Cicerone.
663 1953 728 1992 Cf.
761 1952 812 1991 ad
841 1954 957 1991 Fam.
987 1951 1040 2002 X,
1077 1950 1146 1992 24.
1183 1949 1219 1990 1.
1258 1963 1395 1988 amor
1433 1952 1572 1988 enim

103 2015 223 2047 tuus
256 2021 310 2046 ac
342 2008 605 2046 iudicium
638 2009 702 2047 de
733 2022 806 2047 me
838 2014 1006 2047 utrum
1038 2008 1163 2046 mihi
1195 2006 1316 2058 plus
1348 2006 1573 2058 dignita-

103 2068 174 2103 tis
205 2066 255 2102 in
285 2068 607 2116 perpetuum
640 2078 695 2103 an
730 2064 1031 2117 uoluptatis
1063 2063 1307 2115 quotidie
1347 2065 1417 2102 sit
1448 2061 1574 2101 alla-

103 2125 267 2170 turus,
300 2133 398 2159 non
431 2120 601 2159 facile
633 2122 875 2160 dixerim.
908 2120 958 2158 ad
980 2121 1098 2158 Fam.
1131 2117 1186 2170 V,
1220 2119 1348 2160 21.5.
1371 2120 1422 2170 X,
1447 2118 1577 2160 251.

104 2177 155 2215 de
187 2177 280 2216 Nat.
313 2178 438 2216 Deor.
470 2177 503 2227 Ι,
539 2175 601 2217 19.
633 2178 702 2218 82.
762 2178 975 2229 Recteque
1010 2175 1244 2227 Maduigius
1286 2176 1337 2214 de
1368 2177 1458 2215 Fin.
1491 2172 1572 2223 Ili,

106 2233 173 2274 10.
205 2232 272 2274 35.
318 2234 593 2284 omniaque
625 2234 672 2271 ad
705 2233 930 2284 indicia,
973 2247 995 2272 a
1024 2234 1225 2272 Cicerone
1265 2232 1439 2271 relatum
1483 2245 1575 2270 esse

105 2290 223 2339 dixit,
257 2289 366 2341 quod
398 2294 441 2328 et
481 2290 717 2340 generalius
758 2303 851 2328 esse
882 2290 1013 2329 uellet
1043 2294 1086 2328 et
1118 2289 1319 2341 dignitate
1348 2294 1574 2342 praestare.

104 2346 170 2384 Cf.
204 2347 326 2384 etiam
356 2358 430 2396 pro
463 2346 666 2396 Sest.53‚
693 2344 786 2386 113.
823 2360 945 2397 prae
983 2359 1038 2384 se
1076 2345 1296 2398 populus
1327 2359 1570 2384 romanus

105 2402 321 2440 ferebat
358 2402 461 2439 sibi
499 2401 647 2440 illum
685 2403 736 2440 in
773 2404 1046 2442 tribunatu
1083 2403 1168 2443 Cn.
1209 2403 1431 2441 Domitii
1470 2405 1575 2442 ani-

107 2470 234 2495 mum
267 2462 596 2497 constantem
639 2462 691 2496 et
729 2460 995 2510 egregium
1036 2465 1087 2498 et
1123 2461 1174 2509 Q.
1206 2460 1470 2499 Ancharii
1506 2459 1572 2498 fi-

106 2513 221 2552 dem
255 2528 311 2553 ac
341 2514 748 2565 fortitudinem,
774 2517 981 2554 etiamsi
1009 2516 1147 2555 nihil
1179 2529 1337 2568 agere
1375 2519 1577 2567 potuis-

105 2575 250 2622 sent,
281 2576 454 2609 tamen
486 2569 767 2610 uoluntate
797 2572 911 2624 ipsa
942 2577 1149 2624 gratum
1177 2573 1375 2623 fuisse3
1406 2574 1474 2611 ubi
1498 2587 1576 2613 nec

108 2626 259 2666 Bakins
292 2625 369 2681 (de
397 2627 499 2679 Leg.
528 2641 570 2679 p.
605 2625 728 2681 261.)
758 2633 874 2668 recte
903 2629 1123 2668 Domitii
1153 2634 1195 2668 et
1216 2631 1471 2669 Ancharii
1501 2644 1577 2669 no-

111 2684 222 2722 mina
254 2682 500 2736 expellenda
528 2678 728 2722 iudicauit
759 2689 801 2723 et
827 2698 1042 2738 perperam
1070 2686 1389 2738 Wesenbergius
1417 2688 1459 2724 in
1491 2688 1576 2725 Ob-

116 2744 286 2779 seruatt.
328 2742 420 2779 crit.
460 2742 500 2778 in
543 2742 654 2780 Sest.
685 2754 728 2793 p.
763 2740 830 2782 13.
858 2763 913 2770 —
952 2744 1041 2795 ipse
1073 2745 1181 2781 enim
1215 2745 1301 2781 eius
1333 2744 1482 2781 librum
1513 2745 1577 2780 in-

110 2796 274 2846 spicere
295 2809 376 2834 non
400 2798 514 2849 potui
539 2820 590 2826 —
616 2802 766 2849 grata
787 2811 860 2850 pro
883 2804 1085 2848 gratum
1110 2800 1399 2838 commendare
1415 2799 1574 2838 dicitur.

1332 2863 1349 2894 1
