1781 3192
466 226 626 265 [ABER
659 224 881 264 PIUMUS.
931 225 1031 265 CM».
1067 225 1153 264 Ul.
1474 221 1530 260 37

71 342 181 391 ziuS,
223 341 318 379 Sch.
353 340 444 377 hos.
485 340 555 377 Or.
596 339 824 376 effecerunt
864 338 962 375 uiri
1005 337 1222 387 optimi,
1273 347 1389 384 quam
1440 338 1533 384 post

69 399 313 446 lr‘ictorium,
346 397 578 444 Manutius,
610 396 855 443 Lambinus,
887 394 1099 442 Dauisius,
1136 392 1371 439 Ernestius,
1412 390 1533 440 VVag-

68 467 191 491 nerus
223 453 351 491 libri
383 454 587 504 optimi.
654 451 754 489 Nam
790 454 833 487 et
862 451 1029 501 propius
1061 448 1174 498 illud,
1218 460 1333 498 quam
1369 447 1444 483 hoc
1485 445 1535 482 ad

69 510 223 548 codicis
254 510 407 548 archet.
442 507 614 559 uestigia
644 507 828 556 accedit,
873 507 904 543 si
939 505 1099 556 quidem
1143 509 1301 556 caput
1342 504 1440 541 uiri
1475 504 1534 539 sic

69 603 202 640 notari
235 601 394 640 solebat
434 614 518 652 cap
533 586 646 639 ut1¹u
675 603 717 638 et
745 597 890 636 melius
924 599 1001 634 uir
1032 610 1148 647 quam
1178 595 1319 634 liber
1361 595 1537 645 optimus

70 662 260 706 uocatur,
325 663 366 694 et
412 659 646 709 scripsit
690 655 866 705 denique
916 667 993 705 quo
1044 652 1261 690 commode
1309 652 1536 697 reseratur,

69 714 205 753 habet.
267 714 385 762 Quod.
418 715 524 764 quia,
558 715 591 751 si
622 712 763 750 liber
791 715 884 748 ante
918 714 1031 747 esset
1064 715 1426 755 commemoratus,
1457 719 1536 744 non

72 770 364 820 Epicurus,
397 771 623 821 scripsit
654 783 731 820 quo
763 766 976 805 commode
999 766 1228 803 referretur
1248 777 1327 802 non
1351 763 1539 809 haberet,

72 827 262 865 Dauisius
323 827 627 864 commendauit
677 826 946 864 scribitur.
1032 823 1117 859 Nec
1170 834 1268 859 uero
1317 819 1537 870 improbari

72 882 176 921 illud
205 884 388 934 oportuit
411 896 431 919 a
455 883 594 932 Bakio,
627 884 692 933 qui
719 880 959 931 magistri
995 879 1186 929 optimi
1219 875 1539 922 commendauit,

74 941 167 990 quia
196 941 255 977 sie
288 939 452 977 demum
483 943 525 976 et
555 939 782 990 prodere
814 942 928 975 recte
962 935 1172 973 diceretur
1204 940 1246 972 et
1276 934 1540 971 criminosum

74 997 152 1034 hoc
185 1001 313 1045 esset,
346 996 458 1046 quasi
493 1008 590 1033 uero
623 1008 703 1032 non
737 998 836 1033 satis
877 998 1060 1044 apertum
1103 992 1157 1028 sit
1186 991 1404 1041 Epicurum
1446 1000 1543 1038 spe-

77 1054 195 1102 ctari,
228 1052 520 1103 Epicureorum
543 1053 788 1102 principem,
822 1051 887 1099 qui
911 1052 1078 1099 insuper
1099 1060 1172 1097 per
1195 1049 1358 1084 abusum
1388 1049 1543 1082 tantum

76 1109 252 1146 nominis
284 1108 411 1145 Attici
443 1106 523 1144 dici
556 1114 697 1159 potest
726 1107 949 1155 magister,
983 1110 1025 1142 et
1058 1104 1171 1154 quasi
1203 1116 1281 1140 non
1305 1106 1417 1140 recte
1442 1100 1544 1152 Epi-

76 1176 214 1224 curei,
267 1176 332 1225 qui
373 1161 567 1222 πυρίαν
608 1175 695 1212 eius
741 1159 910 1210 δόξαν
950 1170 1150 1221 quandam
1196 1169 1412 1217 deserant,
1455 1180 1542 1204 eam

76 1231 253 1284 prodere
296 1231 496 1269 dicantur.
566 1232 667 1269 Nam
715 1234 874 1282 caput
914 1229 1132 1280 primum
1177 1227 1257 1264 uiri
1296 1225 1441 1278 optimi
1480 1229 1545 1261 est

77 1298 323 1338 selectarum
354 1299 623 1349 breuiumque
654 1298 971 1345 sententiarum,
1006 1308 1102 1345 quas
1130 1295 1329 1346 Epicurus
1359 1281 1545 1341 κυρίας

78 1352 239 1405 δόξας
277 1368 510 1418 inscripsit,
551 1366 697 1404 Cicero
746 1365 923 1415 capita
974 1362 1197 1414 appellauit
1247 1360 1325 1416 (cf.
1384 1362 1452 1400 Ac.
1494 1359 1544 1409 ΙΙ,

79 1423 149 1474 32,
185 1420 323 1477 ἸΟΙ.),
357 1426 563 1462 sententia
594 1424 751 1474 prima,
791 1433 909 1471 quam
941 1419 1142 1471 Epicurus
1173 1420 1292 1470 Diog.
1325 1418 1460 1457 La'ert.
1495 1416 1546 1465 X,

86 1490 178 1531 138.
224 1494 390 1529 auctore
437 1492 500 1528 his
552 1490 689 1529 uerbis
738 1487 987 1526 declarauit:
1046 1473 1113 1522 Τὸ
1143 1472 1415 1534 μακάρων
1458 1474 1547 1519 καὶ

83 1543 367 1606 ἄφθαρτον
414 1543 534 1593 οὔτε
580 1540 709 1592 αὐτὸ
757 1540 1043 1605 πράγματα
1089 1543 1191 1601 ἔχει
1238 1541 1358 1591 οὔτε
1397 1538 1546 1605 ἄλλῳ

82 1613 294 1674 παρέχεῖ
335 1638 532 1676 quamque
574 1625 659 1663 Cic.
701 1624 796 1662 Nat.
835 1623 957 1662 Deor.
998 1620 1040 1673 Ι,
1081 1623 1150 1663 30.
1187 1622 1255 1663 85,
1304 1623 1472 1660 uerbum
1526 1634 1549 1658 e

81 1684 204 1721 uerbo
246 1681 425 1720 reddens
469 1684 511 1720 in
551 1681 724 1719 latinum
764 1693 1000 1718 sermonem
1043 1681 1100 1718 sic
1142 1678 1376 1718 transtulit:
1417 1676 1549 1729 quod

81 1741 283 1778 beatum
323 1743 403 1776 est
434 1744 484 1776 et
513 1735 835 1786 immortale,
879 1736 927 1774 id
959 1750 1052 1775 nec
1084 1738 1244 1774 habet
1275 1749 1369 1773 nec
1401 1735 1549 1773 exhi-

83 1798 170 1834 bet
201 1797 437 1846 cuiquam
473 1795 761 1845 negotinm3
796 1806 967 1843 cumque
999 1793 1138 1831 multis
1172 1792 1261 1830 aliis
1293 1790 1395 1830 locis
1427 1789 1553 1844 (Nat.

82 1854 206 1891 Deor.
238 1849 274 1901 I,
318 1853 379 1891 17.
412 1850 482 1892 45.
520 1847 554 1900 Ι,
586 1850 654 1891 20.
685 1852 753 1891 56.
787 1850 866 1887 011'.
900 1850 966 1899 ΙΙΙ,
998 1851 1066 1890 2ὃ.
1104 1847 1222 1902 102.)
1261 1853 1302 1886 in
1342 1849 1418 1886 hac
1448 1861 1548 1885 sen-

84 1910 216 1946 tentia
247 1906 559 1958 interpretanda
600 1907 821 1956 Epicurum
862 1909 1047 1957 pressius
1091 1910 1308 1957 sequatur,
1350 1904 1547 1943 liberiore

88 1970 221 2002 tamen
248 1964 605 2014 interpretatione,
639 1962 797 2013 qualem
822 1964 863 2000 h.
888 1962 913 2001 Ι.
938 1963 1300 2014 deprehendimus,
1336 1963 1396 1999 bis
1422 1962 1550 1999 utitur

87 2021 140 2059 de
171 2021 263 2059 Diu.
294 2017 353 2069 ΙΙ,
395 2022 455 2069 17,
488 2015 558 2059 40.
599 2018 746 2058 nihil
783 2018 978 2056 habens
1018 2032 1112 2057 nec
1151 2020 1225 2057 sui
1264 2032 1356 2056 nec
1386 2016 1547 2056 alieni

86 2077 291 2128 negotii
332 2081 374 2113 et
412 2077 460 2126 ΙΙ,
500 2076 567 2116 (50.
622 2074 712 2116 104.
780 2073 1046 2126 Epicurus
1088 2078 1173 2126 qui
1212 2079 1373 2125 negat
1411 2075 1551 2124 quic-

86 2147 230 2185 quam
263 2132 393 2171 deos
426 2146 519 2170 nec
550 2130 715 2170 alieni
748 2145 937 2170 curare
969 2144 1065 2169 nec
1095 2134 1203 2181 sui,
1247 2137 1289 2169 ut
1320 2132 1466 2168 iniuria
1497 2130 1550 2167 de

85 2191 160 2228 hac
191 2190 310 2228 huius
343 2189 574 2227 sententiae
623 2190 796 2227 ueritate
831 2188 1040 2226 dubitasse
1074 2188 1265 2226 uideatur
1291 2186 1465 2226 Ualken.
1499 2186 1550 2224 ad

85 2247 189 2285 Xen.
222 2247 352 2284 Mem.
385 2245 432 2296 ll,
470 2245 505 2285 1.
539 2244 577 2286 9.
637 2247 820 2296 Denique
860 2257 911 2282 ne
942 2246 982 2282 in
1017 2246 1152 2282 uerbis
1181 2246 1227 2282 in
1263 2258 1357 2295 quo
1391 2245 1551 2294 scrip-

85 2305 156 2340 sit
188 2304 374 2351 haereas,
409 2306 524 2340 recte
554 2304 633 2340 ista
665 2303 791 2340 Goer.
839 2303 895 2339 ita
928 2301 1142 2351 defendit,
1185 2305 1227 2339 ut
1266 2305 1550 2350 argumentum

87 2364 243 2397 tantum
277 2359 449 2409 decreti,
480 2371 561 2396 non
594 2360 728 2409 ipsum
765 2358 974 2396 decretum
1009 2357 1145 2395 afferri
1178 2358 1352 2396 diceret.

201 2416 232 2466 ᾗ.
267 2415 337 2454 22.
398 2428 419 2453 a
451 2414 714 2465 supremo]
760 2415 839 2452 Pro
865 2426 928 2463 e0,
961 2414 1065 2465 quod
1091 2418 1133 2451 et
1155 2414 1321 2466 plurimi
1348 2419 1389 2451 et
1411 2413 1555 2464 optimi

88 2471 255 2511 codices
275 2476 440 2509 tuentur
456 2484 532 2509 nec
550 2469 746 2521 loquendi
765 2471 1020 2509 consuetudo
1040 2472 1197 2522 respuit
1211 2469 1368 2523 (Plaut.
1385 2470 1503 2520 Capt.
1521 2465 1554 2518 Ι,

91 2528 128 2569 1.
149 2527 191 2569 4.
250 2528 466 2578 Jupiter
496 2539 761 2579 supreme,
801 2540 953 2565 serua
983 2540 1073 2565 me.
1126 2527 1244 2578 Capt.
1268 2527 1317 2576 ΙΙ,
1344 2526 1383 2566 3.
1410 2526 1478 2568 66.
1505 2525 1555 2575 V,

52 2601 63 2607 ‘
88 2585 130 2634 2,
154 2585 224 2626 23.
274 2584 427 2623 Pseud.
450 2580 507 2634 ΙΙ,
532 2584 571 2624 2.
599 2580 691 2637 23.)
717 2597 952 2635 supremo
976 2597 1116 2635 parum
1142 2587 1253 2621 recte
1272 2583 1415 2634 Steph.
1442 2583 1556 2620 Man.

90 2641 190 2682 Dau.
213 2641 464 2679 deteriorum
488 2640 673 2679 codicum
708 2641 1002 2678 correctionem
1034 2653 1226 2679 summo
1259 2642 1555 2691 susceperunt3

94 2697 200 2747 quod
230 2697 330 2736 licet
359 2697 467 2735 idem
501 2698 554 2735 sit
583 2696 689 2748 apud
720 2697 837 2734 Lact.
871 2696 939 2745 1V,
971 2695 1028 2747 4.,
1068 2711 1148 2735 non
1182 2701 1293 2734 tanta
1325 2701 1461 2734 tamen
1495 2699 1559 2732 est

97 2754 299 2793 Lactantii
331 2755 569 2792 memoriter
600 2754 725 2791 uerba
755 2751 958 2791 laudantis
987 2755 1224 2802 auctoritas,
1269 2757 1312 2791 ut
1340 2752 1557 2790 meliorum

96 2814 325 2849 nostrorum
360 2811 545 2849 codicum
579 2811 812 2848 auctoritati
847 2815 1134 2861 anteponatur.
1196 2809 1257 2847 Cf.
1290 2809 1322 2858 ξ.
1358 2807 1427 2848 24.
1490 2803 1559 2844 In-
