1781 3192
538 186 692 226 MBER
725 186 945 226 Plthl‘S.
997 186 1092 225 (liv.
1127 186 1151 224 1.
1563 184 1586 220 7

219 301 247 339 Ρ
262 316 310 339 ro
326 300 438 339 culo
473 301 482 337 Ι
501 299 624 350 ulio]
658 298 855 338 Proculus
876 300 1019 338 lulium
1040 304 1198 351 patrum
1219 296 1410 349 impulsu,
1431 309 1507 347 quo
1526 295 1586 334 illi

117 376 136 399 a
170 373 215 396 se
249 358 442 396 inuidiam
475 358 684 394 interemti
709 356 872 393 Romuli
900 355 1123 408 pellerent,
1149 356 1187 392 in
1215 355 1408 392 concione
1434 352 1586 390 dixisse

117 413 301 464 Constat,
345 428 365 452 a
407 427 452 452 se
486 415 614 451 uisum
651 425 741 450 esse
774 414 813 449 in
849 426 896 449 eo
930 412 1037 450 colle
1070 410 1311 461 Romulum,
1343 412 1406 449 cui
1437 421 1585 447 nomen

117 471 337 522 Quirinalis
376 471 475 519 suit,
520 481 692 520 eumque
734 470 809 506 sibi
854 469 1086 518 mandasse,
1129 475 1169 507 ut
1202 470 1278 506 sibi
1321 468 1361 505 in
1401 479 1449 504 eo
1481 465 1586 504 colle

118 529 330 568 delubrum
364 528 510 574 fieret3
540 539 583 564 se
615 525 735 564 deum
768 538 862 563 esse
887 530 928 563 et
951 526 1163 574 Quirinum
1190 525 1338 564 uocari.
1400 522 1463 561 Cf.
1487 535 1588 573 quos

116 583 185 624 alii
227 586 302 621 iam
344 583 562 621 laudarunt
600 583 683 621 Cic.
722 583 827 633 Rep.
861 582 910 631 11,
956 582 1018 622 10.
1054 583 1140 620 Liu.
1174 579 1207 630 Ι,
1245 579 1307 621 16.
1342 581 1456 618 Dion.
1491 578 1582 618 Hal.

118 638 175 690 ll,
207 639 276 681 63.
311 641 420 678 I‘lut.
454 640 582 677 Rom:
609 637 677 679 28.
710 640 828 678 Num.
865 640 903 679 2.
939 641 1034 677 Aur.
1064 638 1161 676 Uict
1194 638 1245 676 de
1271 639 1347 675 uir.
1373 636 1432 674 ill.
1459 638 1498 686 2,
1526 635 1588 677 13.

116 697 328 736 Habitauit
359 700 494 734 autem
528 696 684 733 Atticus
707 696 859 733 Romae
892 697 931 733 in
963 695 1071 733 colle
1094 693 1306 744 Quirinali.
1376 694 1480 744 Nep.
1503 695 1588 730 Att.

114 753 220 801 xm,
254 754 293 794 2.
344 753 398 790 Et
420 753 545 789 Attici
578 752 739 790 domum
773 753 931 800 Quirini
965 751 1119 804 templo
1151 752 1322 789 uicinam
1356 749 1483 787 fuisse
1512 748 1588 787 de-

117 810 244 847 clarat
275 811 397 847 etiam
431 809 515 846 Cic.
551 809 601 846 ad
634 804 730 846 Att.
764 809 851 858 Xll,
883 808 951 849 415.
985 807 1025 848 3.
1086 809 1278 847 Ceterum
1313 819 1476 856 eorum,
1521 807 1587 856 qui

122 869 161 904 in
192 866 359 904 deorum
390 878 605 903 numerum
638 864 756 903 relati
790 871 921 915 erant,
955 866 1119 903 nomina
1150 865 1297 902 mutari
1340 876 1434 901 esse
1466 861 1586 901 solita

114 922 240 961 tradit
273 924 387 961 Lact.
422 922 521 959 lust.
559 918 594 970 l,
626 921 694 961 21.

207 983 258 1017 et
289 978 527 1027 Athenis]
562 978 827 1016 Uerumne
860 980 944 1028 sit,
979 978 1083 1030 quod
1116 979 1156 1016 in
1190 976 1280 1016 cod.
1315 977 1423 1015 arch.
1456 976 1586 1014 fuisse

118 1036 308 1075 codicum
342 1047 474 1086 paene
506 1036 682 1072 omnium
717 1048 919 1072 consensu
952 1037 1231 1083 confirmatur,
1261 1032 1385 1072 facile
1424 1032 1587 1071 librari-

117 1106 230 1132 orum
265 1095 681 1142 interpretamentum
718 1091 816 1128 inde
847 1093 1105 1141 agnoscitur,
1142 1090 1252 1141 quod
1283 1094 1324 1127 et
1354 1088 1485 1127 leuior
1516 1089 1588 1127 illa

115 1162 191 1187 uox
239 1148 365 1199 friget
411 1151 506 1198 post
554 1148 782 1196 grauiorem
826 1152 1127 1196 certumne,
1168 1159 1245 1184 nec
1287 1144 1587 1184 sustulerit

115 1206 256 1254 habet,
290 1218 339 1243 ex
370 1216 447 1254 quo
479 1204 677 1254 pendeat,
709 1216 786 1241 nec
819 1202 996 1254 denique
1029 1202 1229 1255 particula
1260 1217 1281 1242 u
1295 1206 1326 1253 t,
1371 1215 1488 1254 quam
1534 1202 1589 1240 de

114 1262 350 1300 coniectura
384 1259 534 1298 Bakius
565 1266 660 1312 post
699 1272 877 1298 uerum
891 1273 953 1298 ne
993 1262 1065 1298 sit
1105 1261 1270 1299 restitui
1301 1258 1454 1309 uoluit,
1486 1259 1586 1297 ferri

105 1323 253 1370 ‘potest
291 1316 373 1356 ullo
413 1315 550 1356 modo.
618 1317 905 1355 Accusatiuum
948 1330 983 1356 c.
1026 1316 1103 1355 inf.
1141 1318 1255 1367 sequi
1297 1318 1501 1369 oportuit,
1552 1318 1585 1354 si

115 1374 277 1425 quidem
326 1374 628 1411 consecutionis
679 1380 747 1411 aut
791 1373 986 1423 effectus,
1034 1376 1098 1424 qui
1141 1386 1306 1425 semper
1344 1375 1384 1411 in
1435 1372 1585 1412 talibus

117 1430 318 1482 exemplis
351 1428 551 1480 particula
583 1435 636 1467 ut
667 1428 912 1480 declaratur,
943 1429 1053 1468 nulla
1085 1431 1126 1469 h.
1158 1430 1186 1469 l.
1222 1431 1464 1481 significatio
1506 1436 1584 1469 est.

117 1488 179 1525 Cf.
209 1486 346 1524 Madu.
370 1485 422 1523 de
446 1485 538 1522 Fin.
561 1499 603 1536 p.
628 1481 717 1525 146.
778 1487 864 1524 Nec
895 1499 994 1524 sane
1027 1487 1244 1526 molestiae
1267 1488 1478 1537 quicquam
1510 1488 1585 1525 ha-

118 1545 200 1591 bet,
235 1542 341 1592 quod
365 1554 466 1592 quae
488 1541 540 1578 de
566 1540 769 1591 Aquilone
793 1544 964 1592 quaerit,
998 1543 1048 1581 ad
1070 1545 1439 1594 interrogationem
1464 1557 1584 1595 prae-

116 1598 334 1637 cedentem
377 1610 466 1635 cum
508 1598 548 1635 ui
587 1597 755 1649 quadam
795 1600 1048 1651 propositam
1080 1600 1302 1639 referenda
1332 1605 1451 1650 sunt,
1494 1613 1584 1639 cum

117 1660 159 1693 et
190 1657 227 1692 in
262 1655 408 1693 codem
440 1653 542 1690 haec
572 1667 726 1704 genere
760 1661 978 1694 uersentur
1010 1661 1051 1694 et
1072 1659 1309 1709 praeposito
1331 1657 1582 1696 Athenarum

116 1710 314 1749 uocabulo
346 1711 574 1749 continuari
608 1712 980 1762 interrogationem
1011 1715 1110 1751 satis
1143 1713 1392 1753 declaretur.

214 1765 450 1818 antiqua]
481 1766 541 1803 De
566 1768 774 1818 Orithyia,
806 1768 1032 1807 Erechthei
1055 1772 1163 1820 regis
1184 1770 1284 1821 filia,
1315 1772 1363 1809 ab
1381 1770 1584 1820 Aquilone

114 1830 227 1875 rapta
260 1823 355 1862 uide
386 1834 486 1873 quos
510 1823 699 1861 Moserus
730 1823 913 1863 laudauit
934 1824 1037 1865 Plat.
1062 1827 1238 1866 Phaedr.
1259 1840 1295 1879 p.
1319 1826 1416 1869 229.
1442 1828 1488 1864 Β.
1516 1827 1584 1867 ed.

115 1880 260 1931 steph.
301 1878 434 1930 Apoll.
472 1880 567 1928 Arg.
609 1880 637 1919 l.
670 1879 765 1920 212.
815 1882 917 1920 Her.
954 1881 1040 1932 Vll,
1079 1882 1172 1923 189.
1219 1883 1356 1936 Apoll.
1400 1880 1480 1933 III,
1517 1884 1581 1926 16.

116 1938 190 1974 Οιι.
224 1936 324 1975 Met.
359 1931 460 1984 VII,
493 1933 590 1975 683.
650 1936 711 1973 Ad
752 1936 913 1976 [lissum
952 1952 1040 1976 eam
1072 1945 1229 1991 raptam
1261 1953 1354 1980 esse
1383 1941 1582 1993 prodide-

113 1997 208 2030 runt
248 1992 370 2030 Paus.
414 1987 449 2040 I,
489 1990 552 2031 19.
596 1992 716 2031 Dion.
759 1993 923 2045 Perieg.
964 1995 1015 2045 V,
1048 1995 1141 2036 424.
1214 1996 1335 2036 Unde
1377 1998 1584 2048 antiquam

113 2050 237 2087 Attici
272 2048 434 2086 domum
469 2048 508 2084 in
543 2060 590 2085 ea
620 2049 871 2088 Athenarum
899 2057 1016 2102 parte
1040 2054 1158 2091 sitam
1182 2053 1311 2092 fuisse
1335 2067 1416 2092 non
1441 2055 1583 2106 inepte

113 2105 329 2143 Turnebus
369 2101 563 2153 collegit,
612 2118 714 2155 quae
761 2108 929 2158 propior
970 2107 1088 2147 llisso
1129 2115 1232 2148 erat.
1302 2112 1581 2161 Antiquam

113 2166 248 2199 autem
281 2160 444 2199 domum
477 2160 594 2209 dixit,
625 2174 706 2199 non
738 2169 782 2201 ut
809 2177 830 2201 a
861 2166 1109 2216 recentiore,
1149 2181 1265 2217 quam
1295 2180 1442 2205 recens
1470 2168 1583 2206 aedi-

113 2218 275 2255 ficatam
310 2219 494 2265 emisset,
527 2217 803 2268 distingueret
834 2216 1018 2273 (qualem
1049 2224 1090 2260 in
1123 2223 1337 2262 Ceramico
1381 2237 1471 2262 eum
1507 2226 1582 2262 ha-

109 2275 250 2312 buisse
280 2275 483 2312 coniicere
514 2271 617 2312 licet
648 2287 696 2312 ex
731 2276 812 2315 Cic.
843 2277 894 2314 ad
932 2278 1017 2317 Att.
1051 2275 1082 2319 Ι.
1119 2278 1184 2319 10.
1221 2279 1296 2334 1.),
1328 2281 1402 2319 sed
1435 2287 1479 2319 ut
1509 2295 1582 2319 an-

111 2331 355 2379 tiquioribus
387 2331 466 2367 iam
498 2332 749 2382 temporibus
777 2332 989 2371 aedificata
1017 2337 1192 2387 propius
1224 2351 1312 2376 eum
1339 2343 1461 2389 raptu
1485 2340 1579 2377 Ori·-

115 2385 251 2435 thyiae
283 2387 500 2424 coniuncta
532 2398 627 2424 esse
659 2387 882 2429 uideretur.
943 2390 1130 2442 Nugatur
1160 2407 1257 2432 uero
1294 2394 1470 2444 Bakius,
1510 2397 1578 2446 qui

112 2443 327 2492 antiqua
357 2442 525 2491 negauit
553 2441 771 2482 ferendum
803 2456 922 2496 esse,
955 2449 1045 2498 quia
1075 2449 1272 2500 Atticum,
1306 2464 1396 2489 cum
1429 2453 1578 2502 ubique

111 2497 253 2535 domos
292 2497 405 2536 laute
439 2497 674 2536 aedificatas
705 2500 909 2540 incoleret
938 2509 980 2541 et
1009 2506 1194 2556 antiquas
1225 2507 1475 2546 Athenarum
1501 2508 1577 2547 do-

109 2566 196 2591 mos
228 2553 404 2592 humiles
437 2552 623 2605 uilesque
663 2554 793 2595 fuisse
831 2563 1061 2610 constaret,
1099 2564 1181 2601 ista
1218 2562 1448 2603 humilitate
1478 2579 1576 2603 con-

110 2614 271 2649 tentum
303 2611 433 2648 fuisse
464 2623 546 2649 non
579 2617 692 2649 esset
723 2615 808 2652 ueri
835 2615 983 2655 simile.
1043 2618 1223 2658 Attica
1253 2620 1434 2671 quidem,
1467 2622 1575 2673 quod

110 2667 199 2717 ipse
230 2668 421 2716 coniecit,
455 2665 521 2705 uel
555 2673 775 2719 propterea
806 2672 967 2721 probari
998 2684 1078 2712 non
1109 2680 1274 2727 potest,
1306 2677 1413 2728 quod
1444 2679 1574 2716 Athe-

108 2723 172 2761 nis
207 2722 370 2762 domum
398 2721 510 2761 illam
539 2725 668 2762 fuisse
699 2727 777 2764 iam
811 2731 905 2766 ante
933 2728 1183 2771 declaratum
1218 2738 1296 2771 est.

220 2779 254 2828 ᾗ.
284 2774 326 2820 4.
385 2781 494 2818 sint
526 2780 758 2833 prodita]
790 2782 869 2822 Pro
893 2787 1260 2840 coniunctiuo,
1293 2792 1358 2840 qui
1386 2790 1570 2830 codicum
