1781 3192
595 519 1082 609 Fragmenta

103 677 409 723 librorum
440 678 520 723 (le
551 677 803 737 legibus
836 687 997 732 quae
1031 676 1226 732 uulgo
1258 674 1572 720 teruntur:

539 819 584 867 I.
620 818 764 883 apud
797 817 949 865 Lac-l.
993 817 1052 881 V,
1088 820 1138 863 S.

206 921 329 967 Sicut
351 939 433 968 una
455 925 687 982 eademque
706 927 856 967 natura
875 925 1052 968 mundus
1076 925 1267 967 omuibus
1298 922 1482 980 partibus
1503 922 1572 962 iu-

106 993 170 1032 ter
186 1003 234 1032 sc
258 994 586 1050 congruentibus
620 992 821 1034 cohaeret
848 1005 897 1033 ac
928 992 1096 1048 nititur,
1132 992 1191 1033 sic
1220 1003 1364 1033 omnes
1384 989 1572 1030 homines

104 1057 211 1098 inter
228 1071 275 1098 se
295 1062 445 1100 natura
466 1059 626 1101 confusi
648 1058 856 1114 prauitate
877 1057 1141 1114 dissentiunt,
1170 1071 1246 1099 nec
1266 1070 1312 1098 se
1336 1055 1575 1111 intelligunt

104 1136 199 1164 esse
215 1125 549 1182 consanguineos
569 1127 610 1166 ct
628 1125 838 1166 subiectos
857 1123 933 1164 sub
951 1136 1075 1165 unam
1097 1122 1356 1178 eandemque
1376 1121 1574 1176 tutelam;

103 1189 211 1245 quod
232 1191 267 1231 si
295 1192 534 1248 teneretur,
570 1190 743 1233 deorum
768 1188 959 1246 profecto
985 1201 1128 1231 omncs
1151 1190 1279 1231 uitam
1304 1190 1507 1232 uiuerent.

512 1296 589 1344 II.
624 1294 768 1361 apud
801 1295 953 1343 Laoc.
990 1294 1037 1353 I7
1074 1297 1161 1342 20.

201 1387 410 1447 Magnum
432 1389 655 1447 audaxque
676 1391 895 1433 consilium
918 1389 1103 1432 Graecia
1124 1389 1324 1446 suscepit,
1347 1388 1455 1444 quod
1477 1383 1574 1429 Cu-

101 1453 286 1510 pidinum
309 1459 350 1498 et
371 1455 574 1500 Amorum
595 1457 822 1500 simulacra
842 1457 880 1498 in
904 1457 1144 1515 gymnasiis
1170 1456 1448 1499 consecrauit.

193 1631 253 1663 Fr.
280 1631 308 1663 Ι.
360 1632 411 1664 Ad
437 1631 650 1664 sententiam
679 1632 868 1664 coniuncta
892 1632 982 1663 haec
1009 1642 1088 1664 esse
1115 1643 1193 1663 cum
1218 1631 1282 1670 cis,
1307 1630 1453 1673 quaein
1481 1629 1572 1662 libro

53 1728 57 1731 Ι
100 1687 217 1730 primo
251 1688 295 1720 de
331 1688 488 1721 naturali
520 1688 706 1720 hominum
742 1688 834 1721 iuter
874 1688 969 1730 ipsos
1008 1688 1182 1720 societate.
1209 1687 1433 1720 disseruntur
1459 1688 1573 1729 deque

101 1744 265 1776 dissensu
294 1755 418 1777 eorum
445 1745 649 1788 corruptela
684 1745 827 1777 demum
862 1745 981 1776 malae
1008 1744 1273 1776 consuetudinis
1300 1743 1449 1783 effecto,
1477 1748 1572 1776 recte

101 1800 171 1833 uiri
208 1800 303 1833 docti
337 1801 692 1841 animaduerterunt,
741 1811 807 1832 nec
840 1800 912 1833 alio
947 1801 1026 1832 loco
1058 1801 1133 1832 ullo
1171 1800 1331 1833 eiusdem
1367 1801 1572 1846 argumenti

101 1857 345 1899 pertractandi
380 1857 438 1889 his
470 1857 504 1889 in
532 1857 633 1889 libris
671 1857 771 1889 locus
797 1861 884 1889 erat.
936 1857 1005 1889 Sed
1032 1868 1095 1889 nee
1122 1858 1214 1898 quod
1242 1858 1445 1902 lVagnerus
1471 1858 1570 1897 dixit‚

101 1913 291 1956 probabile
324 1918 400 1954 est,
433 1913 645 1955 particulam
681 1924 760 1945 csse
785 1914 936 1946 lacunae
973 1925 1052 1955 cap·
1082 1913 1134 1945 12.
1169 1917 1313 1946 notatae
1338 1933 1380 1937 —
1404 1925 1486 1947 nam
1522 1914 1573 1946 ibi

103 1979 147 2001 ne
172 1973 228 2002 est
251 1969 394 2012 quidem
421 1970 550 2002 lacuna
583 1971 680 2007 ulla„
718 1969 786 2001 nisi
823 1969 917 2002 forte
952 1970 983 2009 ξ.
1009 1968 1065 2003 34.
1094 1981 1219 2003 uocem
1247 1970 1348 2003 illam
1382 1972 1572 2015 Pythago-

100 2035 202 2058 ream
226 2024 449 2057 intercidisse
475 2025 738 2058 existimaueris
772 2044 816 2048 ——
851 2036 916 2057 nec
935 2025 1053 2058 Bakio
1080 2027 1234 2059 concedo
1261 2028 1484 2059 emnmodum
1514 2028 1571 2059 his

99 2081 220 2114 uerbis
246 2082 366 2114 locum
391 2082 569 2126 assignari
590 2083 616 2122 Ι,
642 2081 696 2114 33.
723 2087 803 2124 post
830 2083 959 2114 uerba:
997 2080 1071 2113 ius
1108 2082 1265 2126 igitur
1299 2084 1407 2116 datu
1422 2096 1456 2116 ιιι
1495 2090 1570 2116 est

99 2138 346 2178 omnibus,
375 2149 440 2170 nec
464 2138 594 2171 Beiero
619 2137 772 2180 denique
797 2137 887 2180 (Off.
912 2138 959 2171 ΙΙ.
985 2148 1020 2178 p.
1046 2136 1144 2177 217.)
1172 2139 1348 2171 assentior
1374 2140 1565 2172 inserenda

98 2193 192 2226 haec
206 2205 286 2227 esse
303 2194 433 2227 dicenti
448 2194 539 2227 inter
552 2205 628 2237 cap.
647 2194 732 2228 luet
748 2195 757 2227 l
771 2195 797 2227 l.
835 2194 963 2228 Rullus
975 2193 1069 2226 enim
1085 2192 1203 2226 inillis
1217 2195 1392 2228 sermonis
1409 2197 1569 2239 partibus

101 2251 201 2283 locus
227 2256 292 2283 est.
318 2261 387 2293 quo
415 2252 600 2283 commode
626 2251 738 2294 ipsius
761 2249 946 2282 Ciceronis
970 2250 1092 2283 uerbis
1121 2249 1336 2286 inserantur.
1384 2253 1570 2286 Pertinent

101 2318 189 2339 uero
215 2307 259 2339 ad
285 2310 397 2339 totam
423 2308 527 2340 illam
554 2308 854 2350 disputationem,
890 2309 991 2339 cuius
1024 2307 1220 2339 sententias
1247 2309 1470 2349 Lactantius7
1499 2320 1568 2341 non

99 2364 214 2395 uerba
239 2362 406 2404 reddidit,
431 2368 467 2396 et
489 2364 540 2397 ita
565 2365 722 2407 quidem,
748 2368 788 2397 ut
815 2364 875 2396 uel
899 2375 954 2405 ea,
979 2374 1072 2406 quae
1097 2363 1246 2396 Tullius
1265 2365 1295 2406 ξ.
1316 2362 1373 2397 23.
1398 2365 1442 2397 de
1470 2375 1568 2397 com·

102 2420 201 2453 muni
221 2420 409 2453 hominum
435 2420 655 2463 deorumque
681 2420 827 2454 ciuitate
853 2431 1047 2463 eorumque
1071 2421 1298 2464 praepotenti
1333 2422 1399 2454 deo
1428 2423 1567 2456 obtem-

99 2476 285 2521 peratione
317 2476 360 2508 dc
387 2476 590 2510 Stoicorum
625 2477 804 2510 sententia
828 2477 1018 2517 disseruit,
1052 2478 1095 2511 ad
1121 2477 1355 2511 christianam
1389 2478 1567 2512 rationem

99 2533 150 2566 ita
172 2532 481 2573 accommodaret:2
511 2537 550 2566 ut
570 2544 732 2566 omnes
768 2533 990 2567 homines
1025 2535 1092 2567 sub
1130 2545 1240 2567 unam
1262 2535 1483 2578 eandemque
1511 2538 1566 2568 tu-

99 2589 209 2622 telam
235 2589 258 2622 i.
285 2599 314 2622 e.
335 2589 559 2623 diuinam
584 2591 765 2623 subiectos
791 2601 872 2622 esse
897 2590 1042 2624 diceret.
1091 2590 1149 2624 Ab
1173 2591 1242 2623 hoc
1268 2595 1388 2625 autem
1423 2595 1566 2624 senten—

101 2645 168 2678 tias
199 2645 476 2689 interpretandi,
512 2647 625 2679 uerba
660 2657 729 2679 non
766 2646 872 2679 nimis
898 2647 1090 2691 diligenter
1112 2647 1283 2681 reddendi
1310 2648 1565 2681 consuetudine.

101 2701 329 2735 Lactantium
352 2714 422 2736 non
447 2703 682 2736 abhorruisse
710 2703 802 2736 satis
830 2707 984 2737 constat.

192 2769 251 2801 Fr.
265 2770 310 2802 Π.
338 2770 440 2804 Haec
465 2771 579 2804 uerba
606 2771 650 2803 ad
676 2772 723 2811 IL
741 2769 797 2805 28.
824 2771 1001 2813 pertinere
1024 2775 1059 2804 et
1084 2775 1166 2805 ante
1192 2772 1322 2805 uerba:
1349 2772 1564 2804 uirtutes

101 2835 119 2856 c
135 2835 154 2856 ιι
169 2822 180 2855 ἰ
195 2835 250 2865 ιιι,
276 2837 297 2858 ιι
311 2836 330 2859 o
344 2838 365 2859 n
393 2827 517 2861 uitia
543 2827 717 2861 excidisse
744 2826 812 2860 uiri
834 2827 927 2861 docti
946 2839 987 2861 cx
1003 2828 1179 2862 Lactantii
1198 2827 1318 2861 uerbis
1335 2826 1566 2859 confecerunt
