1781 3192
244 161 300 199 16
810 165 880 204 DE
912 166 1142 208 LEGIBUS

243 273 346 314 ille
387 273 608 326 superaddi
647 273 892 316 adiectiuum
939 279 1234 330 Ciceronisque
1281 280 1545 335 consulatus,
1593 299 1712 345 (Luem

244 334 333 383 ipse
365 330 416 368 ad
447 332 494 378 Q.
528 330 594 369 Fr.
628 327 663 381 I,
695 329 736 371 3.
773 331 804 372 1.
836 347 997 374 meum
1030 336 1178 374 illum
1211 336 1482 376 laudatum
1525 354 1713 380 consu-

243 387 403 426 latum
435 386 551 436 dixit,
583 387 769 437 profecto
800 392 1162 431 memorabilis
1195 394 1242 431 ab
1284 394 1421 432 Attico
1453 398 1588 434 uocari
1615 409 1715 448 pos-

189 463 201 475 ·
244 446 321 493 sit,
355 445 389 481 si
420 441 583 492 quidem
617 444 694 495 ipsi
727 446 920 496 aequales
954 450 992 486 ei
1024 454 1295 488 conseruatae
1332 452 1492 502 patriae
1523 454 1714 491 testimo-

244 502 355 538 nium
394 497 622 537 dederunt:
666 500 769 538 nihil
811 504 850 540 in
890 504 968 543 hac
1000 509 1042 543 et
1071 506 1340 556 plurimorum
1386 511 1427 545 et
1468 510 1714 560 optimorum

245 555 436 594 codicum
468 556 674 606 scriptura
713 558 951 598 mutandum
977 565 1091 612 puto.

355 624 511 662 quae,
549 625 623 663 pro
666 626 742 663 quo
775 615 815 652 in
847 615 1124 656 deterioribus
1156 617 1394 669 quibusdam
1427 619 1548 663 codd.
1580 619 1711 659 futilis

244 671 309 706 est
337 669 540 707 correctio
572 681 713 719 quem
748 683 770 708 a
798 671 910 711 Uict.
940 678 982 711 et
1012 674 1153 714 Lamb.
1187 679 1374 725 retenta,
1415 677 1466 715 ad
1497 688 1545 714 ea
1577 676 1713 715 reser-

242 730 323 775 tur,
357 738 461 775 quae
500 724 647 763 eodem
680 739 770 764 cum
803 729 885 777 eis,
918 742 1021 779 quae
1055 735 1370 770 commemorata
1401 736 1524 782 sunt,
1557 744 1711 783 genere

248 782 531 819 continentur.
593 781 659 821 Cf.
695 796 797 833 quae
830 783 912 823 dixi
945 783 979 836 Ι,
1018 785 1083 827 14.
1115 786 1183 826 40.

357 838 411 877 ab
443 837 570 887 isto]
605 838 785 878 Temere
817 841 966 880 Bakius
997 856 1071 894 pro
1102 845 1206 882 isto
1239 843 1542 882 commendauit
1578 845 1711 896 ipso,

242 907 331 934 cum
361 892 472 932 nulla
498 894 538 933 h.
566 892 595 934 l.
626 896 680 934 sit
710 898 982 948 oppositionis
1018 900 1283 950 significatio.

354 950 414 989 de
458 951 614 990 Remo
660 956 712 990 et
748 953 982 1006 Remulo]
1029 956 1142 994 Ilaec
1188 957 1312 994 uerba
1353 957 1392 994 in
1433 957 1696 1008 prouerbium

245 1008 413 1060 abiisse,
445 1021 528 1059 quo*
554 1009 925 1060 antiquissimarum
956 1026 1092 1051 rerum
1117 1013 1320 1051 enarratio
1341 1012 1575 1063 denotetur,
1609 1012 1699 1051 elu-

246 1070 315 1104 cet
347 1077 394 1102 ex
423 1064 559 1103 uerbis
592 1070 648 1103 nt
678 1067 841 1116 aiunt,
874 1081 975 1118 quae
1006 1069 1145 1106 addita
1176 1073 1284 1106 sunt.

354 1120 532 1171 Quem]
588 1121 720 1160 Recte
762 1123 912 1161 Bakius
950 1126 1144 1162 maiorem
1185 1125 1563 1175 interpunctionem
1614 1127 1711 1160 ante

241 1190 383 1230 quem
415 1178 566 1230 posuit,
597 1179 688 1229 quia
723 1179 917 1219 refutatio
949 1195 970 1219 a
1000 1195 1115 1233 pron.
1149 1179 1268 1218 relat.
1299 1181 1562 1219 inchoaretur
1593 1180 1708 1217 eius-

241 1247 318 1287 que
349 1237 409 1274 rei
441 1238 647 1273 auctorem
677 1234 861 1275 laudauit
889 1236 1030 1277 Madu.
1065 1239 1103 1275 in
1133 1249 1194 1289 ep.
1220 1237 1311 1275 crit.
1332 1250 1370 1289 p.
1404 1234 1474 1277 86.
1497 1236 1569 1274 fin.
1593 1234 1712 1274 Adde

244 1291 371 1342 Seyff.
404 1291 455 1330 ad
485 1289 597 1331 Lael.
635 1291 671 1341 1,
705 1291 743 1332 3.

355 1361 570 1387 uacuum
609 1352 812 1400 tempus
852 1355 902 1388 et
942 1349 1186 1401 liberum]
1237 1350 1350 1388 Ilaec
1391 1350 1582 1387 uniuerse
1621 1349 1709 1400 pri-

243 1417 351 1443 mum
393 1404 586 1442 dicuntur
629 1417 706 1441 nec
752 1407 902 1443 attinet
949 1405 1123 1445 alterum
1169 1406 1328 1444 referre
1377 1405 1425 1443 ad
1472 1410 1707 1457 occupatam

243 1474 434 1514 operam,
484 1459 535 1497 ad
583 1459 827 1511 impeditum
878 1465 1056 1500 animum
1100 1462 1290 1501 alterum.
1337 1484 1393 1489 —-
1442 1461 1709 1513 Occupata

242 1531 399 1570 opera
444 1518 469 1555 i.
508 1529 545 1555 e.
584 1529 706 1555 wenn
746 1531 895 1556 unsere
935 1520 1201 1570 Thaetigkeit
1242 1518 1506 1567 (andei-weit)
1551 1518 1591 1555 in
1623 1518 1709 1555 An-

244 1575 394 1626 spruch
423 1585 670 1624 genommen
697 1575 768 1624 ist,
797 1575 1137 1625 quemadmodum
1165 1573 1356 1613 similiter
1380 1588 1453 1626 pro
1482 1571 1707 1622 Planc.27‚

242 1631 310 1673 66.
334 1634 588 1682 occupata
620 1634 853 1683 tempora
875 1633 1079 1673 dicuntur.
1121 1633 1271 1670 Dauisii
1297 1633 1530 1669 coniectura
1552 1643 1708 1668 occu-

242 1694 363 1739 pato
410 1700 490 1725 non
540 1686 662 1725 modo
701 1700 781 1725 non
822 1690 1056 1727 necessaria
1097 1694 1186 1738 est,
1230 1686 1304 1725 sed
1342 1687 1539 1725 orationis
1584 1686 1707 1723 etiam

244 1746 560 1783 concinnitatem
594 1746 743 1783 turbat.

356 1802 385 1851 ᾗ.
421 1800 462 1840 S.
493 1801 769 1839 Subsiciua
801 1801 1076 1853 quaedam]
1119 1802 1208 1839 Non
1240 1798 1505 1850 metaphorae
1544 1797 1707 1836 nouita-

245 1864 343 1907 tem,
378 1863 421 1896 ut
442 1857 591 1895 Bakius
624 1859 695 1909 ait,
728 1857 805 1896 Sed
829 1858 1086 1896 indefinitam
1120 1858 1233 1909 quasi
1266 1854 1466 1908 quandam
1498 1854 1706 1905 quantita-

243 1922 325 1953 tem
366 1926 592 1966 pronomen
635 1915 840 1965 significat
876 1916 1027 1966 (einige
1065 1910 1432 1965 Nebenstunden).
1493 1911 1579 1949 Cic.
1611 1911 1705 1948 Nat.

242 1972 367 2010 Deor.
400 1968 435 2021 Ι,
469 1969 534 2011 24.
567 1970 635 2012 66.
665 1970 972 2023 corpuscula
1003 1971 1247 2022 quaedam
1279 1968 1474 2016 laeuia,
1507 1966 1605 2005 alia
1633 1979 1707 2003 as-

243 2042 380 2080 pera,
415 2027 644 2065 rotunda
678 2028 779 2073 alia
810 2032 892 2066 cet.
951 2028 1066 2066 Lael.
1104 2026 1169 2078 13,
1191 2025 1258 2067 41.
1321 2027 1572 2074 Quamquam
1597 2022 1706 2061 idem

245 2084 357 2133 alibi,
389 2086 539 2135 quippe
573 2097 650 2133 quo
681 2090 792 2121 certa
823 2083 1036 2133 quaedam,
1068 2097 1186 2133 quam
1218 2087 1355 2120 tamen
1376 2093 1457 2118 non
1481 2081 1707 2118 accuratius

245 2140 433 2189 definias,
466 2138 639 2189 qualitas
670 2138 920 2188 declaretur,
952 2141 1009 2177 ita
1042 2140 1227 2191 usurpari
1255 2140 1431 2186 constat,
1465 2140 1509 2174 ut
1530 2137 1708 2174 nominis

245 2194 311 2235 uel
342 2196 588 2234 substantiui
618 2194 684 2233 uel
716 2195 908 2233 adiectiui
940 2197 1055 2233 notio
1085 2198 1277 2233 uniuersa
1307 2194 1432 2233 certis
1466 2191 1706 2243 quibusdam

246 2253 432 2292 terminis
464 2253 823 2290 circumscribatur
862 2249 1206 2305 (indiuidualisirt
1246 2248 1383 2304 wird).
1446 2250 1553 2288 Hinc
1585 2247 1706 2286 modo

245 2310 295 2348 ad
326 2308 607 2360 metaphoram
640 2307 704 2346 uel
729 2310 1072 2360 superiectionem
1098 2307 1362 2359 mitigandam
1387 2303 1490 2360 (Off.
1508 2302 1544 2355 I,
1568 2303 1712 2345 1547.

244 2365 432 2404 ardore
464 2364 680 2415 quodam
711 2367 907 2404 amoris,
973 2364 1084 2402 Lael.
1117 2365 1186 2414 21,
1227 2364 1297 2405 Sl.
1342 2377 1451 2402 cum
1491 2362 1707 2413 quadam

245 2420 606 2461 similitudine
647 2423 833 2459 amoris
875 2421 1093 2458 humani.
1164 2423 1278 2460 Brut.
1313 2421 1350 2470 1,
1383 2418 1461 2474 4.),
1501 2417 1625 2456 modo
1657 2417 1707 2455 ad

247 2480 327 2517 uim
365 2477 544 2515 nominis
581 2478 805 2528 augendam
847 2476 966 2516 ualet.
997 2478 1068 2515 Or.
1102 2472 1160 2528 II,
1194 2476 1259 2518 7-1.
1287 2476 1412 2526 298.,
1445 2473 1705 2514 excellen-

244 2537 317 2572 tis
350 2534 614 2572 cuiusdam
646 2534 844 2584 ingenii
885 2539 966 2571 est
1004 2546 1056 2571 ac
1088 2533 1389 2584 singularis.
1431 2531 1544 2570 Lael.
1570 2529 1610 2581 9,
1637 2529 1707 2571 29.

246 2591 307 2629 Cf.
340 2588 588 2642 praeclaram
620 2591 696 2628 hac
729 2591 778 2628 ‹lc
814 2603 855 2627 re
888 2590 1123 2640 Seyfferthii
1154 2591 1472 2642 disputationem
1511 2587 1559 2625 ad
1593 2586 1704 2627 Lael.

246 2661 282 2699 p.
322 2644 414 2695 199,
450 2648 516 2696 qni
549 2651 683 2685 tamen
717 2658 942 2697 pronomen
976 2645 1179 2684 adiectiuo
1212 2647 1488 2698 praepositum
1528 2658 1608 2683 non
1641 2658 1706 2683 sa-

248 2705 299 2741 tis
333 2701 561 2741 (leclarauit
601 2703 746 2741 eodem
789 2715 941 2753 genere
973 2704 1193 2740 contineri.
1254 2703 1454 2741 Adiectiui
1489 2701 1553 2740 uel
1584 2713 1705 2754 prae-

250 2758 426 2812 ponendi
463 2759 528 2798 uel
562 2759 834 2811 postponendi
869 2771 989 2797 causa
1025 2761 1135 2807 (uam
1178 2760 1386 2809 quidam
1428 2771 1544 2811 pron.
1574 2771 1704 2811 prae-
