1781 3192
355 190 515 228 Limen.
548 187 847 227 SECUNDUS.
903 187 1003 225 (hv.
1042 185 1185 225 xxiv,
1416 184 1505 223 23⁴.»

47 307 190 346 busti
239 301 481 341 uocabulum
534 301 741 351 pertinere
778 298 901 337 facile
941 306 1005 337 est
1047 298 1205 337 uidere.
1268 294 1413 347 Itaque
1449 299 1504 335 si·-

51 364 145 403 cubi
178 362 341 398 bustum
374 364 579 396 uetustum
612 361 716 406 erat,
748 355 789 393 id
822 358 1001 394 amoueri
1031 369 1110 393 nou
1141 367 1312 393 necesse
1345 354 1438 391 suit.

163 415 424 465 acerbum]
485 415 684 452 Acerbum
716 418 885 450 uocatur
916 413 1169 459 incendium,
1209 424 1289 449 non
1323 411 1414 462 quia
1455 422 1502 448 ex

50 490 97 515 re
128 474 270 513 acerba
302 473 445 520 oritur,
487 476 529 508 ut
558 471 703 508 Bakius
736 471 806 517 ait,
841 474 908 506 aut
941 472 1031 520 quia
1060 470 1199 506 nescio
1231 467 1325 518 quid
1359 463 1504 518 super'-

50 530 229 572 stitionis
271 530 311 566 in
350 527 550 565 eiusmodi
604 526 792 564 incendio
841 527 1034 563 Romanis
1092 526 1241 574 suerit,
1295 530 1339 562 ut
1377 524 1504 561 Gzius

51 591 254 641 opinatur,
296 583 368 620 sed
410 586 500 634 quia
542 597 621 621 uon
654 584 691 620 in
725 585 814 633 ipso
849 596 971 632 rogo,
1014 585 1052 620 in
1086 596 1162 632 quo
1195 581 1335 630 debet,
1368 581 1504 618 consi-

49 646 121 684 stit
151 645 193 679 et
225 639 382 677 alienos
415 654 572 690 quoque
605 638 835 678 calamitate
867 645 909 677 et
949 638 1091 677 dolore
1130 640 1218 676 sine
1256 639 1503 675 necessitate

48 699 189 738 afficit.
250 692 424 747 Ineptae
456 703 550 734 suut
578 698 836 734 coniecturae
861 697 1006 734 Lbini:
1039 695 1335 733 incendium
1359 693 1504 731 uide-

46 761 131 794 tur
161 765 353 791 arcere
387 753 481 799 (dici
513 760 624 791 certe
656 753 836 804 oportuit
871 766 1057 790 arcere
1091 750 1279 801 uelle);
1323 751 1502 788 Dauisii:

46 815 146 850 inc.
178 822 278 846 uer.
312 822 364 846 ac
398 822 452 846 eo
484 823 585 847 rem
617 814 785 858 uetat3
823 809 1146 858 thtenbachii:
1184 809 1282 845 inc.
1313 819 1413 847 uer.
1448 806 1506 844 ad

47 868 246 914 urbem;
281 865 496 915 Wagneri:
528 868 624 905 inc.
658 878 760 903 uer.
802 865 1031 914 aedium3
1074 865 1251 903 Moseri:
1295 865 1388 903 inc.
1428 875 1504 901 ar-

46 928 199 964 cetur
231 921 288 958 ad
324 924 499 959 urbem
533 921 598 960 uel
630 924 686 960 ab
720 923 859 959 urbe.

158 978 347 1028 forum]
418 979 535 1015 llanc
580 979 763 1016 'l‘urnebi
811 979 1086 1016 coniecturam
1134 977 1250 1014 Fest.
1292 976 1506 1014 confirmat

43 1051 75 1078 s.
109 1050 146 1075 ιι.
178 1033 359 1072 forum.
394 1032 470 1086 (id
501 1034 670 1072 forum
707 1035 910 1083 antiqui
955 1032 1324 1084 appellabant,
1369 1031 1505 1083 quod

42 1104 179 1131 nunc
212 1089 532 1127 uestibulum
569 1089 866 1141 sepulcrum
900 1089 1009 1127 dici
1043 1087 1230 1140 solet).

159 1147 193 1197 ᾗ.
215 1146 282 1187 62.
345 1146 683 1197 dominusque
715 1145 948 1195 funeris]
1013 1146 1206 1182 Dominus
1238 1144 1394 1181 funeris
1428 1156 1504 1181 uo-

44 1206 211 1244 cabatur
241 1201 494 1252 designator,
530 1204 595 1252 qui
627 1214 679 1239 ne
712 1201 807 1252 quid
831 1202 1064 1238 turbaretur
1088 1202 1348 1250 magistratus
1374 1200 1506 1237 instar

43 1270 214 1301 accenso
247 1262 289 1296 et
318 1256 532 1296 lictoribus
566 1259 769 1297 utebatur.
833 1257 894 1297 Cf,
918 1256 1091 1295 Beckeri
1117 1256 1228 1294 Gall.
1256 1252 1312 1294 II.
1342 1269 1383 1308 p.
1407 1255 1503 1296 283.

43 1313 186 1358 Paullo
219 1320 315 1354 ante
348 1316 472 1353 uerba
505 1316 543 1352 si
579 1314 703 1365 quid.
731 1313 969 1352 ludorum
1004 1313 1159 1360 (Lamb,
1191 1311 1320 1350 male:
1353 1314 1398 1350 si
1422 1313 1505 1363 qui

41 1374 303 1418 ludorum)
336 1386 357 1409 a
388 1371 735 1423 praecedentibus
777 1372 912 1408 uerbis
953 1368 1131 1408 Orellius
1172 1368 1503 1421 interpungendo

45 1427 517 1478 disiiinxit3W⁷agner11s
546 1426 786 1478 particulam
821 1433 870 1464 et
910 1426 1119 1478 praemitti
1161 1424 1304 1463 uoluit.
1368 1425 1503 1463 Ludos

44 1485 333 1524 indictiuorum
376 1485 565 1521 funerum
607 1483 737 1520 fuisse
785 1494 883 1520 uere
923 1482 1071 1520 Bakius
1120 1483 1203 1532 ait,
1250 1483 1314 1532 qui
1363 1480 1504 1520 laudat

43 1543 173 1594 Lipsii
208 1541 294 1579 Sat.
329 1536 363 1590 I,
395 1539 436 1579 8.

156 1596 529 1646 memorentur]
600 1595 754 1634 Merito
802 1596 903 1633 haec
943 1595 1179 1633 coniectura
1218 1593 1373 1646 placuit
1413 1592 1504 1646 ple..

40 1655 212 1704 risque,
263 1653 384 1689 etiam
428 1653 564 1691 Bakio.
636 1653 860 1691 Dauisiust
907 1657 1329 1693 commemorent.
1377 1652 1503 1690 Goer.

43 1710 140 1749 Sch.
173 1711 363 1748 Moserus
395 1715 752 1746 memorantor
785 1731 836 1735 —
870 1710 1229 1758 prosequitor,
1263 1709 1374 1759 quasi
1396 1707 1502 1758 legis

45 1771 188 1805 essent
220 1766 360 1803 uerba.
421 1766 679 1804 Honorati
714 1765 812 1802 uiri
845 1769 939 1802 sunt
969 1765 1012 1813 ii,
1052 1766 1118 1815 qui
1160 1766 1329 1803 summis
1367 1765 1501 1803 hono-

43 1825 155 1862 ribus
187 1822 320 1860 functi
351 1826 460 1860 sunt.
524 1822 609 1860 Cic.
642 1822 722 1859 Off.
755 1818 789 1870 I,
823 1819 892 1861 39.
930 1819 1022 1860 138.

161 1890 362 1928 easque
399 1890 458 1916 sc.
510 1890 590 1915 non
643 1877 903 1915 laudationes
952 1879 993 1914 in
1042 1877 1240 1914 concione
1279 1878 1307 1917 i.
1347 1889 1383 1915 e.
1431 1890 1504 1929 pro

42 1936 188 1975 rostris
221 1935 397 1985 habitas,
431 1933 505 1972 sed
535 1933 680 1972 laudes
707 1935 747 1971 in
782 1935 1018 1971 uniuersum
1053 1939 1195 1971 cantus
1220 1932 1270 1970 ad
1292 1934 1505 1972 tibicinem

41 1993 380 2046 prosequebatur.
455 1987 616 2029 Inutilis
656 1995 719 2028 est
755 1991 882 2040 igitur
916 1988 1140 2040 Schlegelii
1172 1991 1352 2041 suspicio
1385 2002 1504 2028 eos-

43 2061 153 2100 que.
228 2047 387 2086 Deinde
423 2047 542 2084 Lbini
582 2053 623 2085 et
662 2047 817 2084 Dauisii
858 2048 1117 2084 coniecturae
1155 2044 1311 2099 (illiusz
1354 2051 1506 2084 cantu

41 2105 307 2144 tibicines
338 2107 760 2154 prosequuntur,
781 2102 925 2140 huiust
957 2107 1108 2140 cantu
1140 2102 1200 2139 ad
1231 2103 1503 2141 tibicinem

43 2157 462 2214 prosequantur)
495 2172 571 2197 nec
600 2172 622 2196 a
653 2158 864 2197 codicibus
895 2157 1293 2196 commendationem
1339 2159 1506 2208 habent,

45 2230 122 2256 nec
152 2229 228 2268 per
259 2229 304 2254 se
332 2217 446 2267 ipsae
481 2217 578 2254 satis
609 2214 843 2267 probabiles
875 2220 982 2254 sunt.
1043 2215 1245 2253 Cantus
1269 2216 1301 2252 si
1324 2217 1505 2266 scripse-

47 2274 121 2322 ris,
153 2274 214 2310 uis
248 2273 334 2309 eius
361 2273 490 2322 magis
521 2284 596 2324 per
629 2284 673 2310 se
706 2273 794 2323 ipsa
825 2270 960 2309 elucet
989 2283 1125 2322 neque
1163 2269 1354 2309 laudibus
1393 2273 1507 2322 quasi

48 2327 275 2366 adhaerere
318 2326 493 2366 uidetur.
560 2328 719 2365 Neniae
759 2332 895 2366 autem
946 2330 1197 2365 canebantur
1247 2341 1269 2365 a
1315 2329 1506 2378 praeficis

48 2383 123 2431 (cf.
156 2383 262 2421 Non.
303 2395 345 2434 p.
382 2381 496 2429 145.)
541 2388 583 2420 et
620 2384 749 2420 Festo
792 2388 961 2421 auctore
1000 2397 1041 2435 p.
1078 2383 1168 2424 105.
1208 2383 1377 2422 fuerunt
1417 2397 1506 2422 car-

48 2442 173 2489 mina,
207 2451 308 2490 quae
333 2440 376 2476 in
407 2438 552 2476 funere
581 2436 777 2477 laudandi
809 2440 940 2490 gratia
976 2441 1243 2478 cantabantur
1273 2439 1323 2477 ad
1350 2441 1507 2478 tibiam.

162 2495 413 2545 Graecos]
474 2496 588 2544 Quae
623 2495 719 2533 inde
750 2509 772 2533 a
801 2496 930 2535 Gebh.
964 2501 1006 2534 et
1034 2497 1200 2535 Dauisio
1238 2495 1402 2547 uulgata
1444 2501 1509 2534 est

47 2551 186 2592 mendi
218 2553 419 2590 correctio
446 2551 667 2589 Graecis
691 2550 886 2606 (Steph.:
919 2552 1108 2591 Graeci
1130 2575 1183 2580 —-
1207 2554 1507 2601 nominant;

11 2648 19 2651 ,
46 2609 224 2648 Lbinus:
266 2622 287 2646 a
311 2608 544 2646 Graccho
575 2630 628 2636 ——
660 2606 1050 2663 nominantur),
1093 2622 1140 2647 ea
1181 2608 1373 2660 displicet
1412 2622 1510 2660 pro-

46 2670 142 2718 pter
172 2665 300 2704 datiui
332 2663 612 2702 insolentiam.
656 2663 722 2703 Cf.
764 2665 902 2703 Madu.
945 2664 998 2703 de
1029 2666 1120 2706 Fin.
1161 2679 1201 2717 p.
1235 2666 1304 2705 27.
1366 2661 1509 2715 Itaque

18 2722 23 2727 ’
49 2723 142 2774 quia
172 2723 212 2759 in
245 2720 367 2760 codd.
398 2725 461 2759 est
489 2722 762 2772 accusatiuus,
795 2722 879 2759 AP.
911 2722 939 2760 i.
972 2734 1006 2760 e.
1040 2722 1174 2773 apud
1208 2723 1318 2760 inter
1347 2720 1508 2759 litteras

50 2780 85 2818 A
117 2784 159 2817 et
186 2777 223 2817 G
255 2777 458 2817 excidisse
482 2779 687 2817 existimo.
748 2778 847 2815 Cum
875 2778 997 2816 Bakio
1020 2780 1097 2817 ista
1126 2780 1259 2816 omnia
1282 2777 1509 2829 expellere,
