1781 3192
240 182 330 222 216
808 181 879 220 DE
908 180 1142 222 LEGIBUS

246 298 449 348 partem
481 292 757 344 pecuniae.
818 292 921 332 Uict.
953 293 1078 332 Lamb
1113 293 1285 332 Rathius
1318 307 1406 333 cum
1438 295 1562 334 codd.
1594 296 1701 336 dett.

242 362 438 404 peruerse
471 347 740 399 adstringi
772 349 1149 390 hereditatem.
1371 354 1373 356 ’

360 406 395 456 ᾗ.
427 403 492 445 50.
555 404 852 455 pontifices
885 419 991 444 cum
1024 406 1268 458 pecunia]
1330 405 1446 455 Quod
1482 411 1577 458 post
1608 407 1703 446 Ste-

241 465 417 516 phanum
450 460 598 511 reliqui
622 465 867 512 receperunt
895 463 1194 514 pontifices
1225 464 1498 515 pecuniam
1523 465 1701 513 sacris,

241 519 284 557 id
324 530 402 556 nec
433 516 620 555 codicum
651 520 895 557 auctoritate
932 521 1081 557 nititur
1120 532 1197 557 nec
1237 532 1313 570 per
1353 532 1398 556 se
1437 532 1578 557 uerum
1623 526 1702 559 est.

242 576 332 614 Non
375 576 483 612 enim
525 587 615 611 cnm
657 577 783 613 sacris
823 578 1036 626 pecuniam
1078 577 1270 626 coniungi
1313 574 1533 614 uoluerunt
1562 578 1702 628 ponti-

242 633 368 681 fices,
405 628 480 668 sed
519 642 633 668 sacra
673 644 763 669 cum
799 634 984 683 pecunia.
1045 633 1274 670 Uerissima
1318 631 1512 683 Madnigii
1560 645 1703 671 ernen-

244 688 355 727 datio
387 687 691 739 pontifices
725 701 829 727 cum
863 690 1082 739 pecunia
1113 702 1262 727 sacra
1287 689 1549 727 confirmatur
1573 695 1615 727 et
1637 702 1701 738 eo,

245 743 352 797 quod
383 755 477 782 mox
503 743 535 793 ᾧ.
570 742 640 784 52.
672 744 818 784 eodem
852 745 973 783 modo
1005 744 1166 783 locutus
1192 751 1271 794 est,
1305 751 1346 783 et
1367 746 1456 796 ipso
1476 745 1564 785 cod.
1590 745 1701 783 arch.

245 799 420 850 mendo,
460 798 567 850 quod
607 806 746 839 natum
789 805 854 839 est
891 802 1099 852 frequenti
1140 802 1307 840 duorum
1342 799 1628 840 uocabulorum
1661 802 1701 839 in

244 870 366 896 unum
393 855 644 896 confusione.
706 857 872 907 Bakius,
905 860 966 896 cni
990 872 1068 896 non
1103 858 1314 910 displicuit
1344 859 1423 896 ista
1451 857 1702 907 emendatio,

243 927 383 967 parum
416 916 531 950 recte
564 919 699 951 tamen
732 915 1027 965 pontifices
1060 914 1149 953 tolli
1182 913 1310 953 uoluit
1337 918 1579 966 propterea,
1611 915 1702 965 quia

243 970 491 1024 pontificum
521 971 677 1007 mentio
722 972 768 1008 ab
808 972 887 1009 hoc
914 971 1006 1010 loco
1039 971 1173 1010 aliena
1205 975 1341 1020 esset,
1383 984 1470 1009 cum
1511 975 1554 1008 et
1583 969 1703 1008 modo

242 1026 556 1080 pontificem
590 1028 846 1065 nominasset
885 1033 927 1066 et
966 1030 1064 1066 satis
1103 1041 1225 1079 supra
1264 1028 1538 1077 significasset
1577 1026 1702 1065 Scae-

245 1084 428 1122 uolarum
461 1081 718 1134 disciplinam
752 1098 773 1121 a
805 1097 849 1122 se
877 1087 1066 1136 proponi.
1137 1086 1336 1122 Nimirum
1375 1097 1456 1121 non
1496 1081 1702 1120 intellexit

244 1141 503 1187 Ciceronem,
538 1152 626 1176 cum
656 1141 890 1191 pontificem
923 1153 968 1178 se
996 1143 1034 1178 in
1064 1139 1136 1179 illa
1159 1141 1421 1178 dissensione
1443 1140 1558 1189 sequi
1582 1138 1700 1187 dicit,

244 1194 482 1236 Scaeuolam
506 1195 756 1246 intelligere,
790 1196 941 1235 deinde
964 1202 1099 1235 autem
1124 1199 1339 1248 pontifices
1367 1196 1445 1234 dici
1471 1196 1701 1233 uniuersos.

358 1251 654 1302 iisdemque
681 1255 703 1292 i.
730 1267 764 1292 e.
788 1253 952 1303 iisdem,
977 1255 1041 1304 qui
1063 1255 1276 1305 pecuniam
1301 1253 1550 1304 acceperint.
1598 1251 1699 1289 Pro-

245 1321 394 1347 nomen
434 1309 559 1357 igitur
594 1322 675 1346 non
715 1314 903 1347 accurate
936 1310 1284 1348 accommodatum
1319 1310 1366 1347 ad
1401 1320 1548 1347 nomen
1580 1320 1701 1360 prae-

242 1365 395 1403 cedens
425 1363 671 1403 insolentius
703 1364 878 1404 relatum
912 1370 975 1403 est
1006 1366 1057 1403 ad
1086 1367 1297 1405 hominum
1326 1368 1538 1404 notionem
1570 1365 1699 1402 menti

241 1424 566 1460 succurrentem.

357 1482 509 1528 atque
542 1478 699 1515 etiam
733 1477 855 1517 dant
884 1479 913 1516 i.
948 1491 985 1517 e.
1019 1478 1264 1518 concedunt.
1324 1478 1435 1517 Male
1473 1483 1516 1518 et
1545 1477 1698 1515 Lbinus

246 1534 424 1572 coniecit
455 1541 608 1584 atque
642 1535 797 1572 etiam
839 1535 1041 1573 addunt
1081 1540 1123 1573 et
1163 1536 1310 1574 Bakius
1347 1535 1408 1574 ad
1447 1545 1579 1588 quae
1620 1533 1699 1571 ad-

244 1590 386 1629 dunt.
459 1589 542 1628 Sed
594 1590 689 1640 quid
732 1589 1040 1630 concedebant?
1087 1593 1119 1630 P
1133 1588 1538 1631 artitionemne?
1589 1591 1701 1639 Quae

243 1648 406 1699 species
438 1646 635 1697 quaedam
669 1651 759 1685 erat
798 1647 946 1698 legati,
983 1662 1059 1698 qua
1094 1649 1218 1687 heres
1257 1648 1444 1687 diuidere
1481 1648 1701 1687 iubebatur

243 1703 519 1742 hereditatem
552 1717 641 1741 cum
673 1702 887 1754 legatario,
929 1703 1082 1742 ueluti:
1123 1705 1327 1743 Meuius
1359 1705 1518 1743 heres
1551 1714 1697 1741 meus

244 1773 350 1798 cum
398 1759 546 1797 Titio
591 1759 952 1797 hereditatem
992 1773 1148 1798 meam
1186 1762 1412 1812 partito,
1449 1759 1700 1798 diuidito.

243 1816 309 1855 Cf.
350 1815 519 1868 Ulpiani
550 1816 710 1867 Fragm.
739 1815 884 1854 XXIV.
925 1816 955 1866 ξ.
998 1816 1065 1856 25.
1111 1816 1202 1855 Gai.
1242 1813 1299 1855 II.
1340 1816 1371 1867 ᾧ.
1404 1815 1503 1858 254.
1547 1813 1699 1853 Jordan

243 1886 318 1926 pro
350 1872 472 1911 Caec.
504 1871 617 1912 Prol.
647 1885 690 1923 p.
723 1870 792 1912 29.
852 1872 951 1910 Eam
983 1873 1109 1923 igitur
1138 1886 1219 1911 non
1260 1872 1543 1911 concedebant
1575 1871 1700 1910 Scae-

245 1928 386 1979 uolae3
419 1930 457 1967 in
489 1929 580 1980 ipso
610 1932 861 1967 testamento
893 1930 1047 1980 scripta
1079 1934 1205 1968 erat.‘
1240 1929 1330 1968 Hoc
1349 1935 1509 1969 tantum
1534 1927 1701 1976 dabant,

244 1991 289 2026 ut
319 1987 370 2023 in
401 1986 723 2037 partitione,
758 1986 792 2023 si
833 1986 874 2022 in
906 1990 1157 2024 testamento
1189 1985 1398 2037 deductio,
1426 1985 1467 2025 id
1501 1983 1607 2037 qnod
1637 1984 1702 2021 in-

245 2042 407 2082 terdum
453 2043 602 2092 fiebat,
648 2042 801 2093 scripta
852 2054 932 2079 non
979 2046 1112 2091 esset,
1164 2043 1325 2094 ipsique
1370 2043 1576 2093 (legatarii
1616 2037 1700 2092 sc.)

245 2102 379 2139 minus
426 2102 652 2150 caperent,
701 2110 817 2148 quam
869 2098 1053 2136 omnibus
1103 2098 1328 2137 heredibus
1373 2098 1700 2150 relinqueretur,

244 2156 370 2195 sacris
402 2167 455 2192 ne
487 2152 763 2204 alligarentur.
828 2154 891 2191 Ut
922 2167 945 2191 n
964 2166 985 2190 e
1015 2158 1110 2206 post
1143 2153 1301 2192 dandi
1329 2157 1495 2193 uerbum
1520 2154 1699 2206 positum

243 2216 325 2263 est,
359 2211 450 2262 quia
481 2209 625 2248 dantes
660 2208 782 2247 simul
812 2211 1022 2250 cauebant.
1057 2211 1122 2249 Cf.
1151 2211 1292 2249 Madu.
1326 2211 1377 2249 de
1408 2212 1498 2250 Fin.
1531 2223 1569 2262 p.
1601 2207 1699 2250 254.

245 2268 399 2309 Merito
440 2266 565 2317 igitur
599 2278 730 2317 nuper
766 2266 903 2307 Madn.
950 2265 1185 2305 facillimam
1226 2268 1380 2305 Dauisii
1424 2269 1697 2305 coniecturam

243 2338 350 2363 cum
383 2325 562 2375 (quom)
597 2327 677 2361 est
716 2324 936 2375 partitio
977 2323 1111 2361 denuo
1151 2323 1457 2362 commendauit
1487 2336 1528 2361 ln
1560 2333 1698 2374 progr.

243 2396 286 2434 p.
318 2379 411 2430 23,;
451 2380 563 2417 cuius
603 2380 832 2418 necessitas
873 2379 995 2431 plane
1035 2381 1296 2418 confirmatur
1324 2381 1458 2419 uerbis
1491 2378 1700 2431 sequenti-

245 2439 320 2476 bus
360 2438 409 2475 in
458 2435 747 2474 donatione.
812 2437 938 2485 Quam
977 2449 1067 2474 cum
1111 2437 1255 2474 Bakius
1293 2437 1562 2488 improbauit,
1610 2436 1710 2485 quia<

247 2493 414 2532 donatio
446 2497 698 2531 testamento
730 2497 1030 2544 opponeretur,
1071 2506 1151 2530 non
1192 2492 1399 2531 intellexit
1433 2493 1695 2544 partitionem

247 2561 405 2601 quoque
436 2550 677 2587 testamenti
709 2562 818 2588 esse.
879 2550 970 2601 lpse
1013 2550 1134 2587 haec:
1177 2549 1311 2600 quod
1350 2553 1430 2587 est
1468 2548 1697 2600 partitio

243 2604 493 2657 interpolata
537 2604 642 2643 dixit
688 2618 736 2644 ex
772 2606 806 2656 ξ.
839 2604 905 2645 53.
975 2605 1232 2644 Ranconneti
1281 2607 1515 2644 coniectura
1563 2603 1698 2654 quod

246 2667 325 2702 est
346 2662 666 2714 partitionis
689 2666 842 2714 caput
863 2663 1070 2701 immerito
1091 2662 1291 2712 Manutio,
1308 2663 1454 2712 Lbino,
1477 2660 1698 2699 Schuetzio

244 2718 422 2772 placuit;
459 2730 535 2756 nec
574 2717 721 2756 melius
762 2719 912 2769 Gzius,
964 2717 1071 2769 quod
1109 2723 1204 2758 ante
1233 2719 1436 2770 Wagnero
1467 2716 1695 2769 placuerat,

245 2775 423 2815 coniecit
477 2774 610 2826 quod
667 2779 751 2813 est
805 2776 1133 2828 partitionis,
1211 2775 1369 2814 Deinde
1424 2774 1565 2813 Bachii
1620 2771 1697 2827 (ad
