1791 3192
682 189 972 227 PRAEFATIO.
1498 192 1555 223 XV

96 304 209 335 turae
241 308 261 332 a
294 295 496 342 Grutero,
539 292 730 343 Dauisio,
772 292 1005 331 Goerenzio
1039 294 1228 342 excerpta
1257 293 1372 331 nobis
1403 306 1556 346 suppe-

93 369 219 415 teret,
250 377 326 402 nec
358 361 409 399 de
441 359 625 399 codicum
658 360 858 412 dignitate
888 362 988 399 satis
1013 366 1126 399 recte
1147 365 1291 411 posset
1314 361 1556 413 existimari,

93 444 169 469 nec
213 430 397 469 codicum
438 440 516 480 ope
553 440 605 466 ne
642 429 690 466 iis
732 428 896 480 quidem
938 427 1064 479 locis,
1105 430 1250 480 quibus
1290 429 1329 466 in
1373 428 1555 468 codicem

94 498 204 538 arch.
237 498 430 537 mendum
463 495 642 535 nondum
675 498 931 550 irrepsisset,
965 494 1091 535 Tullii
1133 498 1260 534 oratio
1302 497 1450 548 ubique
1488 511 1557 536 re-

91 566 189 616 fingi
225 570 378 618 posset.
439 564 556 615 Quod
595 570 640 604 ut
675 579 784 605 nunc
815 565 1045 617 possimus,
1085 562 1150 602 uel
1188 565 1344 604 Moseri
1383 566 1558 605 eximiae

92 632 348 684 diligentiae,
381 633 447 674 uel
477 634 591 673 Bakii
621 633 850 672 industriae
893 633 1103 671 debemus.
1164 633 1342 681 Quorum
1386 632 1457 672 ille
1486 647 1558 673 co-

90 700 204 740 dices
235 701 300 740 Cr.
331 707 373 740 et
396 702 525 752 Wytt.
555 703 645 754 ipse
676 705 791 740 tanta
828 699 1055 753 explorauit
1086 699 1324 751 diligentia,
1371 706 1415 740 ut
1452 701 1557 740 nihil

86 769 176 808 fere
216 768 517 823 discrepantiae
555 771 603 809 ab
643 782 691 809 eo
728 769 1067 821 praetermissum
1106 768 1350 808 existimem,
1411 768 1558 807 Mona-

87 839 224 877 censis
258 843 393 878 autem
425 837 569 889 codex,
603 839 717 877 cuius
749 835 1015 875 collationem
1047 840 1191 875 nactus
1224 840 1289 874 est
1320 851 1341 875 a
1369 835 1557 888 Spenge-

86 905 157 956 lio,
189 918 270 945 non
303 911 417 946 tanta
446 907 611 946 uidetur
640 905 812 946 collatus
845 917 939 944 esse
972 903 1199 956 diligentia,
1233 908 1276 943 ut
1308 906 1437 944 sicubi
1470 904 1556 943 dis-

86 975 294 1026 crepantia
328 978 518 1026 excerpta
548 987 630 1012 non
664 975 734 1024 sit,
766 971 917 1013 nullam
951 974 991 1010 in
1025 985 1072 1010 eo
1097 973 1229 1010 fuisse
1253 975 1386 1024 possis
1412 974 1556 1011 existi-

86 1054 213 1079 mare.
261 1042 412 1080 Bakius
443 1048 576 1081 autem
601 1043 766 1082 codices
792 1042 1016 1080 Uossianos
1042 1046 1083 1077 et
1105 1040 1421 1078 Perizonianum
1443 1045 1556 1078 tanta

82 1107 285 1160 religione
317 1111 512 1160 excussit,
545 1115 589 1148 ut
611 1111 839 1160 ubicunque
861 1109 1139 1159 discrepantia
1163 1120 1243 1144 non
1268 1108 1322 1145 sit
1346 1112 1553 1158 excerpta,

83 1190 154 1216 eos
187 1191 277 1217 cum
300 1181 466 1229 recepta
489 1180 691 1230 scriptura
715 1190 944 1228 congruere
967 1177 1117 1215 merito
1142 1177 1277 1228 possis
1302 1177 1553 1215 existimare.

83 1245 168 1284 Nec
190 1245 301 1284 idem
324 1250 462 1285 tamen
484 1246 536 1284 de
555 1245 727 1297 reliquis
747 1244 956 1284 codicibus
980 1245 1081 1283 licet
1102 1244 1256 1283 dicere.
1308 1243 1361 1281 Et
1390 1243 1553 1294 quidem

81 1324 128 1350 ex
169 1313 400 1353 Burneiano
441 1316 510 1362 (ὅ)
549 1315 639 1367 ipse
683 1318 842 1352 tantum
881 1314 1084 1366 potiorem
1125 1311 1444 1363 discrepantiam
1484 1325 1553 1349 ex-

83 1382 291 1433 cerpsisse
340 1396 384 1420 se
425 1383 540 1423 dixit.
608 1383 695 1421 Nec
734 1394 831 1421 uero
866 1380 1047 1433 reliquos
1087 1384 1168 1418 tam
1216 1378 1441 1430 diligenter
1485 1384 1553 1417 aut

78 1450 170 1501 ipse
204 1448 393 1502 contulit,
426 1456 494 1490 aut
522 1452 569 1489 ab
601 1449 690 1490 aliis
724 1449 897 1490 collatos
930 1450 1103 1501 accepit,
1139 1453 1181 1487 ut
1213 1460 1262 1486 ex
1300 1449 1387 1486 eius
1421 1446 1551 1486 silen-

80 1519 137 1556 tio
171 1520 259 1556 iure
290 1520 424 1570 possis
457 1518 678 1571 colligere,
711 1525 918 1572 receptam
961 1519 1204 1570 scripturam
1238 1528 1329 1554 esse
1352 1517 1392 1554 in
1418 1518 1551 1554 omni-

82 1587 172 1636 bus,
205 1599 303 1638 quos
336 1588 499 1638 quidem
533 1590 622 1639 ipse
654 1600 733 1626 non
767 1589 990 1640 exceperit.
1052 1585 1197 1624 Ueluti
1228 1591 1329 1622 cum·
1349 1584 1379 1635 l,
1407 1583 1476 1625 34.
1510 1587 1551 1623 in

83 1656 300 1694 uerborum
334 1657 482 1694 seriem
508 1657 716 1707 receperit
747 1657 849 1694 sibi
880 1653 1091 1706 aliquid
1124 1652 1262 1691 alter
1290 1651 1550 1702 maluerit,

80 1726 235 1760 certum
276 1727 415 1761 tamen
456 1727 521 1761 est
559 1736 645 1762 eam
679 1736 760 1761 non
792 1724 921 1761 fuisse
952 1726 991 1762 in
1027 1721 1121 1761 cod.
1156 1733 1215 1774 a,
1253 1719 1352 1760 licet
1383 1733 1430 1758 ex
1461 1722 1550 1772 ipso

79 1790 354 1843 discrepantia
382 1804 462 1829 non
497 1792 551 1829 sit
582 1798 785 1843 excerpta.
848 1792 891 1830 ln
924 1805 1002 1843 quo
1034 1793 1066 1829 si
1101 1794 1236 1840 esset,
1266 1791 1309 1828 in
1340 1802 1551 1828 commen-

82 1860 198 1897 tariis
229 1872 310 1897 non
343 1858 473 1897 solum
506 1872 555 1896 ex
587 1858 706 1898 codd.
740 1859 772 1897 C
805 1864 846 1898 et
877 1859 947 1901 65.
976 1859 1020 1897 id
1052 1872 1096 1897 se
1124 1860 1334 1911 recepisse
1373 1857 1548 1907 diceret,

80 1927 154 1965 sed
189 1928 310 1965 etiam
343 1926 454 1965 illius
490 1925 644 1964 codicis
683 1928 933 1965 mentionem
957 1927 1141 1965 fecisset.
1197 1927 1245 1975 ΙΙ,
1274 1925 1315 1966 6.
1347 1938 1438 1963 cum
1476 1931 1549 1962 et-

78 1996 216 2035 enim
249 1997 289 2033 in
321 1995 537 2033 uerborum
571 1995 720 2031 seriem
753 1995 961 2044 receperit
990 1991 1066 2031 nec
1100 1995 1310 2045 quicquam
1345 2006 1390 2031 ex
1425 1993 1547 2031 codd.

76 2071 109 2098 α
132 2056 169 2110 β
187 2071 220 2111 γ
242 2068 264 2096 ε
294 2061 595 2111 discrepantiae
619 2063 886 2112 excerpserit,
911 2066 1067 2099 certum
1096 2066 1231 2099 tamen
1256 2067 1321 2099 est
1345 2062 1547 2099 etenim

78 2135 232 2169 tantum
265 2131 304 2167 in
336 2127 428 2168 cod.
460 2147 495 2188 y
525 2128 670 2166 fuisse.
732 2127 850 2177 Quod
889 2130 969 2167 nisi
994 2134 1127 2178 esset,
1168 2131 1208 2167 in
1239 2131 1546 2168 commentariis

77 2211 155 2237 non
188 2188 235 2235 ex
264 2197 343 2235 hoc
376 2198 572 2234 etenim
606 2209 650 2234 se
682 2198 893 2247 recepisse
925 2197 1097 2247 diceret,
1132 2197 1205 2235 sed
1237 2196 1417 2248 ‘reliquos
1444 2211 1545 2249 quo-

76 2278 153 2317 que
184 2265 366 2315 codices,
402 2265 444 2301 in
476 2265 621 2315 quibus
651 2270 787 2314 esset,
818 2265 1085 2303 nominasset.
1147 2261 1277 2316 quue
1298 2264 1544 2305 luculentis-

74 2333 180 2371 sime
211 2333 468 2384 comprobari
498 2336 638 2385 potest
661 2330 800 2369 multis
825 2331 915 2370 aliis
940 2331 1154 2384 exemplis,
1189 2346 1291 2384 quae
1313 2347 1422 2373 nunc
1447 2348 1545 2387 per-

73 2397 254 2437 lustrare
285 2397 394 2437 nolo.
453 2400 555 2438 Cum
586 2401 712 2451 igitur
742 2397 831 2437 aliis
861 2398 965 2439 locis
987 2406 1118 2451 recte,
1150 2400 1258 2439 male
1280 2400 1370 2439 aliis
1395 2414 1442 2440 ex
1466 2404 1544 2440 Ba·-

72 2464 129 2503 kii
164 2463 329 2503 silentio
361 2463 592 2517 colligatur,
624 2471 833 2519 receptam
874 2470 1117 2521 scripturam
1148 2471 1191 2508 in
1223 2470 1408 2507 omnibus
1448 2483 1543 2508 esse

75 2530 301 2582 codicibus,
336 2545 435 2583 quos
463 2534 552 2585 ipse
581 2547 660 2573 non
685 2536 908 2586 exceperit,
935 2537 1168 2589 ubicunque
1194 2550 1243 2576 ex
1266 2536 1430 2576 silentio
1453 2540 1542 2578 eius

75 2599 317 2650 scripturam
351 2598 525 2650 aliquam
556 2601 598 2638 in
629 2601 834 2641 codicibus
867 2603 1106 2656 quibusdam
1137 2609 1207 2643 aut
1230 2617 1337 2656 esse,
1362 2610 1431 2644 aut
1460 2620 1541 2645 non

75 2677 168 2703 esse
201 2664 365 2718 collegi,
395 2666 439 2704 id
471 2665 627 2706 diserte
656 2667 873 2710 declaraui.
934 2669 980 2709 ld
1010 2676 1204 2722 quantum
1235 2673 1426 2713 breuitati
1467 2676 1540 2713 ob-

78 2773 298 2810 magnopcre
330 2764 503 2798 dissidere
539 2776 559 2798 n
592 2766 833 2812 discrepantia
859 2781 880 2804 a
904 2771 1106 2804 Goerenzio
1135 2772 1297 2815 prodita,
1326 2774 1539 2816 praesertim

77 2828 156 2852 cum
180 2830 223 2853 nc
248 2821 362 2855 Alteri
383 2822 528 2865 quidem
555 2822 745 2868 diligentia
772 2826 964 2861 admodum
990 2828 1184 2863 laudabilis
1208 2829 1267 2863 sit.
1318 2830 1392 2864 Cfr.
1409 2843 1445 2873 p.
1459 2831 1538 2865 vn.
