1781 3192
208 188 267 226 56
783 185 852 224 DE
885 186 1117 226 LEGIBUS

213 298 298 339 Sed
345 296 537 337 similiter
586 296 734 334 Cicero
785 295 888 335 dicit
940 297 993 336 (16
1044 298 1139 336 Fin.
1177 294 1255 348 IV,
1308 298 1348 339 5.
1387 298 1448 340 12.
1498 300 1680 339 diuina

213 360 387 395 mente
420 358 579 402 atque
611 357 796 390 natura
838 355 1143 392 uniuersum
1181 354 1416 393 mundum
1461 356 1679 396 admini-

213 412 401 460 strari,
434 421 511 446 nec
544 409 656 457 cogit
686 421 784 446 sane
815 411 1048 460 quicquam,
1082 415 1124 448 ut
1155 412 1195 447 in
1220 411 1295 448 hac
1321 413 1544 462 nominum,
1578 426 1680 464 quae

214 466 362 519 agendi
410 466 486 502 vim
534 464 728 514 habeant,
774 467 1086 504 coaceruatione
1133 471 1315 504 naturam
1360 467 1529 506 deorum
1578 468 1681 507 nihil

216 529 403 575 agentem
435 521 673 570 cogitemus,
724 521 1002 559 Retinendum
1028 524 1153 573 igitur
1172 527 1356 561 natura
1379 537 1486 562 nunc
1515 538 1682 575 censen,

215 581 308 631 quia
338 591 415 616 nec
446 590 468 615 a
499 575 715 614 meliorum
748 577 931 615 codicum
966 580 1167 630 scriptura
1198 580 1288 617 siue
1309 582 1559 618 necessitate
1583 587 1682 632 puto

216 634 373 674 discedi
403 638 612 685 oportere,
647 638 688 670 et
719 635 898 682 nomina,
932 647 1033 685 quae
1069 634 1116 672 ad
1149 647 1232 672 rem
1260 641 1441 686 apertius
1466 636 1682 675 declaran-

214 693 303 731 dam
339 691 410 737 (cf.
444 689 496 727 de
528 690 620 728 Fin.
655 686 747 739 III,
780 688 818 729 4.
855 689 933 736 14.)
972 691 1011 730 h.
1045 691 1075 729 l.
1115 690 1318 729 cumulata
1351 700 1460 742 sunt,
1495 694 1587 731 bina
1620 695 1683 730 ui-

213 750 364 789 dentur
395 748 608 785 coniuncta
638 760 747 795 esse,
782 751 839 794 ut,
869 748 901 784 si
926 749 1136 785 omittatur
1173 753 1382 797 natura,
1417 749 1684 799 aequabilitas

213 805 407 844 orationis
449 802 629 840 tollatur.
699 798 746 839 In
786 815 865 852 quo
907 806 1115 842 neminem
1153 804 1230 841 hoe
1278 804 1404 842 debet
1455 805 1684 854 oll'endere,

216 861 322 914 quod
363 860 528 897 nomina
569 858 754 896 eiusdem
797 861 1016 909 potestatis
1058 862 1263 898 ratione
1303 866 1501 911 mente,
1543 867 1685 913 pote-

214 922 361 957 state
394 916 603 953 numine
634 928 714 953 non
747 920 841 953 sunt
872 918 1111 963 coniuneta3
1156 930 1247 954 nam
1289 922 1330 954 et
1368 919 1575 955 chiasmus
1607 918 1685 955 hoc

215 977 252 1013 in
283 985 435 1025 genere
468 976 510 1009 et
539 972 746 1023 anaphora
778 976 933 1022 regnat.
997 972 1061 1010 (ΕΓ.
1094 971 1376 1022 Naegelsbach
1416 972 1490 1011 lat.
1535 972 1683 1012 Stilist.

216 1046 256 1083 p.
287 1029 384 1071 342·
417 1029 621 1078 Dauisius,
657 1029 722 1079 qui
757 1029 795 1065 in
830 1029 1046 1066 uerborum
1083 1034 1275 1067 contextu
1310 1044 1397 1067 cum
1424 1031 1534 1069 Uict.
1566 1043 1686 1068 uoca-

214 1087 309 1127 bulo
340 1087 388 1125 ui
429 1086 581 1126 omisso
621 1086 766 1123 scribit
807 1085 1022 1123 deorum
1064 1085 1437 1123 immortalium
1479 1091 1684 1134 natura,

215 1146 495 1183 coniecturam
521 1142 624 1181 hanc
646 1142 822 1179 tentauit
851 1141 993 1179 deor.
1026 1142 1150 1178 imm.
1188 1155 1309 1179 cura
1340 1144 1553 1180 ratione
1586 1148 1685 1189 cet„

216 1202 279 1240 uir
311 1199 474 1251 quidam
507 1198 651 1236 doctus
685 1197 791 1249 apud
824 1196 1083 1235 'l‘unstallum
1121 1197 1168 1235 ad
1205 1211 1268 1248 ep.
1305 1198 1355 1235 ad
1388 1203 1475 1236 Διί.
1516 1212 1556 1250 p.
1594 1197 1686 1237 177.

214 1262 402 1297 natura
442 1257 484 1293 in
534 1261 660 1293 nutu
699 1255 888 1292 mutauit.
960 1255 1142 1303 Denique
1192 1253 1299 1304 quod
1347 1253 1499 1293 dieitur
1543 1259 1688 1299 natura

216 1314 386 1356 deorum
418 1324 579 1350 omnem
611 1317 795 1349 naturam
831 1311 934 1360 regi,
968 1310 1025 1360 id,
1058 1311 1151 1360 quia
1185 1309 1284 1347 illud
1319 1310 1368 1347 ad
1394 1313 1472 1348 uim
1500 1310 1686 1359 deorum,

217 1372 294 1411 hoc
324 1369 374 1408 ad
403 1373 587 1406 naturam
619 1381 753 1405 rerum
783 1369 981 1418 pertinet,
1015 1369 1102 1404 iure
1136 1366 1351 1404 offendere
1383 1373 1521 1418 potest
1554 1369 1687 1405 nemi-

218 1440 329 1476 nem,
362 1425 606 1477 praesertim
637 1423 820 1474 pluribus
853 1423 945 1460 aliis
979 1423 1210 1459 nominibus
1239 1428 1456 1461 naturae
1489 1422 1687 1462 uocabulo

216 1483 436 1524 adiunctis.
497 1479 581 1518 Sed
623 1480 798 1518 offendit
839 1484 978 1516 tamen
1019 1478 1214 1528 Bakium,
1250 1492 1341 1517 cum
1384 1481 1471 1530 ipse
1513 1480 1686 1531 exempli

218 1538 416 1579 simillimi
469 1537 722 1574 mentionem
781 1536 942 1573 faceret
991 1534 1041 1572 de
1090 1536 1183 1572 Nat.
1234 1536 1359 1574 Deor.
1407 1532 1465 1586 II,
1513 1536 1577 1577 30.
1619 1537 1686 1576 77.

216 1595 315 1635 non
349 1600 429 1633 est
458 1594 621 1643 igitur
650 1596 844 1630 natura
888 1589 971 1644 (sc.
1006 1588 1199 1645 deorum)
1241 1597 1572 1644 praepotens
1603 1606 1688 1631 ne-

219 1666 315 1704 que
347 1648 646 1698 excellens,
680 1650 722 1687 si
758 1648 960 1699 quidem
994 1662 1051 1687 ea
1082 1648 1332 1687 subiecta
1361 1654 1446 1688 est
1477 1649 1561 1688 uel
1601 1663 1687 1689 ne-

216 1706 477 1750 cessitati
508 1706 593 1747 uel
623 1710 855 1746 naturae.

335 1789 394 1826 ab
424 1785 502 1836 eo]
545 1785 674 1824 Recte
705 1784 782 1823 hoc
805 1788 948 1822 tenent
979 1782 1099 1822 codd.
1132 1781 1346 1832 meliores3
1379 1797 1400 1821 a
1432 1783 1544 1834 deo,
1579 1783 1685 1835 quod

218 1852 313 1900 post
345 1845 585 1883 Lambinum
617 1842 747 1880 edidit
780 1842 1058 1889 GoerenziuS,
1101 1853 1227 1891 praua
1267 1844 1332 1877 est
1371 1844 1573 1878 correctio
1614 1841 1688 1876 ‹ie-

218 1904 434 1951 teriorum,
466 1901 578 1938 cuius
610 1898 907 1937 absurditatem
950 1901 1064 1934 recte
1096 1896 1240 1933 Bakius
1272 1896 1368 1933 hinc
1399 1902 1541 1947 patere
1575 1896 1689 1945 dicit,

219 1959 329 2010 quod
355 1971 436 1996 non
470 1957 571 1995 deos
596 1969 690 1994 esse
712 1955 907 2006 Epicurei
929 1955 1186 2005 negauerim,
1221 1953 1296 1991 sed
1321 1965 1483 1991 omnem
1507 1958 1687 1991 naturam

219 2016 287 2054 dei
319 2018 459 2053 mente
490 2013 782 2051 administrari.

332 2083 728 2134 strepitumque
758 2078 1034 2117 fluminum
1067 2079 1092 2115 i.
1117 2091 1154 2116 e.
1213 2076 1320 2115 Liris
1354 2082 1395 2116 et
1427 2079 1492 2129 qui
1525 2079 1562 2116 in
1598 2090 1687 2115 eum

221 2138 447 2178 ell'unditur
478 2137 662 2174 Fibreni,
724 2135 789 2174 Cf.
825 2132 881 2184 II,
914 2134 954 2174 3.
986 2135 1025 2174 6.

337 2206 570 2244 uirorum
602 2203 874 2254 bonorum]
928 2202 1020 2240 Peti
1061 2205 1177 2253 patet
1212 2202 1451 2254 Epicureos,
1502 2204 1566 2253 qui
1600 2216 1689 2241 cum

219 2262 303 2301 leui
337 2260 506 2313 quadam
539 2264 772 2298 contemtus
807 2260 1124 2309 significatione,
1167 2271 1244 2295 uon
1284 2274 1372 2297 cum
1409 2261 1614 2309 irrisione,
1648 2264 1692 2297 ut

221 2320 370 2359 Balihu
402 2319 473 2368 ait,
507 2318 581 2355 uiri
615 2318 708 2354 boni
741 2316 944 2365 dicuntur,
979 2314 1321 2365 quemadmodum
1356 2318 1484 2354 nostri
1531 2329 1693 2367 quoque

224 2377 413 2417 homines
447 2375 575 2414 uirum
609 2376 755 2412 bonum
799 2370 942 2425 (einen
977 2377 1102 2422 guten
1134 2369 1288 2425 Manu)
1335 2386 1426 2411 eum
1468 2376 1628 2422 uocant,
1671 2386 1693 2410 a

224 2446 325 2485 quo,
367 2444 457 2470 cum
488 2444 534 2469 re
563 2429 672 2469 nulla
707 2430 876 2480 insignis
910 2431 986 2479 sit,
1028 2433 1164 2467 tamen
1206 2430 1338 2467 omnis
1377 2429 1532 2468 malitia
1571 2430 1692 2467 absit.

226 2490 292 2528 Cf.
324 2489 446 2528 Tusc.
480 2484 561 2538 Ill,
594 2486 659 2527 21.
691 2488 760 2527 ὀί).
794 2490 844 2523 et
877 2491 1165 2537 queruntur
1197 2485 1402 2536 quidam
1428 2485 1690 2538 Epicurei,

225 2547 330 2586 uiri
362 2545 542 2597 optimi
574 2547 698 2590 (nam
732 2542 922 2582 nullum
956 2556 1117 2594 genus
1150 2547 1233 2579 est
1265 2543 1430 2580 minus
1460 2541 1691 2579 malitio-

223 2604 350 2648 sum)
401 2613 477 2639 me
527 2599 770 2639 studiose
821 2600 1007 2641 dicere
1056 2605 1242 2637 contra
1279 2598 1575 2650 Epicurum.
1640 2597 1691 2636 de

227 2659 314 2697 Fin.
348 2653 382 2707 I,
415 2657 456 2696 7·
488 2657 556 2698 25.
589 2657 710 2697 Tusc.
745 2657 774 2708 i,
807 2656 847 2697 3.
881 2656 922 2698 6.

339 2727 440 2764 uiri
472 2727 633 2777 optim
649 2726 680 2775 i]
715 2726 884 2764 Rectius
927 2739 975 2763 ex
1017 2724 1171 2763 codicis
1212 2722 1323 2761 arch.
1364 2722 1514 2760 mendo
1556 2722 1690 2773 capi-

233 2780 329 2821 tuli
365 2788 458 2834 post
489 2781 634 2822 Aldum
666 2788 874 2833 nepotem,
908 2782 1136 2830 Peareium,
1171 2778 1476 2819 Lallemandtun
1504 2780 1690 2817 Goeren-
