1781 3192
226 174 313 212 214
792 173 863 212 DE
895 173 1124 212 LEGlBUS

227 288 306 337 qui
338 287 574 325 moritur.
635 282 777 335 Quid?
810 286 995 337 potuitne
1027 286 1239 337 quisquam
1270 286 1420 324 mortui
1451 286 1556 325 bona
1587 299 1685 326 usu-

227 356 374 395 capere
416 341 483 380 uel
516 355 577 392 ea,
610 355 711 392 quae
742 343 830 380 eius
871 355 965 380 esse
1007 342 1253 391 desiissent,
1295 355 1384 380 cum
1425 341 1684 381 moreretur?

226 401 427 438 Nimirum
458 412 573 450 pron.
608 398 718 437 dem.
752 400 870 437 eius
903 401 1086 450 pertinet
1117 397 1166 435 ad
1200 410 1308 449 eum,
1342 400 1406 450 qui
1432 411 1454 437 e
1476 399 1561 437 uita
1582 400 1686 436 emi-

225 457 369 506 grarit,
399 460 445 493 ut
475 460 517 493 et
539 460 633 493 ante
667 457 1082 503 (testamentoue
1116 455 1254 504 eius)
1286 460 1327 492 et
1349 460 1444 507 post
1475 455 1550 499 (de
1579 466 1687 493 cre-

227 512 499 550 ditoribus
532 513 687 562 eius),
719 517 841 562 atque
874 513 1012 550 uerbis
1045 524 1156 549 cum
1180 512 1403 550 moritur
1434 512 1688 563 significatur

225 570 331 607 bona
362 569 590 618 etiamtum,
623 582 709 606 cum
745 570 955 618 moriatur,
989 570 1075 606 eius
1109 568 1240 605 fuisse
1272 573 1482 619 oportere.
1544 568 1687 606 Gene-

224 624 368 663 raliter
411 630 545 664 autem
587 624 788 675 loquitur,
830 629 874 662 ut
908 625 1170 663 nee-Dauisii
1212 637 1313 676 opus
1355 626 1412 663 sit
1450 625 1689 664 coniectura

225 687 454 721 mortuus
487 687 570 719 est
599 694 676 719 nec
708 682 843 719 Rathii
876 683 958 732 qui
991 686 1227 719 mortuus
1261 682 1342 720 sit.

339 737 619 790 plurimum
646 737 999 789 possidendo]
1033 735 1367 776 Possidendo
1391 737 1521 776 Turn.
1543 735 1688 787 Steph.

226 795 337 835 Man.
369 795 468 833 Seli.
505 795 694 846 cupidius
725 807 841 845 quam
876 796 1012 833 uerius
1045 793 1253 843 delerunt,
1297 798 1340 831 et
1380 792 1511 832 deleri
1542 791 1689 831 uolue-

227 858 323 890 runt
353 852 454 890 Dan.
487 856 537 889 et
560 852 704 890 Gzius.
773 852 828 889 At
869 864 966 889 uero
1009 850 1103 889 addi
1141 862 1315 888 necesse
1356 855 1444 900 est,
1483 860 1537 887 ne
1575 861 1691 887 sacra

227 909 417 959 coniungi
450 908 613 946 demum
648 907 866 946 uideantur
897 921 988 946 cum
1031 907 1357 958 usucapione
1389 907 1414 946 i.
1450 918 1488 945 e.
1518 905 1690 943 dominii

227 964 449 1016 adeptione
484 977 563 1015 per
608 966 917 1016 possessionem
955 967 995 1002 in
1037 977 1184 1002 annum
1231 968 1299 1000 aut
1340 964 1547 1001 biennium
1589 974 1690 999 con-

226 1023 448 1071 tinuatam,
496 1021 571 1059 sed
613 1020 737 1059 simul
777 1033 866 1058 cum
908 1021 997 1071 ipsa
1036 1020 1304 1072 possessione
1344 1021 1432 1057 iure
1482 1019 1690 1070 praetorio

226 1077 335 1116 data.
378 1077 445 1117 Cf.
481 1077 584 1115 Rein
619 1090 747 1116 roem.
778 1077 957 1115 Priuatr.
989 1090 1030 1128 p.
1051 1076 1149 1116 401.
1183 1080 1225 1113 et
1256 1089 1369 1126 quos.
1398 1075 1498 1113 Mos.
1534 1073 1689 1123 laudat,

226 1135 314 1174 Gai.
348 1130 401 1175 II.
437 1135 471 1185 ᾗ.
496 1132 566 1174 41.
602 1134 636 1184 §.
655 1132 834 1174 53—58.
869 1129 945 1171 ΙΙΙ.
980 1133 1134 1184 §.175.
1159 1136 1201 1170 et
1221 1132 1398 1184 Sauigny
1428 1130 1458 1169 l.
1481 1130 1510 1169 l.
1531 1143 1568 1182 p.
1591 1128 1689 1170 374.

341 1192 381 1229 si
414 1203 562 1228 nemo
595 1192 668 1228 sit
698 1189 799 1240 cet]
862 1191 976 1227 Ilaec
1007 1194 1122 1227 recte
1155 1188 1320 1239 uulgata
1344 1192 1440 1226 sunt
1463 1185 1690 1224 secundum

226 1246 345 1285 codd.
379 1246 480 1286 dett.
516 1247 643 1284 Gzius
674 1259 841 1298 prauam
875 1245 1042 1284 aliorum
1084 1246 1186 1286 dett.
1229 1245 1349 1283 codd.
1389 1244 1688 1281 correctionem

227 1305 433 1355 expressit
473 1309 686 1354 quarto,
736 1304 843 1352 qui,
885 1303 924 1340 si
970 1314 1117 1339 nemo
1158 1303 1251 1351 sit,
1297 1301 1484 1339 Dauisius
1533 1298 1690 1337 codicis

227 1359 331 1398 Ball.
384 1361 471 1397 siue
518 1359 815 1396 correctionem
868 1360 956 1395 siue
1002 1357 1194 1395 mendum
1240 1358 1433 1408 probauit
1482 1360 1690 1407 quarto,

227 1414 415 1467 quodsi
456 1428 619 1452 nemo.
689 1414 786 1452 Mox
830 1414 1003 1452 Rathius
1053 1415 1142 1451 sine
1188 1415 1294 1450 iusta
1346 1425 1466 1450 causa
1514 1412 1693 1449 coniecit

227 1472 289 1510 de
319 1470 697 1510 creditoribus
730 1471 798 1520 is,
833 1472 930 1521 qui.
993 1470 1209 1508 Sententia
1235 1470 1340 1507 haec
1366 1473 1452 1507 est:
1483 1468 1526 1507 Si
1557 1479 1693 1519 neque

227 1529 354 1567 heres
385 1529 438 1566 sit
468 1529 559 1566 iure
591 1525 704 1565 ciuili
736 1539 873 1577 neque
895 1529 1092 1565 bonorum
1117 1539 1334 1578 possessor
1355 1527 1444 1564 iure
1466 1526 1692 1577 praetorio,

228 1586 356 1623 sacris
387 1583 657 1635 adstringitur
688 1583 935 1622 creditorum
960 1585 1012 1633 is,
1045 1584 1111 1634 qui
1136 1582 1354 1634 plurimum
1376 1586 1526 1620 seruat.
1576 1581 1692 1619 Ser-

226 1655 348 1680 uare
379 1643 459 1679 uim
493 1641 618 1679 habet
647 1641 848 1691 pecuniae
880 1640 1076 1690 creditae,
1109 1642 1223 1678 cuius
1253 1638 1492 1689 perdendae
1526 1638 1691 1688 pericu-

226 1698 309 1736 lum
351 1704 462 1748 erat,
514 1696 781 1748 recipiendae
821 1699 1012 1743 (retten).
1073 1695 1231 1733 Laudat
1270 1695 1397 1744 Wytt.
1437 1692 1551 1731 Pauli
1596 1693 1688 1742 Dig.

228 1755 354 1805 XVH,
387 1755 449 1791 tit.
490 1754 524 1793 1.
567 1752 649 1803 leg.
694 1751 761 1792 45.
813 1753 1036 1803 .Sauigny,
1075 1753 1169 1802 quia
1209 1752 1406 1788 bonorum
1451 1747 1692 1787 uenditione

228 1812 336 1849 facta
369 1812 436 1859 ei,
477 1814 543 1861 qui
587 1809 784 1860 plurimas
828 1810 1076 1846 centesimas
1116 1807 1200 1853 (die
1230 1806 1435 1844 hochsten
1466 1805 1691 1850 Procente)

228 1869 514 1919 promisisset,
547 1866 745 1904 debitoris
777 1866 924 1902 mortui
956 1866 1060 1902 bona
1092 1862 1253 1900 addicta
1286 1865 1427 1900 essent
1458 1862 1576 1911 isque
1607 1864 1690 1898 tum

228 1923 399 1962 heredis
430 1921 521 1960 loco
552 1923 714 1960 habitus
748 1927 878 1971 esset,
911 1922 1258 1972 praepositionem
1292 1918 1355 1956 de
1387 1917 1519 1956 deleri
1539 1915 1691 1969 ,uoluit-

228 1980 310 2018 Sed
346 1985 388 2018 et
416 1980 506 2030 ipse
535 1985 671 2017 tamen
703 1982 848 2028 postea
880 1976 1055 2029 epistola
1086 1976 1136 2014 ad
1163 1976 1415 2013 Creuzerum
1447 1973 1566 2023 data,
1597 1985 1692 2011 uum

227 2037 271 2075 id
313 2048 457 2075 uerum
498 2039 638 2085 esset,
665 2033 892 2072 ‘dubitauit
932 2047 1008 2071 nec
1047 2034 1255 2083 quicquam
1300 2044 1347 2069 ea
1387 2030 1440 2068 de
1490 2042 1536 2067 re
1586 2027 1694 2082 apud

231 2099 396 2131 ueteres
430 2088 743 2130 iurisconsultos
775 2095 1051 2127 contestatum
1087 2089 1263 2127 inuenio.
1319 2088 1457 2138 ltaque
1481 2088 1693 2124 coniectu-

228 2163 312 2187 ram
346 2150 464 2186 istam
500 2147 758 2185 audaciorem
791 2150 905 2196 puto,
937 2146 1181 2196 praesertim
1208 2157 1297 2181 cum
1321 2142 1544 2181 Scaeuolae
1578 2154 1694 2180 sacra

228 2219 316 2243 cum
350 2205 523 2256 pecunia
554 2204 604 2253 (ᾗ.
637 2201 724 2248 50.)
757 2203 947 2252 coniungi
980 2199 1139 2240 uellent
1173 2205 1293 2251 atque
1326 2200 1417 2237 fieri
1456 2211 1555 2237 sane
1592 2210 1693 2251 pos-

230 2267 316 2312 set,
357 2265 401 2299 ut
438 2263 496 2309 is,
538 2261 602 2311 qui
643 2258 838 2310 plurimas
879 2258 1128 2297 centesimas
1168 2257 1450 2309 promitteret,
1481 2257 1691 2294 minimam

230 2320 426 2357 bonorum
459 2321 617 2367 partem
651 2316 875 2367 acciperet.

344 2375 375 2425 ᾗ.
405 2370 470 2413 49.
532 2377 605 2422 ut,
638 2373 679 2409 si
712 2372 812 2423 qui]
873 2371 1071 2409 Mendum
1119 2369 1273 2407 codicis
1315 2370 1424 2408 arch.
1458 2370 1500 2407 si
1531 2368 1576 2406 is
1607 2367 1694 2419 qui

230 2429 340 2469 haud
375 2431 459 2468 scio
493 2443 540 2467 an
573 2432 704 2467 ortum
740 2430 793 2466 sit
825 2442 870 2464 ex
903 2429 1160 2466 correctione
1192 2428 1294 2475 eius,
1332 2427 1396 2475 qui
1427 2430 1470 2463 et
1496 2425 1574 2462 hoc
1601 2422 1692 2462 loco

229 2488 460 2539 requireret
498 2490 551 2525 ut
590 2486 632 2523 is
675 2486 774 2536 qui.
843 2484 961 2534 Quod
1000 2497 1142 2536 parum
1182 2481 1452 2534 probabiliter
1489 2485 1690 2519 tentatum

230 2546 272 2582 in
308 2543 397 2583 cod.
438 2555 472 2595 γ
511 2546 761 2593 receperunt
798 2541 906 2580 Uict.
946 2541 1058 2579 Man.
1100 2541 1242 2578 Lamb.
1277 2539 1377 2577 Ern.
1447 2539 1534 2576 Nec
1583 2537 1690 2574 enim

227 2600 441 2652 probabile
472 2605 536 2638 est
563 2604 735 2650 propter
763 2598 906 2636 eadem
942 2598 1183 2649 pronomina
1215 2595 1409 2646 deinceps
1433 2595 1583 2646 posita,
1616 2605 1693 2630 nec

230 2660 478 2709 propterea,
527 2656 620 2706 quia
660 2654 712 2692 ad
750 2656 874 2693 uerba
922 2658 1158 2692 extrema
1206 2651 1300 2691 illa
1342 2663 1568 2702 persona
1615 2652 1695 2687 est

229 2726 369 2765 parum
402 2710 709 2752 accommodata
740 2724 836 2749 csse
868 2709 1030 2749 uidetur
1060 2709 1289 2749 accuratior
1317 2706 1386 2745 illa
1417 2707 1592 2746 subiecti
1617 2705 1693 2744 de-

231 2770 378 2809 finitio.
441 2770 550 2808 Uera
582 2773 646 2806 est
678 2768 813 2806 mendi
845 2769 1045 2807 correctio
1079 2780 1141 2817 ea,
1175 2778 1290 2817 quam
1328 2765 1503 2815 primum
1536 2777 1557 2801 a
1588 2762 1722 2801 Gzio'
