1781 3192
245 201 335 239 196
815 199 886 238 DE
920 200 1151 240 LEGIBUS

250 315 517 352 coniecerunt
547 310 722 350 Ursinus
754 315 797 349 et
825 311 1068 352 Gulielmus.
1130 315 1327 353 Gronouii
1361 316 1594 354 coniectura
1624 317 1709 355 So-

248 369 348 408 leis
382 383 402 406 a
434 368 646 405 Ciceronis
673 368 971 407 consuetudine
1004 370 1212 409 abhorret.

365 433 697 485 Clisthenes]
749 431 789 473 Is
813 448 888 486 per
903 435 1166 475 Cleomenem
1190 437 1558 477 Lacedaemonium
1583 440 1712 489 patria

252 491 443 542 expulsus
492 504 597 528 anno
648 496 743 541 post
793 491 978 530 Athenas
1025 493 1150 532 rediit
1196 494 1430 544 ciuibusque
1476 494 1712 532 libertatem

251 546 489 586 uindicauit.
523 547 588 585 Cf.
621 548 723 586 Her.
754 547 805 598 V,
839 547 905 587 70.
967 551 1095 598 Quem
1131 549 1289 588 exulem
1322 551 1431 589 Sami
1466 549 1712 602 aliquamdiu

250 604 419 654 degisse
467 603 575 641 haud
627 605 771 655 inepte
822 605 918 642 hinc
967 604 1197 656 collegeris,
1278 606 1496 659 Templum
1542 607 1711 645 Junonis

251 660 431 709 Samiae,
466 665 509 698 ut
540 660 863 710 antiquissimum
898 666 986 699 erat
1018 667 1060 699 et
1092 661 1407 713 amplissimum,
1451 667 1508 701 ita
1539 664 1713 701 sanctis-

251 719 399 757 simum
421 716 662 755 habebatur.
703 717 801 756 Her.
822 713 880 767 ΙΙ,
907 716 973 757 60.
1006 719 1126 758 Faus,
1146 716 1248 769 Vll,
1275 718 1312 759 4.
1348 720 1467 759 Verr.
1486 716 1521 770 Ι,
1556 717 1619 759 19.
1644 718 1712 758 50.

367 795 427 832 de
459 796 746 846 periuriis,
779 794 838 833 de
870 797 1099 848 incesto]
1160 798 1388 849 Separatim
1418 798 1519 835 haec
1544 796 1713 835 enume-

251 853 374 901 rann,
409 856 453 889 ut
481 852 521 888 in
552 853 641 903 ipsa
671 850 765 902 lege
787 855 1003 902 separauit.
1038 854 1099 893 Cf.
1129 854 1177 893 H.
1206 855 1238 904 ᾇ.
1266 853 1333 894 31.
1369 868 1473 892 cum
1498 851 1713 906 populo,

252 922 357 947 cum
404 907 564 960 plebe
608 907 797 958 agendi
836 911 928 947 ius.
999 909 1136 960 ltaque
1182 924 1259 949 nec
1296 911 1463 949 Mosero
1514 910 1715 949 assentior

253 963 473 1016 copulandi
505 962 746 1015 particulam
779 963 1031 1003 desideranti
1064 979 1139 1004 nec
1174 967 1276 1004 Gzio
1308 968 1475 1005 tertium
1511 965 1714 1017 quoddam

253 1033 403 1060 nomen
446 1020 649 1058 excidisse
689 1021 871 1071 dicenti,
916 1023 1009 1071 quia
1052 1022 1131 1060 duo
1172 1024 1353 1061 membra
1402 1036 1491 1061 cum
1538 1022 1716 1074 repetita

253 1078 562 1130 praepositione
584 1089 800 1127 numquam
822 1090 902 1115 non
925 1077 1232 1130 copularentur.
1265 1080 1502 1118 incestis
1533 1092 1580 1117 ex
1608 1078 1713 1116 dett.

254 1134 492 1185 quibusdam
527 1132 648 1172 codd.
682 1134 788 1172 Uict.
823 1135 960 1173 Lamb.
997 1136 1094 1173 ΕΓΗ.
1132 1136 1274 1186 Wagn.

368 1202 521 1252 impii
564 1214 627 1238 ne
669 1202 772 1252 cet.]
854 1202 983 1240 Recte
1032 1204 1135 1241 Gzir»
1184 1207 1349 1240 auctore
1398 1202 1544 1252 reliqui
1594 1201 1717 1237 uerba

253 1257 409 1296 donis
440 1259 585 1308 impii
615 1281 668 1285 —
702 1257 927 1296 audeant
958 1261 1177 1297 iunxerunt
1206 1272 1252 1296 ex·
1291 1258 1398 1296 illis:
1441 1257 1715 1296 Platonem

254 1314 510 1361 audiant3
561 1326 637 1352 nec
685 1313 914 1352 audiendus
957 1322 1022 1353 est
1064 1316 1254 1353 Krausius
1288 1313 1316 1353 l.
1350 1313 1377 1351 l.
1418 1329 1456 1365 p.
1498 1313 1605 1363 470,
1649 1314 1715 1362 qui

253 1372 355 1408 haec
387 1369 674 1407 commendat:
705 1369 984 1408 Platonem
1021 1372 1174 1409 audio
1217 1370 1280 1407 uel
1319 1369 1594 1409 Platonem
1638 1382 1716 1406 au-

255 1426 466 1464 diamus.
538 1427 799 1477 Antiquiores
847 1428 1001 1464 maiore
1043 1427 1376 1478 interpunctione
1413 1428 1537 1464 uerba
1579 1425 1716 1464 Plat.

255 1481 477 1521 audiant
511 1496 530 1520 a
564 1482 907 1532 praecedentibus
937 1483 1240 1522 disiunxerunt.
1301 1482 1401 1521 Dau.
1425 1496 1486 1521 ne
1508 1482 1718 1534 placare

254 1538 475 1591 quidem.
537 1537 722 1577 Platonis
755 1540 894 1589 uerba,
924 1539 1026 1590 quae
1060 1545 1234 1591 spectat,
1275 1545 1372 1578 sunt
1410 1539 1463 1577 de
1490 1540 1612 1590 Legg.
1647 1538 1717 1588 lV,

255 1611 292 1635 c.
326 1595 367 1635 8.
405 1608 447 1646 p.
489 1595 571 1636 710·
628 1596 695 1633 fin.
769 1597 809 1633 ln
863 1597 1035 1635 eandem
1087 1598 1334 1635 sententiam
1383 1595 1566 1648 disputat
1611 1595 1718 1634 Plat.

253 1653 339 1693 Alc.
371 1649 429 1691 II.
459 1665 495 1690 c.
534 1652 595 1692 13.
627 1665 664 1703 p.
700 1649 791 1692 149.
825 1652 872 1691 E.

370 1721 438 1759 De
470 1718 766 1770 diligentia
797 1720 1056 1771 uotorum]
1116 1721 1288 1759 Prauam
1334 1733 1408 1771 ego
1446 1718 1581 1757 iudico
1613 1719 1717 1756 hanc
1780 1715 1781 1756 ἱ

256 1778 556 1817 correctionem
596 1775 717 1815 codd.
751 1775 1025 1815 deteriorum:
1056 1777 1342 1827 diligentia
1384 1779 1487 1813 uot.
1530 1779 1623 1815 sat.
1666 1776 1718 1811 in
1779 1787 1781 1796 ¹

255 1833 374 1884 lege
419 1833 565 1871 dicta
606 1837 712 1882 est,
749 1834 838 1883 quia
881 1846 969 1871 eam
1011 1833 1226 1871 dicendi
1264 1833 1367 1882 uim,
1409 1844 1486 1882 qua
1517 1831 1573 1869 sit
1604 1843 1718 1869 con-

257 1892 519 1938 stituere,
560 1895 603 1927 ut
643 1891 683 1927 in
725 1889 812 1928 Cic.
845 1889 989 1940 fragm.
1034 1903 1095 1940 ap.
1134 1890 1239 1927 Non.
1275 1889 1325 1939 V,
1357 1887 1426 1929 65.
1460 1886 1593 1941 (cum
1626 1900 1720 1925 om-

257 1960 349 1985 nes
381 1946 437 1984 ad
468 1946 520 1984 id
552 1951 783 1997 tempus,
815 1946 946 1997 quod
980 1945 1197 1996 dictum,
1241 1949 1453 1997 postero
1486 1942 1574 1983 die
1607 1956 1719 1982 con-

258 2004 521 2042 uenissem
539 2000 616 2056 us)
649 2004 697 2041 ab
729 2003 769 2042 h.
802 2003 828 2042 l.
863 2002 1037 2041 alienam
1070 2007 1192 2054 puto3
1236 2008 1278 2040 et
1308 2002 1537 2051 ubicunque
1574 2001 1641 2038 his
1678 2001 1719 2038 in

257 2060 376 2098 libris
408 2061 499 2111 ipsa
528 2058 621 2110 lege
654 2072 740 2097 rem
774 2061 873 2097 satis
907 2059 1106 2097 declarari
1139 2059 1265 2108 dicit,
1298 2057 1350 2096 de
1384 2058 1464 2095 ista
1490 2070 1535 2095 re
1560 2058 1601 2095 in
1622 2056 1720 2108 lege

259 2118 358 2155 satis
409 2116 562 2154 dictum
613 2128 704 2153 esse
746 2115 862 2153 dicit.
903 2115 964 2153 cf.
1000 2111 1054 2154 II.
1099 2115 1129 2165 ᾗ.
1172 2113 1238 2154 34.
1282 2113 1348 2154 41.
1415 2115 1552 2163 Atque
1598 2126 1720 2151 uerae

258 2174 485 2223 scripturae
517 2173 735 2221 uestigium
767 2172 999 2210 etiamnunc
1032 2176 1237 2209 seruatum
1271 2175 1336 2208 est
1364 2171 1404 2207 in
1431 2168 1549 2207 codd.
1572 2169 1720 2208 melio·
1770 2219 1771 2222 Ἰ

258 2230 371 2267 ribus
404 2226 717 2277 (diligentia
748 2250 803 2255 —-
835 2227 1035 2265 dictum
1062 2232 1171 2274 est).
1234 2226 1355 2264 Unde
1380 2225 1599 2264 efficienda
1618 2226 1721 2265 haec

262 2289 382 2324 sunt:
414 2284 474 2322 de
506 2283 794 2334 diligentia
825 2307 876 2312 ——
912 2284 1110 2322 (lictum
1143 2288 1247 2332 est3
1292 2281 1632 2334 quemadmodum
1664 2284 1721 2321 si-

260 2341 417 2381 militer
448 2341 624 2378 coniecit
654 2341 801 2379 Bakius
836 2340 914 2388 (de
946 2339 1036 2380 dil.
1070 2353 1128 2378 uo
1145 2346 1318 2378 torum
1350 2340 1487 2378 satis
1518 2340 1569 2377 in
1599 2338 1722 2390 lege

261 2398 497 2446 dictum);
548 2395 693 2447 reliqui
741 2396 845 2435 dett.
887 2397 1072 2436 codicum
1117 2399 1412 2435 correctionem
1450 2397 1722 2436 retinuerunt.

261 2454 590 2506 Praepositionis
633 2453 695 2491 tle
739 2452 871 2492 facilis
923 2458 1018 2492 ante
1073 2453 1367 2504 diligentia
1416 2453 1582 2491 omissio
1627 2452 1720 2491 fuit.

260 2510 343 2550 Sed
376 2523 467 2549 mox
500 2507 785 2562 expellendum
819 2514 885 2549 est
915 2509 1083 2549 foedum
1116 2510 1207 2549 cod.
1242 2510 1352 2549 arch.
1373 2510 1721 2560 interpretamen-

262 2573 347 2606 tum
387 2581 440 2605 ac
480 2567 589 2605 uoti
626 2567 871 2618 sponsio,
912 2580 1003 2618 qua
1039 2566 1326 2618 obligamur
1366 2566 1486 2614 deo,
1538 2577 1590 2602 ne
1635 2570 1720 2603 tum

264 2623 427 2674 quidem
458 2621 561 2662 illud
590 2622 823 2674 ferendum,
854 2624 889 2662 si
922 2622 1221 2674 diligentia
1251 2622 1395 2660 dicta
1435 2628 1518 2659 est
1559 2623 1722 2673 probari

263 2685 421 2732 posset.
481 2679 582 2716 Nam
621 2680 660 2717 in
694 2679 787 2731 lege
830 2680 882 2718 de
914 2679 1202 2730 diligentia
1242 2680 1293 2716 in
1334 2679 1474 2716 uotis
1505 2678 1723 2717 reddun-
1779 2713 1781 2720 ⁴

267 2737 344 2776 dis
391 2735 646 2785 adhibenda,
693 2749 770 2773 non
819 2738 984 2774 omnino
1032 2736 1083 2773 de
1132 2736 1239 2773 uoti
1285 2735 1568 2785 sponsione
1610 2735 1722 2773 dixit.

267 2792 379 2831 Male
416 2791 561 2830 Bakius
594 2793 676 2830 sie:
710 2798 789 2830 est
818 2793 945 2831 haec
975 2794 1086 2830 uoti
1120 2792 1337 2843 sponsio
1369 2795 1449 2830 cet.
