1781 3192
216 188 306 228 278
789 188 858 227 DE
893 188 1126 228 LEGlBUS

218 303 326 351 Quas
358 301 582 353 prouinciis
623 312 768 351 graues
809 314 853 339 ac
885 299 1082 340 molestas
1115 301 1244 339 fuisse
1275 300 1503 352 legationes
1533 306 1684 355 passim

217 359 304 397 Cic.
339 357 562 395 declarauit
591 355 641 393 de
675 357 774 407 Leg.
809 371 892 408 agr.
931 355 961 405 l,
994 358 1034 398 3.
1055 358 1105 398 ’8.
1140 354 1198 408 II,
1239 357 1302 398 17.
1334 356 1403 399 45.
1435 372 1510 411 pro
1543 360 1684 399 Flace.

218 413 286 464 31,
321 413 387 454 86.
446 413 657 451 Eiusmodi
700 419 833 451 autem
877 414 1029 465 legatio
1072 414 1202 452 libera
1243 416 1463 453 uocabatur
1493 416 1599 461 (Cic.
1635 416 1685 456 ad

216 471 331 509 Fam.
366 468 452 519 ΧΗ,
485 470 554 509 21.
588 471 674 508 Cic.
707 470 757 508 (le
793 472 889 521 Leg.
926 485 1010 522 agr.
1045 472 1093 521 ll,
1132 472 1196 510 17.
1229 469 1336 521 45),
1367 473 1460 522 quia
1499 478 1541 510 et
1573 473 1684 510 exire

219 531 261 564 et
292 526 429 564 redire
459 525 626 577 licebat,
660 540 747 564 cum
782 526 965 578 placeret
997 541 1073 566 nec
1105 527 1186 566 ullo
1217 529 1276 565 rei
1300 529 1487 579 publicae
1512 541 1684 568 munere

218 596 357 621 eorum
391 596 514 634 opera
547 583 745 634 impedita
785 589 888 623 erat.
958 586 1148 623 Annuum
1192 590 1327 622 autem
1372 584 1530 623 liberae
1569 584 1686 636 lega-

216 641 339 677 tionis
382 644 546 690 tempus
589 653 610 678 a
651 640 850 679 CIcerone
890 640 1057 679 consule
1098 642 1364 680 constitutum
1403 655 1484 679 non
1517 641 1586 680 diu
1621 648 1686 680 te-

216 697 357 735 nuisse
391 696 569 746 uidetur,
610 699 643 734 si
678 696 843 748 quidem
887 697 1022 736 denuo
1066 697 1222 736 liberae
1261 697 1482 749 legationis
1522 702 1684 750 tempus

215 751 309 804 lege
341 752 447 791 Julia
480 753 695 792 definitum
722 751 825 791 >esse
858 767 905 792 ex
936 756 1025 806 ipso
1059 755 1261 792 Cicerone
1293 755 1344 793 ad
1375 757 1463 794 Att.
1491 755 1580 805 XV,
1619 755 1682 795 11.

216 808 257 850 4.
288 812 491 850 nouimus.
551 810 640 849 Nec
683 810 763 849 ullo
804 809 882 849 alio
920 810 1009 850 loco
1041 812 1161 850 huius
1195 810 1357 850 Tulliae
1389 812 1496 863 legis
1527 812 1685 850 mentio

215 867 323 905 sacta
357 871 433 905 est.

329 923 444 974 isti]
510 923 704 976 imperite
735 924 884 964 Bakius
916 926 1096 964 coniecit
1126 926 1280 974 istic3
1314 923 1446 963 aliena
1490 926 1538 964 ab
1581 925 1621 965 h.
1653 922 1681 966 l.

217 983 282 1017 est
312 978 392 1018 loci
426 980 667 1032 descriptio,
699 986 897 1032 recteque
931 983 1173 1033 pronomine
1203 981 1246 1019 id
1287 994 1416 1033 genus
1453 979 1681 1033 legatorum

215 1042 483 1087 monstratur,
517 1037 624 1089 quod
648 1044 789 1076 mente
814 1041 927 1090 quasi
958 1041 1160 1078 intuetur.
1189 1039 1254 1077 Cf.
1278 1051 1379 1090 quae
1402 1037 1484 1076 dixi
1502 1039 1532 1078 1.
1559 1038 1594 1090 §-
1612 1036 1683 1079 54.

331 1095 685 1146 syngraphas]
755 1095 1108 1144 Quemadmodum
1159 1096 1270 1133 inter
1314 1096 1523 1133 Romanos
1565 1094 1683 1134 litte-

216 1163 350 1188 rarum
385 1151 657 1201 obligationes
689 1153 843 1191 fiebant
872 1155 1105 1191 nominibus
1126 1151 1494 1190 *transscribendis
1532 1153 1573 1189 in
1615 1165 1683 1189 ac-

216 1208 326 1258 cepti
359 1212 401 1245 et
431 1209 599 1258 expensi
630 1208 864 1246 codicibus:
897 1211 953 1247 ita
977 1211 1087 1247 inter
1109 1211 1353 1260 peregrinos
1378 1209 1469 1246 fieri
1493 1207 1685 1246 solebant

216 1264 501 1315 chirographis
536 1268 577 1302 et
598 1265 853 1315 syngraphis,
887 1265 952 1304 Cs.
980 1266 1055 1303 Gai
1080 1265 1146 1303 111.
1180 1263 1326 1314 §.134.
1391 1266 1683 1303 Praeterea

214 1318 528 1358 litterarum
561 1319 834 1371 obligatio
871 1321 1004 1359 fieri
1050 1321 1271 1358 uidetur
1308 1320 1682 1371 chirographis

215 1381 267 1413 et
298 1376 639 1427 syngraphis,
684 1378 758 1414 ita
799 1375 1043 1427 scilicet,
1085 1378 1127 1414 si
1172 1390 1229 1414 eo
1269 1379 1475 1415 nomine
1513 1378 1683 1428 stipu-

213 1431 348 1470 latio
378 1445 476 1469 non
510 1432 633 1481 siat,
668 1432 802 1482 quod
833 1445 997 1482 genus
1030 1432 1389 1482 obligationis
1412 1434 1682 1483 proprium

213 1489 617 1540 peregrinorum
656 1493 748 1527 est.
818 1484 935 1526 Inter
977 1489 1294 1540 chirographum
1337 1493 1379 1526 et
1408 1487 1682 1539 syngrapham

214 1545 414 1583 Salmasio
458 1548 625 1583 auctore
664 1544 716 1583 de
756 1546 889 1583 usuris
931 1559 1018 1598 cap.
1059 1545 1096 1587 6.
1141 1559 1181 1597 p.
1226 1544 1319 1585 133.
1355 1544 1434 1583 hoc
1475 1544 1680 1594 interfuit,

216 1601 323 1653 quod
355 1601 639 1652 chirographis
672 1601 918 1653 simpliciter
947 1602 1101 1641 debere
1141 1615 1186 1640 se
1232 1601 1385 1653 aliquid
1424 1601 1684 1638 testabantur

213 1660 267 1709 ei,
309 1660 371 1697 cui
411 1671 459 1696 ea
481 1657 683 1696 seruanda
721 1658 1016 1710 tradebantur,
1065 1659 1322 1710 syngraphae
1355 1662 1490 1695 autem
1523 1661 1681 1696 ceteras

216 1728 375 1766 quoque
407 1715 536 1752 debiti
569 1714 829 1754 conditiones
863 1718 1130 1754 continebant
1163 1720 1204 1753 et
1237 1716 1343 1753 binis
1379 1712 1681 1765 exemplaribus

216 1774 394 1823 scriptae
436 1775 478 1808 et
519 1772 567 1809 ab
611 1775 784 1822 utroque
820 1774 1006 1822 signatae
1049 1774 1211 1822 utrique
1251 1784 1425 1821 eorum,
1477 1772 1543 1822 qui
1582 1783 1682 1808 con-

213 1832 456 1877 traxerant,
507 1827 788 1866 tradebantur.
860 1829 923 1870 Cf.
965 1830 1072 1867 Rein
1114 1842 1245 1867 roem.
1297 1827 1465 1879 Civilpr.
1502 1840 1542 1879 p.
1582 1826 1682 1868 327.

213 1885 378 1936 Zumpt.
421 1883 472 1921 ad
505 1884 620 1924 Verrr
663 1898 699 1936 p.
747 1883 856 1935 169,
907 1887 975 1937 qui
1021 1885 1161 1924 laudat
1204 1886 1359 1924 Saninii
1408 1885 1576 1923 dissert.
1629 1883 1681 1922 de

213 1941 489 1980 Romanorum
522 1946 655 1979 contr.
689 1940 859 1980 litterali
890 1944 932 1980 in
964 1944 1058 1981 Act.
1084 1941 1207 1980 Acad.
1242 1940 1378 1980 Berol.
1416 1940 1537 1981 1816.

324 1998 375 2035 111
414 1998 739 2049 hominibus]
802 1999 974 2037 Frustra
1012 2000 1203 2037 Moserus
1249 1997 1440 2036 defendit
1487 1996 1678 2035 mendum

214 2053 332 2095 codd.
365 2052 579 2092 meliorum
615 2055 662 2092 in
698 2057 942 2094 omnibus
974 2061 1016 2094 et
1040 2056 1215 2094 Rathius
1241 2056 1418 2093 coniecit
1447 2054 1497 2091 in
1520 2053 1681 2092 homi-

213 2112 365 2148 nibus
398 2114 481 2147 est
511 2110 610 2147 hoc
639 2111 877 2149 fortasse
907 2111 1026 2150 leue
1059 2113 1257 2151 uitium.
1319 2111 1535 2149 Sententia
1563 2115 1679 2148 recte

213 2168 291 2204 iam
321 2180 343 2204 a
376 2166 570 2203 'rur-nebo
615 2180 660 2203 ac
702 2167 837 2204 denuo
881 2182 903 2205 a
939 2167 1151 2217 Maduigio
1193 2166 1407 2217 explanata
1445 2166 1548 2203 haec
1590 2158 1678 2203 est:

213 2222 318 2261 Nolo
357 2222 520 2271 dicere,
553 2234 671 2271 quam
711 2224 865 2261 iniuste
905 2228 948 2261 et
990 2225 1225 2275 importune
1266 2223 1335 2259 isti
1377 2234 1422 2259 se
1454 2223 1676 2272 gesserint,

215 2281 279 2330 qui
310 2280 349 2316 in
382 2278 604 2329 prouinciis
637 2280 697 2316 usi
734 2281 817 2317 sint
847 2279 975 2318 libera
1005 2278 1232 2330 legatione3
1271 2291 1363 2316 nam
1399 2291 1491 2315 esse
1522 2283 1678 2329 potest,

217 2341 260 2374 ut
292 2337 329 2373 in
362 2335 594 2372 hominibus
626 2334 847 2388 (barbare:
878 2338 917 2374 in
949 2333 1189 2389 personis),
1222 2348 1302 2373 non
1334 2336 1374 2372 in
1404 2336 1494 2385 ipsa
1525 2348 1571 2373 re
1601 2335 1681 2372 hoc

216 2393 359 2431 uitium
390 2392 569 2442 positum
602 2394 679 2440 sit3
721 2392 795 2430 sed
838 2394 870 2430 si
912 2394 1004 2430 istis
1036 2394 1197 2430 omissis
1230 2405 1315 2429 rem
1349 2392 1479 2442 ipsam
1513 2395 1679 2443 specta-

215 2461 327 2498 muS,
371 2461 544 2498 quaero,
577 2447 671 2498 quid
704 2462 748 2486 re
777 2450 865 2500 ipsa
899 2450 953 2487 sit
985 2451 1169 2501 turpius,
1215 2461 1332 2499 quam
1368 2453 1534 2485 senator
1564 2448 1679 2499 lega·-

217 2511 282 2544 tus
315 2506 405 2542 sine
437 2503 520 2542 ullo
551 2505 611 2542 rei
642 2503 829 2556 publicae
861 2519 1048 2545 munere.
1109 2505 1312 2544 Similiter
1348 2505 1579 2542 hominibus
1611 2517 1678 2543 res

214 2563 329 2614 ipsae
361 2563 526 2612 saepius
558 2569 830 2613 opponuntur.
884 2563 947 2603 Cf.
981 2563 1063 2603 Cic.
1097 2562 1149 2600 dc
1178 2563 1270 2601 Fin.
1302 2562 1342 2611 l,
1375 2560 1442 2601 20.
1477 2560 1545 2601 66.
1586 2560 1679 2599 sed

214 2618 275 2656 ad
305 2631 406 2655 rem
441 2617 735 2668 redeamus,
767 2618 829 2656 de
859 2620 1168 2658 hominibus
1201 2618 1308 2656 dici
1337 2631 1433 2655 non
1456 2630 1678 2656 necesse

215 2678 313 2713 cst.
346 2674 445 2714 Tac.
478 2674 531 2712 de
561 2675 632 2713 Or.
665 2674 734 2715 25.
766 2688 865 2714 non
910 2680 992 2714 est
1028 2680 1292 2714 oratorum
1330 2675 1544 2724 uitium,
1584 2673 1679 2712 sed

213 2732 495 2769 hominum.
567 2729 686 2769 Adde
728 2745 831 2783 quae
870 2733 1017 2771 Bakius
1054 2731 1241 2771 laudauit
1280 2731 1363 2770 Cic.
1405 2729 1456 2769 de
1495 2731 1575 2770 Off.
1618 2727 1676 2781 Il,

214 2788 285 2829 22.
319 2789 384 2830 76.
418 2784 500 2839 111,
533 2787 599 2828 31.
638 2788 731 2828 111.
765 2791 804 2827 111
839 2790 952 2830 Verr.
986 2785 1020 2840 l,
1053 2789 1119 2829 21.
1152 2788 1219 2830 56.
1253 2788 1341 2829 Cat.
1374 2787 1473 2830 Mai.
1509 2788 1574 2840 16,
1606 2788 1677 2829 55.
