1781 3192
376 60 571 137 ’Ὗ

249 164 338 205 252
819 161 888 199 m«)
920 160 1152 200 LEGIBUS

250 279 356 318 Mor.
385 291 426 328 p.
458 273 552 316 283.
584 274 691 322 init„
724 277 767 310 ut
799 271 934 311 funeri
965 274 1004 311 in
1044 273 1175 312 forum
1220 272 1343 311 allato
1384 274 1494 313 faces
1544 276 1708 327 quidem
1778 275 1781 300 ὅ

250 335 410 382 subiici,
442 330 518 368 sed
550 330 691 367 statim
723 329 873 367 auferri
907 330 1113 368 iuberent.

1775 0 1781 70 ἒ

1776 70 1781 107 l

1777 123 1781 210 i

1777 217 1781 245 l

1779 312 1781 330 ι

1779 337 1781 355 ι

362 383 694 437 Publicolae]
754 385 800 426 P.
844 384 1008 424 Ualerio
1037 384 1299 436 Publicolae,
1342 388 1410 437 qui
1455 391 1601 437 quater
1639 401 1711 426 ex·
1780 404 1781 408 ¹

251 447 354 486 actis
386 444 549 493 regibus
582 455 666 480 cos.
700 442 800 492 suit,
839 442 951 481 hunc
980 443 1179 481 honorem
1212 443 1396 481 habitum
1429 456 1547 493 esse,
1589 445 1712 483 etiam

250 502 362 541 Plut.
393 503 532 538 narrat
562 499 601 536 in
635 500 719 536 nita
743 497 861 538 Publ.
894 500 967 538 snb
1000 501 1069 537 fin.
1131 500 1402 537 Tubertus
1444 500 1524 537 snit
1562 497 1634 538 ille
1665 501 1713 541 P.

249 558 488 598 Postumius
530 556 764 606 Tubertus,
804 557 871 606 qui
911 569 946 594 a.
979 555 1077 596 24¹9.
1119 569 1210 593 cum
1247 556 1307 595 Μ.
1341 555 1507 594 Ualerio
1540 562 1582 595 et
1613 556 1713 596 duo-

250 617 326 654 bus
363 614 481 652 annis
523 616 618 663 post
658 625 746 650 cum
791 612 985 650 Menenio
1029 613 1207 664 Agrippa
1255 625 1340 651 cos.
1390 613 1490 661 fuit3
1539 613 1590 651 de
1637 627 1714 665 quo

254 673 344 710 Liu.
379 670 438 720 ll,
483 668 548 709 16.
590 669 812 706 memoriae
852 668 1048 720 prodidit.
1111 671 1187 718 Qui
1217 669 1324 720 quod
1355 669 1572 719 singularis
1605 669 1714 709 illius

250 728 419 767 honoris
449 739 530 764 non
563 726 766 773 meminit,
796 725 892 763 hinc
923 738 1063 776 parum
1097 731 1210 763 recte
1243 739 1331 764 cum
1365 726 1490 764 Bakio
1531 740 1713 766 errorem

252 799 274 823 a
307 785 508 822 Cicerone
540 783 802 820 commissum
841 784 1068 832 augureris.
1132 782 1246 820 ldem
1290 784 1399 821 enim
1441 781 1625 833 neglexit
1663 783 1715 822 de
1780 794 1781 797 ’

252 837 478 888 Publicola,
512 836 565 876 de
598 851 674 888 quo
706 842 843 876 tamen
875 838 987 877 Plut.
1022 848 1176 877 narrat.
1238 839 1285 878 C.
1325 840 1601 878 Fabricius
1641 840 1715 878 de-

253 900 377 948 nique
409 901 474 933 est
505 893 574 932 ille
607 895 653 933 C.
685 895 899 933 Fabricius
933 896 1148 945 Luscinus,
1181 909 1266 934 cos.
1294 909 1331 934 a.
1356 895 1454 946 472,
1486 895 1584 946 476,
1616 895 1715 947 481,

253 956 368 993 cuius
400 956 442 990 et
471 951 576 1000 fides
604 956 646 989 et
678 953 910 989 constantia
941 953 1115 990 maxime
1149 951 1276 991 eluxit
1306 954 1347 990 in
1377 953 1485 991 bello
1516 952 1715 991 aduersus

253 1010 458 1062 Pyrrhum
491 1012 624 1059 gesto.
656 1008 747 1046 Lin.
779 1007 895 1058 Epit.
927 1008 1032 1048 xm.
1065 1006 1178 1047 Flor.
1213 1005 1247 1059 I,
1285 1008 1349 1048 18.
1382 1010 1441 1047 Ex
1472 1011 1577 1061 App.
1605 1011 1715 1048 Hist.

252 1069 374 1107 Rom.
408 1065 460 1103 de
486 1066 609 1103 rebus
639 1064 779 1103 samu.
814 1060 895 1115 ΙΙΙ,
935 1064 995 1105 10.
1028 1063 1069 1106 4.
1096 1064 1205 1105 Plut.
1239 1066 1386 1116 Pyrrh.
1420 1080 1455 1104 c.
1487 1066 1554 1106 30,

368 1121 472 1160 Sed
502 1123 550 1159 in
583 1120 728 1171 urbe]
788 1120 997 1160 Particula
1036 1121 1130 1160 sed
1166 1121 1353 1173 pluribus
1393 1124 1612 1160 sententiis
1649 1124 1714 1160 in-

252 1179 463 1232 terpositis
495 1181 662 1215 reuocat
692 1187 795 1227 rem,
836 1191 857 1214 a
895 1191 971 1228 qua
1010 1179 1198 1229 profecta
1238 1183 1302 1216 est
1348 1180 1496 1216 oratio.
1560 1177 1717 1217 Laudat

252 1239 294 1276 in
328 1249 373 1274 re
411 1235 625 1272 notissima
666 1233 793 1271 Gzius
837 1234 964 1272 Heus.
1007 1234 1058 1272 ad
1090 1234 1178 1273 Cic.
1209 1236 1288 1274 Off.
1322 1234 1352 1284 l,
1385 1233 1451 1274 30.
1484 1234 1526 1275 3.
1584 1233 1715 1273 Simul

254 1299 298 1332 et
326 1291 393 1330 lex
425 1291 663 1342 pontificum
694 1289 861 1328 decreto
894 1292 1116 1342 opponitur
1158 1295 1201 1329 et
1243 1291 1351 1342 quod
1393 1289 1460 1329 lex
1501 1295 1639 1342 uetet‚
1678 1293 1716 1328 ei

253 1348 363 1400 quod
408 1347 626 1398 pontifices
674 1344 953 1384 decreuerint.
1022 1346 1205 1397 Lepida,
1257 1350 1616 1386 nonanecessaria
1652 1351 1719 1385 est

253 1403 453 1454 Maduigii
484 1403 722 1439 coniectura
752 1398 914 1452 (progr.
945 1415 987 1454 p.
1021 1400 1134 1455 25.),
1176 1416 1295 1454 quam
1325 1402 1475 1441 Bakius
1507 1409 1551 1441 ut
1581 1406 1718 1442 ueris-

254 1463 399 1501 simam
430 1459 641 1510 probauit:
685 1457 773 1495 sed
807 1463 860 1496 ut
897 1460 945 1496 in
986 1460 1109 1497 urbe
1151 1458 1381 1511 sepeliri
1422 1459 1510 1498 lex
1553 1464 1717 1510 uetat,

253 1520 328 1558 sic
360 1516 637 1554 decretum
671 1518 751 1553 cet.

368 1570 536 1621 Aram]
597 1569 848 1608 Particulam
882 1574 933 1608 et
963 1574 1057 1609 ante
1089 1585 1223 1610 aram
1247 1586 1268 1610 a
1287 1570 1458 1623 reliquis
1480 1585 1716 1624 expressam

256 1643 346 1670 cum
377 1628 522 1679 Steph.
567 1627 679 1666 Man.
718 1627 845 1665 Bakio
885 1628 1005 1665 omisi
1046 1630 1290 1667 anctoritate
1331 1628 1449 1668 codd.
1488 1628 1716 1669 meliorum.

255 1689 398 1738 inepte
430 1685 539 1722 enim
572 1684 778 1721 sententia
810 1696 882 1734 ea,
919 1696 1021 1734 qnae
1052 1688 1255 1735 tamquam
1294 1685 1374 1722 loci
1415 1684 1611 1735 quaedam
1651 1686 1717 1722 in-

256 1744 334 1782 dex
365 1741 588 1779 narrationi
620 1740 845 1790 praemissa
878 1745 958 1790 est,
990 1744 1033 1778 et
1064 1753 1126 1791 ea,
1167 1754 1189 1779 a
1221 1753 1298 1792 qua
1330 1740 1520 1779 narrandi
1554 1742 1715 1779 initium

254 1803 317 1851 fit,
350 1795 550 1850 particula
580 1797 660 1833 ista
688 1794 910 1847 copulatur.

368 1853 584 1891 lamina:
615 1851 854 1902 honoris]
915 1850 1059 1890 Mendi
1087 1852 1228 1890 mina
1260 1856 1324 1890 est
1347 1864 1474 1903 praua
1497 1854 1719 1903 correctio,

258 1923 361 1964 quae
403 1913 467 1948 est
502 1909 542 1946 in
586 1906 710 1947 codd.
755 1907 1054 1946 deterioribus:
1104 1907 1312 1946 domina
1356 1909 1595 1958 honorisg
1643 1922 1720 1960 qua

257 1966 387 2007 nihilo
418 1963 671 2019 probabilior
697 1970 762 2003 est
791 1965 983 2015 Wagneri
1016 1966 1251 2003 coniectura
1288 1965 1532 2003 dominae
1562 1966 1718 2004 hono-

258 2027 333 2064 ris
366 2028 437 2061 aut
476 2021 616 2060 Rathii
658 2021 847 2061 domui.
917 2022 1049 2060 Recte
1086 2021 1306 2072 mendum,
1344 2022 1449 2072 qnod
1490 2023 1529 2059 in
1572 2022 1718 2061 eodem

259 2092 415 2133 genere
457 2076 660 2117 cumillis
702 2082 790 2127 est,
829 2077 879 2116 ΙΙ.
919 2078 952 2127 ξ.
986 2077 1052 2117 28.
1095 2091 1263 2128 manu,
1303 2079 1351 2116 ll.
1394 2078 1429 2128 ξ.
1471 2077 1539 2118 45.
1583 2087 1718 2129 cato,

259 2136 478 2177 Turnebus
508 2131 676 2172 sustulit
705 2134 939 2171 coniectura
971 2133 1181 2173 lamina.
1243 2133 1360 2184 Quod
1384 2147 1471 2172 cum
1500 2134 1718 2174 Turnebus

258 2194 351 2245 ipse
381 2203 472 2230 cum
506 2190 636 2228 Lbino
670 2188 720 2227 ad
756 2190 981 2240 genitiuum
1021 2190 1234 2228 honoris
1274 2189 1509 2240 retulisset,
1550 2192 1717 2230 Mosero

259 2252 426 2288 auctore
455 2244 638 2285 Orellius
684 2250 726 2283 et
766 2245 916 2284 Bakius
956 2252 1069 2285 recte
1106 2246 1156 2285 ad
1193 2260 1420 2299 pronomen
1468 2246 1718 2299 retulerunt,

260 2307 352 2358 quia
390 2317 458 2342 ara
486 2302 656 2341 honoris
688 2307 775 2352 est,
813 2315 894 2340 non
932 2301 1080 2341 lamina
1122 2308 1164 2341 et
1205 2307 1263 2342 sic
1305 2303 1467 2341 demum
1500 2317 1720 2344 numerosa

259 2361 399 2401 euadit
429 2360 573 2398 oratio.
647 2357 854 2397 Lamina
889 2359 1011 2398 modo
1051 2364 1258 2398 nominata
1298 2362 1445 2398 iterum
1486 2362 1720 2400 nominatur

260 2420 429 2469 eiusque
461 2415 757 2467 quodammodo
790 2417 902 2454 notio
924 2418 1157 2467 insignitur,
1194 2430 1245 2454 ne
1267 2418 1305 2454 in
1330 2432 1398 2455 ara
1422 2418 1498 2456 hoc
1520 2419 1716 2469 scriptum

258 2487 352 2514 esse
385 2472 587 2512 uideatur.
649 2473 793 2522 Gzius,
826 2475 892 2524 qui
913 2474 1119 2512 domina
1143 2474 1256 2512 uncis
1278 2474 1461 2524 inclusit,
1496 2480 1537 2512 et
1558 2476 1717 2514 Schue-

258 2532 393 2581 tzius,
424 2530 495 2581 qui
533 2528 712 2579 deleuit,
754 2530 892 2568 mendi
933 2531 1274 2582 significationem
1316 2531 1594 2581 sustulerunt,
1635 2544 1717 2571 non

261 2591 458 2627 sanarunt
506 2585 717 2625 mendum.
787 2587 941 2625 Dauisii
987 2588 1226 2626 coniectura
1275 2589 1477 2626 numini
1516 2600 1597 2625 non
1646 2588 1720 2628 illa

259 2643 425 2696 quidem
448 2643 603 2695 inepta,
627 2642 701 2680 sed
724 2643 857 2681 minus
885 2648 1021 2682 tamen
1044 2643 1267 2696 probabilis
1290 2649 1368 2696 est,
1393 2657 1509 2696 quam
1534 2644 1718 2685 Turnebi

261 2701 507 2740 coniectura.
577 2700 794 2738 Genitiuns
841 2700 1062 2739 honoris
1109 2702 1311 2753 significat
1358 2714 1467 2740 aram
1507 2705 1550 2739 et
1583 2700 1717 2741 locum

260 2757 431 2797 honoris
470 2768 563 2795 esse
605 2753 704 2812 (der
741 2755 855 2795 Ehre
897 2754 1159 2811 angelioi·ig).
1229 2758 1347 2797 Hunc
1386 2759 1554 2810 genitiui
1603 2772 1716 2797 usum
