1781 3192
218 206 276 243 78
786 207 857 244 DE
889 205 1115 245 LEGIBUS

218 320 376 369 recepit
408 319 807 368 confirmatum,
838 319 1084 370 improbauit
1113 323 1348 371 propterea,
1382 322 1475 370 quia
1499 327 1681 360 naturam

219 376 548 414 confirmaturam
591 387 668 411 nec
708 375 785 412 iam
828 376 1093 413 confirmasse
1128 378 1187 413 ius
1219 375 1390 413 difficile
1423 382 1536 415 esset
1567 391 1682 415 asse—

219 432 297 481 qui.
358 429 487 480 Nihil,
516 429 656 479 credo,
688 430 790 468 haec
814 432 849 468 ei
876 430 1048 469 molesta
1075 437 1240 469 essent:
1272 433 1312 469 si
1346 438 1534 470 natura
1566 447 1682 471 con-

219 487 501 524 firmatura
533 487 612 524 ius
642 499 740 524 non
766 491 845 524 est
875 486 927 540 (i.
959 501 996 525 e.
1021 490 1052 524 si
1077 494 1219 525 natura
1242 501 1320 525 non
1345 502 1391 526 ea
1413 494 1492 538 est,
1517 503 1593 539 qua
1618 491 1682 527 ius

217 543 448 580 confirmari
481 547 636 580 eertum
669 541 735 580 uel
766 555 939 581 necesse
965 542 1068 597 sit),
1103 546 1341 582 uirtutes
1374 558 1551 582 omnes
1582 544 1682 583 tol-

217 597 414 637 luntur.
475 600 638 637 Etenim
671 600 748 637 hoc
779 602 1036 651 participium
1070 613 1148 637 non
1183 601 1304 638 modo
1336 615 1425 639 eum
1460 603 1680 652 significat,

217 657 286 705 qui
318 656 356 692 in
390 667 438 692 eo
471 659 549 703 est,
582 659 626 692 ut
657 654 811 705 aliquid
835 655 974 706 saciat,
1007 656 1081 694 sed
1107 658 1228 694 etiam
1255 670 1363 707 eum,
1397 671 1514 708 quem
1543 659 1679 696 factu-

216 724 305 748 rum
351 724 444 748 esse
487 711 638 761 aliquid
681 724 728 749 eo
770 713 849 749 iam
897 717 1081 764 tempore
1114 718 1269 751 certum
1304 715 1373 763 sit,
1417 714 1521 764 quod
1557 717 1681 752 uerbo

217 768 332 804 finito
363 767 585 805 indicatum
616 772 704 815 est3
736 781 911 818 namque
944 774 1106 820 tempus
1140 774 1295 807 certum
1329 783 1407 807 non
1444 772 1570 820 magis
1602 771 1681 808 hoc

218 825 452 875 participio,
491 837 606 874 quam
649 823 728 861 alio
767 823 851 862 ullo
883 825 1072 863 denotari
1105 831 1278 863 constat.
1340 827 1425 863 cic.
1459 827 1545 864 Cat.
1585 827 1682 865 Mai.

220 878 285 929 19,
321 880 390 920 07.
451 880 582 930 Quid
615 882 846 930 timeam,
889 883 931 918 si
964 887 1179 920 autnon
1213 884 1375 920 miser
1406 887 1523 933 post
1554 896 1682 920 mor-

215 941 314 973 tem
365 941 449 974 aut
494 938 675 975 beatus
727 938 884 975 etiam
938 937 1156 976 futurus
1204 952 1307 976 sum
1352 962 1407 966 —-
1446 951 1525 976 non
1578 952 1680 978 ero.

216 993 429 1043 Significat
460 992 560 1038 illud
591 995 867 1045 praesentiam
903 995 979 1031 iam
1014 1000 1196 1032 nostram
1231 994 1526 1033 beatitudinem
1560 1009 1681 1047 prae-

215 1054 342 1087 stare.
374 1050 470 1089 ibid.
496 1050 566 1100 22,
591 1051 660 1090 bl.
694 1050 744 1087 ad
769 1051 907 1098 Quint.
941 1048 1090 1100 Fr.11,
1125 1052 1186 1091 16.
1218 1051 1249 1091 l.
1303 1052 1525 1089 Primariae
1549 1057 1681 1089 autem

216 1108 450 1144 sententiae
482 1108 607 1144 uerbo
639 1108 678 1144 in
713 1107 890 1144 futurum
925 1112 1088 1159 tempus
1108 1109 1262 1145 reiecto
1288 1109 1385 1145 item
1413 1107 1681 1145 secundariae

216 1163 385 1200 uerbum
418 1165 458 1200 in
490 1163 599 1200 idem
632 1167 794 1214 tempus
826 1164 942 1200 reiici
976 1177 1150 1201 necesse
1182 1169 1261 1213 est,
1304 1169 1347 1201 ut
1386 1178 1462 1213 quo
1492 1169 1680 1214 tempore

218 1220 394 1257 uirtutes
425 1232 568 1257 omnes
602 1218 815 1268 tollantur,
848 1219 993 1257 eodem
1027 1226 1170 1257 natura
1202 1223 1263 1257 ius
1288 1234 1366 1257 non
1392 1221 1681 1257 confirmatura

215 1277 435 1325 cogitetur.
513 1274 806 1314 Tollentur
855 1282 989 1313 autem
1037 1290 1111 1327 pro
1162 1277 1318 1314 codicis
1369 1277 1479 1314 arcii.
1531 1276 1681 1314 mendo

215 1331 508 1382 tollantur,
552 1333 643 1382 quia
685 1331 928 1370 dubitationi
961 1332 1063 1370 nihil
1096 1335 1259 1371 omnino
1294 1332 1370 1370 loci
1406 1338 1492 1382 est,
1534 1334 1681 1371 merito

214 1392 309 1439 post
341 1389 515 1426 Lbiuum
550 1393 591 1425 et
617 1389 820 1425 Dauisium
853 1391 1127 1427 restituerunt
1159 1394 1327 1440 excepto
1362 1389 1485 1427 Bakio
1517 1389 1678 1440 reliqui.

214 1445 353 1482 Uerba
394 1445 571 1495 denique
624 1445 857 1482 uirtutes
907 1458 1103 1495 omnes,
1155 1459 1258 1495 quae
1299 1446 1448 1483 desunt
1486 1447 1525 1483 in
1559 1445 1681 1484 codd.

214 1500 466 1551 melioribus,
506 1500 579 1538 sed
623 1506 783 1537 seruata
823 1505 916 1538 sunt
955 1503 994 1538 in
1040 1502 1252 1553 plerisque
1293 1502 1561 1551 deteriorum,
1600 1515 1679 1539 non

214 1560 396 1610 oportuit
434 1571 453 1595 a
486 1557 612 1595 Bakio
653 1556 892 1608 sollicitari,
938 1559 1030 1609 quia
1072 1559 1271 1610 deinceps
1305 1571 1374 1596 eas
1408 1563 1562 1597 tantum
1598 1559 1681 1596 uir-

213 1620 324 1653 tutes
381 1608 755 1663 commem'oraret,
808 1627 912 1664 quae
965 1628 1056 1652 cum
1106 1617 1262 1653 iustitia
1311 1620 1455 1653 essent
1509 1617 1682 1653 maxime

213 1673 456 1709 coniunctae
490 1684 624 1722 neque
653 1674 722 1707 aut
754 1670 1011 1721 prudentiam
1036 1678 1105 1709 aut
1132 1671 1418 1709 fortitudinem
1446 1677 1512 1710 aut
1537 1671 1681 1710 mode-

214 1730 349 1768 stiam.
414 1730 502 1766 Non
545 1728 673 1779 magis
715 1727 904 1778 profecto
946 1741 1121 1766 necesse
1163 1734 1251 1766 erat
1289 1728 1367 1765 hoc
1402 1727 1519 1777 loco,
1561 1742 1677 1779 quam

213 1787 284 1824 Ac.
320 1785 368 1834 ΙΙ,
406 1785 468 1826 16.
509 1783 599 1825 140.
634 1784 706 1821 has
741 1785 915 1822 uirtutes
955 1798 1097 1822 omnes
1138 1787 1357 1836 persequi,
1396 1797 1499 1835 quae
1539 1797 1680 1823 omnes

213 1841 357 1879 eodem
402 1855 492 1880 cum
532 1842 689 1879 institia
735 1840 1002 1879 fundamento
1035 1844 1222 1879 nituntur
1254 1840 1332 1894 (es.
1366 1841 1401 1890 ᾖ.
1435 1838 1551 1893 48.);
1584 1854 1680 1892 per-

213 1900 400 1949 sequitur
431 1903 567 1937 autem
602 1897 652 1934 de
676 1898 756 1935 Off.
783 1893 862 1947 ΙῙΙ,
888 1897 957 1937 33
988 1899 1080 1938 117.
1138 1897 1285 1936 Bakius
1318 1899 1406 1954 ipse
1437 1899 1543 1937 coni.
1575 1898 1682 1937 uin-

212 1956 383 1995 culum
413 1955 705 1993 societatis
738 1953 974 1993 tollatur.

328 2026 385 2050 ex
418 2026 500 2062 eo,
535 2011 672 2063 quia]
720 2012 789 2049 Sic
818 2011 985 2048 Dauisio
1011 2024 1178 2049 suasore
1204 2009 1429 2049 secundum
1452 2009 1681 2047 deteriores

213 2069 408 2120 quosdam
442 2070 605 2108 codices
638 2072 752 2105 recte
777 2068 901 2105 Gzius
935 2073 976 2105 et
1001 2069 1268 2115 Schuetzius3
1302 2067 1410 2104 idem
1447 2068 1554 2103 enim
1580 2079 1681 2103 eon·-

212 2128 398 2165 firmatur
424 2126 575 2164 mendo
606 2123 819 2161 meliorum
855 2125 934 2174 qui
966 2138 986 2160 a
1018 2131 1230 2172 natura3
1261 2124 1368 2160 unde
1399 2136 1505 2160 nouo
1539 2135 1679 2161 errore

214 2188 352 2220 natum
387 2187 450 2219 est
482 2183 563 2233 qui
595 2186 812 2228 natura,
844 2182 1102 2217 correctione
1132 2179 1251 2218 simul
1278 2185 1441 2217 seruato
1464 2178 1614 2216 mendo
1639 2180 1678 2217 in

213 2240 246 2277 C
278 2237 413 2290 quod
461 2252 480 2275 a
531 2242 731 2276 natura.
794 2235 954 2287 Reliqui
1007 2250 1064 2274 ex
1111 2250 1168 2274 eo
1210 2236 1360 2287 quod.
1424 2235 1539 2285 Quod
1581 2235 1682 2274 licet

213 2296 334 2346 longe
368 2296 422 2332 sit
452 2294 861 2345 frequentissimum,
903 2299 1038 2330 tamen
1072 2307 1122 2331 ne
1155 2292 1325 2331 alterum
1361 2293 1523 2343 quidem
1545 2305 1681 2343 genus

215 2352 414 2403 exemplis
448 2357 575 2389 caret.
638 2350 749 2387 iuter
788 2355 1002 2401 utrumque
1046 2356 1181 2388 autem
1212 2350 1291 2388 hoc
1323 2351 1523 2399 interest,
1572 2348 1679 2399 quod

213 2425 237 2460 q
250 2412 330 2447 uia
356 2421 515 2447 causam
539 2406 675 2444 reddit
701 2421 719 2444 a
748 2406 1027 2459 praecedente
1051 2407 1257 2444 sententia
1281 2407 1409 2456 magis
1436 2407 1679 2454 seiunctam,

212 2465 355 2516 quod
400 2471 534 2503 autem
576 2469 747 2516 propter
778 2465 858 2501 uim
893 2465 979 2501 eius
1011 2463 1224 2501 relatiuam
1259 2465 1391 2501 minus
1424 2464 1675 2500 obscuratam

211 2523 442 2560 arctissime
494 2535 582 2559 cum
632 2522 875 2571 pronomine
929 2519 1254 2558 demonstratiuo
1307 2520 1566 2557 coniunctum
1615 2519 1678 2553 est

213 2580 335 2630 eique
366 2580 423 2617 ita
457 2579 660 2626 innititur,
694 2581 739 2614 ut
771 2578 818 2615 ab
852 2590 900 2614 eo
932 2576 1073 2615 diuelli
1106 2591 1186 2615 non
1220 2577 1364 2628 possit.
1427 2574 1489 2611 cf.
1514 2576 1679 2624 praeter

213 2634 344 2674 locum
387 2650 408 2673 a
450 2636 552 2673 Gzio
594 2633 801 2671 laudatum
845 2634 971 2672 Tusc.
1015 2630 1057 2684 Ι,
1101 2632 1163 2674 18.
1211 2632 1280 2673 42.
1328 2629 1483 2682 (quod
1523 2642 1581 2667 ex
1623 2641 1679 2666 eo

214 2694 348 2730 sciri
379 2696 584 2744 potest,
625 2692 742 2741 quia
776 2705 998 2744 corpora
1030 2695 1211 2728 nostra
1252 2712 1306 2716 —
1347 2686 1680 2731 coalescunt)

216 2748 647 2798 'l'er.}1‹·aut.m,1.
673 2745 740 2787 99.
777 2762 832 2786 an
866 2762 925 2786 eo
960 2747 1052 2798 fit,
1082 2748 1197 2797 quia
1225 2747 1269 2782 in
1303 2757 1356 2781 re
1389 2749 1570 2781 nostra
1603 2745 1684 2779 aut

216 2806 412 2858 gaudio
473 2818 648 2845 sumus
701 2805 1015 2858 praepediti
1068 2804 1231 2842 nimio
1283 2806 1367 2839 aut
1415 2799 1684 2853 cupidine.
