1781 3192
392 220 549 259 LIBER
580 218 880 259 SECUNDUS.
933 221 1032 261 (ὶΛν.
1071 220 1174 259 xlv.
1428 219 1512 257 ¹85

65 334 269 376 mirabilia
301 331 498 370 dixisset:
536 332 641 370 hane
673 334 883 380 utramque
917 332 1163 369 sententiam
1194 333 1233 367 in
1267 342 1383 367 unam
1414 343 1514 367 con-

63 397 232 432 tractam
276 388 405 427 semel
443 389 580 439 posuit
619 390 742 436 atque
786 387 834 423 ad
879 401 1021 425 omnes
1064 401 1158 436 eos,
1200 399 1298 437 quos
1333 399 1515 423 commc-

61 451 308 495 moraucrat,
348 445 504 482 retulit.
574 443 712 492 ltaque
764 456 842 479 non
895 457 994 493 opus
1037 448 1101 480 cst
1149 443 1364 480 temeraria
1404 443 1516 479 Bakii

64 506 326 550 coniectura,
359 500 436 538 alio
465 501 586 537 ctiam
618 500 781 535 nomine
814 511 952 548 parum
986 498 1227 550 probabilis:
1268 511 1357 535 nec
1391 511 1513 536 uero

63 557 332 600 Romulum
372 561 608 593 nostrum
657 555 930 604 auspicato
980 557 1151 592 urbem
1201 553 1515 591 condidisse

63 626 235 666 neque
275 613 414 650 Attii
455 612 602 648 Nauii
642 623 826 647 nomeu
868 612 1110 648 memoria
1151 610 1380 648 floreret
1418 616 1515 648 tam

64 672 173 719 diu,
206 669 308 705 nisi
339 669 509 704 nostri
542 665 700 704 multa
731 671 813 703 cet.

176 726 250 761 ita
280 721 331 774 (i.
363 737 397 762 e.
429 724 506 760 hoc
540 736 627 761 cum
667 724 723 759 ita
761 720 838 773 sit)
878 736 965 760 cum
1006 722 1127 761 codd.
1169 726 1211 759 et
1247 720 1432 773 plurimis
1476 728 1518 760 et

67 782 232 833 optimis
265 780 376 817 Man.
407 779 504 817 sch.
537 780 645 817 Mos.
680 779 746 816 Or.
782 778 903 827 ssak.;
945 780 1071 817 ceteri
1112 780 1299 828 itaque.
1360 776 1423 816 Cf.
1465 777 1517 814 de

65 839 275 886 utriusque
305 834 532 886 particulae
564 834 801 871 discrimine
833 836 959 885 scyli:
989 835 1040 872 ad
1073 833 1186 872 Lael.
1220 833 1288 883 21,
1319 832 1388 872 80.

175 904 348 941 neque
378 890 484 940 illi]
545 891 776 928 Pronomcn
809 890 857 927 ad
890 890 1131 929 Marcellum
1165 895 1207 928 et
1238 890 1411 940 Appium
1446 902 1516 927 au-

63 961 202 1000 gures,
233 947 283 984 de
316 960 484 997 quorum
518 946 775 984 dissensione
805 960 912 985 nunc
937 948 1156 995 existimat,
1190 951 1301 983 recte
1325 946 1515 985 refertur.

66 1005 243 1044 Temere
274 1005 399 1053 igitur
432 1004 520 1039 sine
555 1002 633 1039 ulla
662 1002 849 1039 codicum
883 1005 1128 1040 auctoritate
1161 1002 1320 1050 Bakius,
1366 1007 1407 1039 ut
1446 1015 1516 1051 gc-

62 1073 136 1099 nus
168 1060 376 1097 hominum
411 1072 499 1095 cum
533 1057 730 1095 Marcello
772 1062 812 1094 et
843 1059 973 1109 Appio
1016 1059 1283 1095 sentientium
1326 1057 1517 1107 designa·

63 1122 190 1165 retur,
233 1115 335 1152 haec
384 1116 570 1164 scripsit:
618 1126 780 1163 neque
830 1113 967 1164 illis,
1010 1115 1092 1164 qui
1126 1134 1178 1140 -—-
1210 1119 1424 1162 negant,
1465 1136 1517 1139 -—

66 1183 235 1222 neque
266 1170 406 1219 illis,
440 1171 525 1219 qui
558 1192 610 1197 -—
642 1173 834 1219 putant.

181 1225 470 1275 assentior]
535 1226 604 1263 Sic
637 1230 808 1276 excepto
841 1225 1049 1275 Stephano
1082 1236 1248 1272 omncs,
1292 1223 1415 1273 idque
1444 1237 1517 1274 ego

62 1296 219 1336 qnoque
241 1296 312 1334 pro
339 1281 551 1319 meliorum
580 1281 699 1319 codd.
723 1282 925 1331 scriptura
956 1281 1197 1318 assentio
1229 1280 1414 1330 recipcre
1437 1293 1516 1317 non

62 1341 261 1389 dubitaui,
298 1340 390 1388 quia
417 1342 459 1375 et
490 1339 662 1374 actiuam
696 1338 807 1374 uerbi
840 1337 1011 1374 formam
1038 1349 1115 1373 non
1140 1335 1358 1373 admodum
1384 1337 1520 1373 incre-

63 1399 200 1437 buisse
231 1394 401 1433 tradidit
432 1394 560 1433 Varro
593 1407 654 1445 ap.
679 1392 786 1430 Gell.
813 1392 859 1441 ΙΙ,
891 1393 958 1432 25.
992 1391 1032 1431 9.
1066 1405 1140 1429 nec
1170 1393 1210 1428 in
1244 1390 1326 1428 ullo
1351 1392 1519 1429 Cicero-

63 1453 127 1491 nis
157 1450 285 1500 libro,
326 1452 405 1487 nisi
444 1451 572 1487 tribus
613 1448 877 1499 epistolarum
918 1448 1018 1485 locis
1062 1445 1138 1497 (ad
1177 1449 1263 1484 Au.
1299 1447 1366 1496 lx,
1406 1446 1446 1484 9.
1487 1448 1517 1486 l.

64 1508 115 1546 ad
144 1509 256 1545 Fam.
293 1507 342 1556 V,
376 1505 413 1544 2.
447 1503 487 1544 9.
521 1505 570 1542 ad
599 1506 738 1553 Quint.
772 1504 842 1542 Fr.
876 1500 933 1553 ll,
970 1504 1002 1543 1.
1035 1502 1095 1556 2.)
1125 1516 1172 1541 ea
1204 1504 1302 1540 satis
1335 1502 1517 1541 codicum

66 1565 309 1602 auctoritate
340 1563 497 1598 firmata
530 1567 606 1600 est.

177 1620 347 1656 fuisse
379 1616 575 1667 duplex
617 1618 646 1655 i.
680 1628 714 1656 e.
757 1615 931 1667 duplicis
973 1617 1153 1667 ἕρπει-ῖς.
1227 1616 1389 1654 Genera
1433 1617 1520 1666 ipsa

65 1674 216 1714 deinde
239 1675 377 1711 uerbis
399 1673 740 1722 subsequentibus
774 1678 827 1709 ut
857 1671 917 1709 ad
949 1675 1025 1710 rei
1058 1672 1308 1723 publicae
1327 1694 1382 1699 —
1404 1685 1520 1723 per-

65 1732 319 1770 tinerent
349 1729 614 1767 definiuntur.
674 1729 827 1765 Merito
870 1730 991 1779 igitur
1031 1729 1135 1766 hanc
1175 1734 1217 1765 et
1254 1727 1518 1779 plurimorum

66 1792 109 1825 et
147 1788 395 1837 optimorum
427 1785 612 1822 codicum
648 1786 889 1835 scripturam
925 1786 1072 1823 Bakius
1103 1785 1314 1822 reuocauit
1343 1784 1521 1836 pro-de—

66 1844 263 1881 teriorum
305 1840 555 1892 quorundam
594 1840 715 1878 codd.
755 1843 1014 1879 correctione
1046 1840 1376 1891 dupliciter,
1420 1854 1521 1891 quae

66 1898 164 1937 inde
198 1900 245 1936 ab
285 1898 480 1935 Ernestio
529 1897 756 1934 editoribus
795 1895 1022 1947 placuerat.
1093 1899 1206 1945 Quae
1244 1898 1323 1934 etsi
1364 1909 1438 1948 per
1478 1909 1523 1933 se

66 1968 148 1993 non
188 1959 252 1992 est
290 1956 429 2004 inepta
466 1951 640 2005 (dicitur
671 1953 778 1989 enim
811 1952 1112 2003 dupliciter
1142 1952 1289 2001 fuisse,
1334 1959 1377 1990 ut
1409 1953 1522 1990 Brut.

68 2011 140 2060 61,
171 2010 269 2050 220.
302 2009 652 2046 mediocriter
673 2008 844 2045 fuisse
867 2011 906 2046 in
930 2010 1033 2047 hanc
1057 2010 1327 2046 sententiam:
1360 2010 1399 2046 in
1420 2008 1524 2059 dop-

66 2067 203 2118 pelter
222 2066 460 2115 Beziehung
487 2064 723 2102 vorhanden
758 2062 886 2117 sein),
915 2071 1048 2103 tamen
1073 2078 1151 2102 non
1186 2067 1417 2102 necessaria
1450 2069 1524 2102 est.

183 2121 243 2160 ad
273 2122 350 2159 rei
381 2119 521 2172 publ.
555 2124 759 2171 tempus
783 2122 885 2170 cen]
939 2121 1001 2159 Ad
1029 2120 1219 2171 agendi
1246 2120 1523 2158 consilium

69 2178 242 2216 scicntia
275 2176 477 2226 auguralis
508 2178 758 2227 pertinebat,
788 2177 838 2226 si,
869 2176 965 2227 quid
997 2180 1182 2227 agerent,
1221 2177 1301 2226 ipsi
1334 2177 1524 2213 nescien-

67 2239 132 2272 tes
173 2246 260 2271 eam
303 2233 353 2270 ad
395 2232 562 2270 deorum
617 2230 850 2270 uoluntates
900 2232 1207 2284 cognoscendas
1254 2232 1525 2279 adhibebant3

69 2289 121 2327 ad
160 2291 234 2327 rei
273 2288 522 2342 publicae
561 2293 695 2326 autem
738 2294 945 2338 tempus
988 2289 1237 2339 pertinebat,
1280 2291 1315 2326 si
1357 2302 1406 2326 ea
1445 2302 1524 2325 non

71 2346 314 2396 utebantur,
347 2349 391 2382 ut
419 2345 529 2395 ipsas
566 2344 736 2382 deorum
777 2343 1010 2382 uoluntates
1049 2345 1333 2394 exquirerent,
1373 2344 1446 2381 sed
1485 2350 1528 2380 ut

73 2413 137 2451 ea,
180 2414 282 2452 quae
325 2399 437 2438 factu
476 2413 576 2450 opus
618 2412 712 2438 esse
747 2401 1060 2450 cognouissent,
1105 2399 1298 2438 adhibitis
1338 2401 1528 2451 auspiciis

73 2458 184 2507 quasi
216 2457 386 2495 deorum
419 2458 661 2495 auctoritate
687 2457 852 2493 firmare
878 2456 1109 2496 studebant.

185 2514 344 2557 XIV.
404 2512 436 2561 ᾧ.
469 2510 539 2551 34.
600 2517 650 2549 et
684 2511 759 2561 id,
792 2513 836 2548 si
866 2512 1069 2563 potero]
1132 2512 1250 2562 Quod
1281 2524 1370 2550 cum
1402 2511 1528 2550 Daui-

47 2568 134 2606 ·sio
177 2568 326 2618 Gzius,
373 2567 467 2606 Sch.
506 2568 614 2606 Mos.
655 2568 726 2605 Or.
772 2580 820 2604 ex
863 2567 966 2608 dett.
1010 2568 1128 2608 codd.
1168 2573 1441 2619 receperunt,
1481 2573 1530 2604 et

73 2623 211 2675 ipsa,
245 2623 286 2661 id
328 2625 476 2661 merito
514 2623 748 2673 Maduigius
788 2623 840 2660 de
877 2623 968 2663 Fin.
1000 2620 1068 2675 II,
1115 2623 1175 2664 18.
1218 2622 1286 2663 93.
1328 2622 1530 2661 dubitauit

73 2691 168 2717 num
216 2692 356 2717 uerum
413 2684 541 2718 esset.
609 2678 694 2716 Sed
745 2682 882 2716 tamen
931 2681 1046 2731 ipsa
1094 2693 1184 2719 cum
1232 2680 1343 2718 Uict.
1386 2679 1528 2729 steph.

74 2733 184 2776 Man.
223 2736 367 2773 Lamb.
407 2735 507 2774 ΕΓΗ.
549 2734 691 2784 ἣέιςιι.
733 2734 857 2771 Bakio
900 2734 1108 2786 expellere
1149 2737 1397 2774 temeritatis
1451 2740 1527 2771 est.

73 2788 208 2829 Uerae
246 2792 471 2843 scripturae
504 2792 748 2841 uestigium,
789 2794 841 2828 et
882 2791 1008 2842 ipsi,
1049 2793 1280 2830 etiamnunc
1319 2796 1526 2828 seruatum
