1781 3192
5 3152 8 3192 Ι

388 210 545 249 Lmlssu
575 207 876 248 SECUNDUS.
928 207 1027 247 ΟΛΡ.
1063 207 1129 246 ΧΙ.
1398 205 1485 244 169

36 323 299 372 colebantur,
344 324 409 371 qui
442 320 547 370 illis,
582 325 624 358 ut
654 319 961 368 Saturnalibus,
1005 318 1244 356 fruebantur
1282 315 1485 354 libertate.

36 381 101 418 Cl'.
152 381 264 416 Dion.
308 378 397 415 llal.
436 377 509 425 lV,
557 375 620 415 14.
698 377 810 423 Quae
861 374 1012 412 deinde
1061 379 1309 423 sequuntur:
1357 373 1489 409 ritus

37 435 275 474 familiae
315 440 630 484 patrumque
671 443 907 479 seruare,
961 444 1008 468 ea
1055 431 1266 481 pertinent
1315 426 1366 465 ad
1413 426 1488 464 do-

38 493 250 530 mesticum
284 491 488 539 penatium
520 487 730 536 laruinque
759 485 1017 524 familiarium
1045 486 1213 524 cultum.
1258 484 1490 523 Seruare

40 554 103 586 est
135 551 250 584 uetus
283 558 410 594 eaque
441 545 671 582 necessaria
702 544 916 580 correctio,

151 603 181 650 ξ.
215 601 279 638 28.
342 605 688 637 consecratur
716 598 952 647 humana]
1008 596 1139 635 Codd.
1162 607 1302 633 omnes
1328 607 1492 633 manu.

37 660 88 696 At
127 668 271 693 manu
304 668 622 693 consecrare
665 654 1030 704 quomodocunque
1071 653 1381 702 interpretariS,
1424 652 1494 688 ab—

39 714 204 750 surdum
239 715 314 750 est.
386 712 438 748 Et
477 713 801 761 interpretantur
846 710 935 746 sere
979 709 1174 746 'l'urnebo
1215 708 1400 758 principe
1442 705 1495 743 de

40 766 286 819 templorum
321 765 637 804 dedicandorum
671 768 768 814 ritu,
811 767 901 815 quia
932 767 998 814 qui
1033 763 1229 815 templum
1266 761 1494 809 dedicaret,

37 830 196 875 postem
226 834 344 859 manu
377 827 554 859 teneret.
617 822 699 859 Sed
722 823 894 872 primum
919 820 959 857 id
985 821 1062 858 dici
1086 833 1164 857 non
1190 819 1324 870 potuit
1348 830 1456 854 man
1473 829 1496 853 ιι

11 889 378 926 Oconsecrare3
431 873 582 915 deinde
624 891 700 915 non
745 879 877 927 agitur
918 876 969 913 de
1009 874 1254 926 templorum
1296 872 1494 911 dedican-

40 935 181 973 dorum
214 935 316 982 ritu,
355 946 407 970 ne
440 934 491 971 de
524 933 688 983 templis
722 933 883 983 quidem
919 933 1082 969 omnino
1113 928 1379 978 dedicandis,
1422 927 1497 966 sed

39 990 89 1028 de
119 990 340 1027 uirtutibus
373 990 665 1026 consecrandis
697 990 723 1025 i.
751 1001 784 1026 e.
820 991 857 1024 in
892 988 1059 1025 deornm
1083 998 1252 1024 numero
1280 984 1496 1022 habendis.

38 1045 191 1085 Mendo
223 1058 327 1082 man
343 1058 365 1081 u
399 1044 582 1095 expulso,
614 1050 655 1081 ut
687 1044 876 1082 Schuetz.
913 1042 1027 1092 fecit,
1072 1043 1305 1079 sententiae
1335 1039 1499 1089 quidem

39 1100 286 1148 consulitur3
339 1101 411 1137 scd
459 1100 666 1151 expellere
717 1099 826 1136 istud
871 1098 984 1137 nullo
1026 1096 1104 1134 alio
1144 1098 1184 1133 in
1226 1097 1314 1133 eius
1363 1094 1498 1133 locum

39 1156 236 1196 uocabulo
267 1158 478 1204 restituto,
512 1157 551 1193 id
585 1155 777 1193 audaciae
810 1159 886 1193 cst.
948 1154 1130 1190 Restitui
1164 1157 1298 1189 autem
1325 1163 1496 1188 necesse

41 1219 105 1265 est
140 1214 247 1250 hum
264 1225 375 1259 ana3
413 1225 504 1248 nam
552 1213 748 1249 humanas
793 1211 963 1247 uirtutes
1010 1208 1264 1256 consecrari,
1309 1208 1408 1243 satis
1450 1219 1497 1242 ea

43 1270 281 1316 ostendunt,
316 1280 417 1317 quae
443 1274 670 1317 sequuntur
693 1266 920 1319 (habent
943 1270 1114 1303 autem
1140 1276 1317 1300 omnes
1342 1263 1500 1310 boni).

42 1325 108 1364 Cf.
142 1327 228 1363 Cic.
256 1325 356 1374 Rep.
391 1324 422 1372 l,
457 1323 491 1362 7.
527 1324 591 1363 12.
625 1328 666 1359 et
697 1335 797 1372 quae
831 1322 882 1359 de
912 1321 1051 1359 mendi
1083 1332 1236 1371 genere
1265 1318 1347 1355 dixi
1370 1316 1500 1369 praef.

41 1395 83 1434 p.
117 1381 243 1421 XVII.
304 1379 460 1416 Eadem
503 1379 736 1427 corrigendi
774 1379 933 1415 ratione
975 1390 1070 1414 usus
1112 1389 1200 1413 sum
1241 1370 1322 1412 III.
1362 1376 1393 1424 ᾗ.
1433 1373 1503 1413 38.

40 1450 136 1476 uos
166 1435 375 1487 quidem
408 1448 481 1485 pro
514 1434 662 1471 mendo
686 1433 807 1471 codd.
841 1432 1057 1471 meliorum
1090 1444 1181 1468 uos
1208 1429 1335 1478 dem,
1371 1434 1413 1466 et
1434 1428 1503 1466 alii

42 1494 106 1530 usi
138 1496 233 1530 sunt
264 1486 321 1527 ll.
356 1490 390 1539 §-
423 1489 492 1530 58.
534 1489 728 1527 lamina
767 1501 840 1539 pro
884 1489 1033 1527 mina,
1104 1483 1150 1524 ln
1192 1484 1364 1523 eandem
1403 1497 1505 1522 con-

44 1551 243 1587 iecturam
286 1548 538 1596 propositam
580 1547 756 1596 primum
798 1558 819 1582 a
857 1556 923 1581 me
962 1545 1000 1580 in
1040 1555 1178 1594 progr.
1212 1538 1331 1580 1841.
1363 1553 1402 1591 p.
1440 1538 1504 1580 16.

44 1604 188 1642 incidit
224 1603 417 1639 Krausius
470 1603 509 1638 in
563 1614 699 1652 progr.
748 1599 864 1639 1842.
904 1612 945 1650 Ι).
987 1596 1026 1637 9.
1069 1611 1160 1635 mea
1212 1609 1292 1633 non
1341 1597 1506 1646 cognita

44 1660 335 1711 disputatione.
418 1657 687 1694 Coniecturae
737 1657 888 1693 Dauisii
938 1656 1034 1691 iam
1086 1653 1279 1702 diuque
1320 1652 1502 1690 harum

44 1717 291 1762 omnium,
325 1712 632 1763 W'yttenbacliii
665 1725 829 1762 neque
862 1711 1036 1748 harum
1070 1710 1323 1757 omnium,
1364 1707 1504 1745 Rathii

44 1775 360 1811 consecrata
408 1783 429 1806 a
480 1770 772 1806 maioribus
818 1771 966 1815 sunt,
1012 1777 1223 1816 quorum
1278 1764 1504 1800 omnium

44 1830 194 1867 merito
226 1830 322 1863 sunt
354 1824 566 1876 explosae.
627 1825 688 1862 De
726 1836 772 1860 re
812 1822 865 1861 cf.
905 1821 991 1859 Cic.
1032 1822 1127 1860 Nat.
1167 1820 1289 1860 Deor.
1329 1814 1395 1869 II,
1434 1817 1505 1858 23.

46 1884 114 1925 61.
159 1883 269 1920 Lact.
305 1881 336 1930 Ι,
369 1880 438 1920 20.

162 1949 375 1988 quarum
410 1936 653 1986 omnium]
715 1935 933 1973 Genitiuus
965 1931 1122 1984 pendet
1149 1945 1196 1970 ex
1217 1931 1343 1969 uerbo
1367 1935 1507 1980 sunt,

50 2008 130 2033 non
163 2007 211 2031 ex
244 1992 542 2030 dedicandi
575 1993 699 2029 uerbo
732 1989 836 2043 (und
863 1989 978 2027 diese
1010 1988 1087 2026 alle
1118 1989 1303 2026 besitzen
1336 2001 1384 2024 zu
1405 1987 1512 2024 Rom

52 2048 248 2102 'l‘empel‚
281 2048 349 2085 die
382 2048 506 2085 ihnen
538 2048 718 2097 geweiht
749 2044 877 2097 sind).
940 2041 998 2083 Cf
1043 2045 1128 2082 Cic,
1171 2044 1222 2081 N.
1260 2044 1307 2081 D.
1340 2043 1408 2092 ΙΙΙ,
1445 2043 1512 2082 17.

50 2104 118 2147 43.
180 2107 245 2144 At
278 2115 454 2141 earum
495 2102 690 2154 templa
730 2106 846 2138 sunt
876 2099 1096 2151 publice
1129 2104 1253 2136 uota
1285 2103 1334 2136 et
1364 2097 1511 2135 dedi-

49 2164 171 2201 cata
209 2163 252 2197 et
282 2157 418 2210 paullo
460 2164 555 2210 post
594 2171 652 2195 ne
697 2157 868 2194 ceteri
909 2155 1115 2206 quidem
1157 2155 1258 2203 dii,
1297 2166 1512 2204 quorum

48 2214 249 2266 templa
278 2218 401 2252 sunt
432 2213 703 2260 dedicata3
739 2210 1008 2262 similiterque
1042 2207 1121 2259 ΙΙΙ,
1149 2209 1307 2249 30.52.
1340 2210 1514 2259 itaque

52 2276 104 2311 et
151 2272 346 2309 Fontis
393 2269 664 2307 delubrum
706 2269 842 2305 maso
888 2280 944 2304 ex
983 2267 1191 2304 Corsica
1230 2264 1515 2302 dedicauit

55 2333 97 2366 et
128 2339 202 2377 pro
238 2326 362 2363 Arch-
395 2325 437 2375 8,
474 2324 538 2364 19.
600 2325 818 2362 Genitiuus
853 2334 901 2360 ex
932 2321 1142 2360 delubri
1172 2322 1338 2359 nomine
1359 2319 1518 2371 pendet

55 2384 136 2429 (sie
167 2381 371 2418 weiheten
406 2383 527 2418 einen
559 2380 641 2417 ihm
675 2379 952 2429 angehiirigen
984 2372 1161 2429 Tempel
1191 2379 1232 2414 in
1266 2376 1339 2413 der
1361 2375 1515 2423 stadt).

56 2439 115 2476 De
146 2450 190 2474 re
223 2435 316 2473 uide
348 2435 430 2474 Cic.
471 2437 518 2473 N.
552 2434 598 2473 D.
631 2435 680 2483 ll,
712 2434 781 2474 23.
813 2433 882 2473 61.
914 2433 1102 2484 Hartung
1144 2432 1238 2472 Rel.
1270 2432 1314 2470 ll.
1347 2444 1389 2482 p.
1422 2430 1515 2472 262.

172 2496 228 2529 ut
258 2490 371 2541 illa]
433 2492 535 2529 Dau.
569 2496 611 2528 et
642 2490 735 2528 Seli,
771 2487 917 2538 illas,
950 2494 993 2527 ut
1021 2502 1141 2541 pron.
1173 2487 1221 2526 ad
1244 2499 1372 2537 genus
1393 2499 1519 2538 prae-

58 2547 291 2588 cedentium
345 2549 553 2585 nominum
603 2543 986 2585 accommodaretur.
1062 2545 1118 2584 At
1165 2550 1313 2581 neutro
1367 2554 1518 2593 prono-

59 2605 180 2643 minis
213 2602 263 2640 ad
296 2605 528 2640 uniuersam
562 2614 694 2639 rerum
724 2602 933 2638 notionem
956 2599 1088 2638 relato
1111 2598 1215 2638 nihil
1239 2599 1517 2649 frequentius·

171 2671 278 2696 nam
311 2657 446 2696 illud
478 2657 588 2707 uit.]
649 2654 814 2694 Nullum
854 2656 892 2695 h.
925 2654 951 2695 l.
988 2655 1161 2694 lacunae
1202 2656 1250 2693 ab
1277 2655 1519 2704 antiquiori-

54 2714 130 2752 bus
174 2718 341 2752 notatae
384 2714 618 2763 uestigium.
680 2712 739 2749 De
778 2716 882 2763 part.
922 2723 1030 2750 nam
1072 2711 1168 2750 uide
1208 2707 1311 2761 quae
1346 2710 1431 2748 dixi
1470 2709 1516 2746 ΙΙ.

51 2769 85 2818 ᾗ.
124 2767 191 2810 26.
257 2770 316 2811 De
347 2771 548 2808 Lactantii
583 2765 642 2822 (l,
675 2766 770 2820 20.)
802 2769 959 2806 uerbis:
990 2781 1223 2819 magnum
1251 2766 1518 2814 audaxque

1263 2837 1285 2854 z<-
