1781 3192
221 215 280 252 88
794 213 862 250 DE
894 213 1124 281 LEfumsss

337 325 419 364 uel
452 329 508 362 ab
542 324 628 373 iis]
701 325 771 361 Ab
817 324 885 361 iis
929 327 993 362 uel
1038 324 1253 369 meliorum
1303 325 1489 363 codicum
1541 324 1691 365 mendo

222 382 385 422 labiis
418 383 707 428 confirmatum
741 393 814 431 pro
843 394 921 431 quo
956 395 1094 432 parum
1128 387 1241 418 recte
1268 381 1416 419 Bakius
1439 382 1691 421 deteriorum

225 437 475 491 quorundam
509 438 754 488 scripturam
787 438 844 474 ab
875 438 960 475 liis
1003 437 1324 475 commendauit.
1392 438 1479 475 Nec
1520 451 1695 477 necesse

224 498 303 534 fnit
344 498 576 545 parentem,
618 495 837 541 nutricem,
878 496 1114 544 magistrum
1161 495 1380 531 monstrari
1425 500 1467 532 nt
1499 496 1565 545 qui
1596 508 1696 546 pro-

223 554 331 590 xime
372 551 563 600 scriptori
605 549 759 587 admoti
806 557 948 587 essent
991 557 1033 587 et
1074 550 1172 587 inde
1204 563 1321 601 pron.
1355 550 1395 588 is
1429 552 1693 589 commenda·-

226 609 381 646 tionem
417 605 588 656 aliquam
623 606 760 654 babet,
795 606 903 656 quod
934 606 1042 644 idem
1076 608 1117 644 in
1150 604 1278 644 altera
1310 609 1545 645 sententiae
1577 612 1695 659 parte

227 665 428 714 seqnitur,
469 664 503 700 si
533 662 698 712 quidem
731 661 832 699 illud
873 665 1024 713 ipsum,
1071 662 1177 713 quod
1219 665 1459 712 antecessit,
1504 664 1697 702 effecisse

226 720 418 768 uidetur,
472 723 515 756 ut
557 718 684 756 altero
725 719 848 755 etiam
890 718 980 756 loco
1020 724 1258 769 poneretur.
1327 721 1416 767 Quo
1457 720 1566 758 facto
1607 721 1696 758 fieri

227 790 307 815 non
340 777 488 827 potnit,
522 776 617 824 quin
648 781 745 812 noto
778 777 1033 812 attractionis
1064 789 1218 825 genere
1251 777 1376 813 uerba
1417 777 1698 814 imitatrix

228 835 348 872 boni
397 837 439 869 et
488 837 660 868 mater
706 829 1011 882 applicarentur
1060 833 1110 869 ad
1159 834 1406 869 sententiam
1458 834 1697 878 relatiuam3

227 890 278 928 ad
319 902 418 939 qnae
458 890 546 939 ipsa
582 893 695 935 tum,
749 890 991 938 praesertim
1039 890 1353 939 interpositum,
1397 890 1696 927 accommodari

228 946 409 997 oportuit
442 943 737 993 uoluptatis
770 944 1021 983 uocabulum.
1086 944 1125 980 ln
1170 945 1290 984 simili
1333 947 1591 983 attractionis
1624 959 1698 996 ge-

227 1016 325 1041 nere
365 1007 461 1039 snnt
496 1000 583 1038 loci
625 1000 675 1037 de
718 1001 817 1051 Leg.
863 997 952 1050 lll,
997 1002 1036 1039 ὅ.
1086 1002 1147 1040 12.
1187 1014 1261 1051 pro
1298 999 1462 1039 (Jlnent.
1497 1001 1566 1051 42,
1603 1001 1697 1042 117.

227 1059 291 1099 Cf.
329 1059 487 1107 Kriiger
523 1058 896 1107 [mtersnchungen
927 1058 1004 1106 m,
1049 1070 1090 1108 p.
1131 1056 1219 1096 189.
1255 1070 1341 1108 sqq.
1416 1059 1476 1095 De
1518 1072 1562 1097 re
1602 1058 1698 1098 uide

226 1113 264 1166 l,
302 1115 364 1155 11.
399 1114 468 1154 31.

343 1185 441 1210 non
476 1168 723 1220 cernunt]
787 1169 828 1207 ln
854 1169 946 1208 cod.
980 1168 1091 1208 arch.
1124 1169 1202 1207 snit
1234 1174 1547 1209 cernuntur.
1608 1171 1696 1218 Quo

230 1242 319 1268 cnm
363 1229 551 1266 turbetur
590 1228 746 1275 oratio,
798 1230 866 1264 aut
912 1226 1127 1275 singularis
1168 1227 1377 1264 cuiusdam
1420 1227 1699 1278 negligentiae

230 1287 376 1324 Cicero
421 1289 485 1322 est
522 1284 772 1321 accusandus
816 1288 884 1321 ant
923 1283 1115 1320 mendum
1173 1282 1418 1321 tollendum.
1486 1282 1699 1322 Sublatum

229 1348 364 1380 autem
402 1341 445 1378 id
488 1354 576 1378 cum
610 1339 766 1377 Orellio
805 1345 847 1376 et
878 1340 1004 1377 Bakio
1046 1341 1235 1377 existimo
1270 1340 1423 1377 Dauisii
1464 1341 1700 1378 coniectura

229 1403 477 1446 cernunt,
510 1410 614 1447 quae
646 1397 736 1445 ipsa
767 1408 873 1432 nnnc
904 1401 1096 1445 excerpta
1120 1402 1185 1432 est
1209 1409 1256 1433 ex
1285 1396 1376 1433 cod.
1403 1402 1453 1433 α.
1515 1396 1700 1435 Snbiecti

231 1460 365 1492 antem
394 1454 486 1492 loco
517 1452 750 1489 habendum
784 1456 849 1488 est
881 1453 1063 1501 animi,
1097 1452 1203 1501 quod
1236 1465 1324 1489 cnm
1356 1455 1394 1489 ui
1417 1455 1699 1504 praepositum

229 1513 468 1549 etiamnunc
498 1509 677 1559 legentis
709 1509 843 1544 animo
876 1508 1080 1557 inhaeret,
1114 1510 1358 1558 praesertim
1393 1522 1483 1547 cnm
1530 1511 1698 1561 partici-

228 1571 298 1620 pio
332 1566 569 1618 corrupti
600 1564 714 1602 notio
746 1565 832 1601 eius
865 1564 1163 1614 quodammodo
1187 1565 1241 1602 sit
1267 1570 1481 1604 renouata.
1536 1566 1700 1604 Genera

234 1624 349 1662 uerbi
386 1637 467 1662 non
510 1625 567 1661 ita
605 1634 698 1659 raro
738 1634 759 1658 a
793 1620 969 1659 librariis
1011 1621 1179 1659 confusa
1220 1626 1330 1660 sunt.
1385 1622 1450 1660 Cf.
1492 1618 1526 1661 I.
1569 1624 1602 1674 Q.
1635 1621 1703 1663 24.

231 1679 394 1731 Reliqui
429 1680 612 1718 editores
645 1679 780 1715 minus
811 1676 1080 1728 probabiliter
1110 1682 1375 1715 correxerunt
1413 1681 1697 1718 cernimus.

343 1737 571 1781 ΧΨἸΙΙ.
639 1735 671 1784 Q.
711 1732 781 1773 48.
848 1734 1125 1785 Sequitur]
1197 1735 1286 1771 Non
1338 1747 1485 1771 nouam
1525 1736 1699 1773 demon-

232 1795 475 1832 strationem
508 1792 688 1840 institni,
718 1790 1057 1840 quemadmodum
1089 1791 1212 1828 Bakio
1247 1791 1376 1828 nisum
1411 1796 1491 1841 est,
1523 1794 1698 1841 sequi-

231 1856 317 1888 tur
357 1849 527 1897 indicat,
565 1849 640 1886 sed
675 1859 795 1885 omne
838 1848 899 1885 ius
940 1854 983 1885 et
1025 1860 1146 1885 omne
1188 1847 1407 1884 honestum
1452 1860 1525 1885 sna
1553 1852 1701 1898 sponte

234 1906 510 1958 expetendum
559 1917 652 1943 esse
701 1904 861 1953 cogitur
907 1916 955 1942 ex
995 1905 1290 1955 superioribuS.
1361 1903 1473 1941 Male
1514 1917 1535 1941 a
1587 1904 1701 1942 Goe-

230 1966 374 2001 renzio
418 1962 470 2001 id
508 1975 582 2013 pro
622 1962 807 1999 subiecto
846 1961 1030 1999 habitum
1070 1965 1112 1998 et
1154 1959 1205 1998 ad
1245 1961 1496 2010 seqnitur
1523 1959 1699 1998 relatum

234 2026 314 2069 est,
346 2025 390 2057 nt
420 2021 545 2057 uerba
576 2024 627 2057 et
656 2020 737 2056 ins
760 2039 809 2045 —
837 2016 1191 2068 expetendum
1217 2017 1464 2067 epexegesin
1487 2008 1700 2068 pronomi-

232 2077 296 2115 nis
339 2077 624 2123 continerent3
659 2075 879 2125 ‘pertinent
916 2087 1013 2111 nero
1049 2074 1291 2124 pronomina
1332 2072 1384 2110 id
1423 2071 1557 2121 quod
1598 2086 1698 2111 con-

233 2137 374 2172 iuncta
415 2132 464 2170 ad
505 2133 715 2169 notionem
760 2131 1020 2178 uniuersam,
1064 2143 1165 2179 qnae
1206 2129 1342 2165 uerbis
1383 2130 1619 2166 continetur
1649 2134 1701 2167 et

233 2194 396 2228 ius—
426 2186 802 2239 expetendum.
873 2186 938 2223 Cf.
986 2186 1070 2224 Cic.
1120 2198 1192 2235 pro
1240 2184 1363 2221 Rosc.
1405 2182 1453 2233 9,
1496 2183 1565 2225 26.
1612 2198 1700 2236 po-

236 2251 460 2294 stremo,
504 2242 555 2281 id
587 2240 720 2294 qnod
754 2242 918 2280 facile
949 2240 1285 2280 intellectum
1315 2245 1424 2290 est,
1457 2241 1699 2280 insidias

237 2304 379 2342 uitae
409 2302 624 2339 huiusce
656 2299 766 2337 Sex.
803 2300 983 2336 Roscii
1024 2309 1222 2349 parare.
1252 2297 1304 2333 ib.
1337 2295 1377 2346 9,
1409 2296 1479 2337 25.
1511 2297 1631 2336 Verr.
1664 2295 1699 2347 Ι,

241 2358 305 2399 14.
348 2356 414 2398 36.
458 2358 594 2394 Beier.
634 2355 681 2392 ad
719 2356 799 2393 Off.
836 2356 893 2404 ΙΙ,
940 2354 1005 2395 23.
1042 2353 1109 2393 83.
1179 2354 1366 2403 Denique
1400 2354 1700 2392 orationem

237 2414 372 2468 (qnod
408 2426 557 2452 nomen
590 2412 821 2462 generalius
853 2412 895 2449 h.
927 2411 955 2450 l.
990 2416 1033 2449 nt
1065 2412 1094 2461 Ι,
1128 2410 1197 2450 20.
1231 2409 1300 2450 52.
1338 2409 1389 2447 de
1422 2410 1524 2461 Rep.
1559 2406 1592 2459 Ι,
1630 2409 1699 2449 24.

238 2474 291 2510 de
329 2471 419 2509 Fin.
464 2471 544 2518 lv,
586 2468 653 2508 28.
704 2469 771 2507 78.
824 2468 920 2506 alibi
966 2469 1135 2519 ponitur
1179 2479 1253 2518 pro
1300 2464 1698 2518 disputatione)

238 2529 536 2568 orationem
568 2527 693 2575 igitur
724 2524 1045 2564 concludere
1076 2537 1155 2561 non
1197 2528 1262 2560 est
1302 2522 1550 2573 simpliciter
1589 2534 1698 2559 ora-

238 2587 435 2624 tionem
476 2583 670 2632 finire,
720 2582 796 2620 sed
839 2582 943 2633 quod
991 2593 1066 2619 nos
1121 2580 1293 2617 dicimus
1340 2579 1408 2616 die
1446 2578 1701 2628 Eriirternng

240 2655 330 2681 zum
364 2638 588 2678 Abschlnss
619 2639 815 2689 bringen3
857 2637 1128 2687 similiterque
1160 2636 1457 2674 orationem
1491 2634 1700 2672 conclu-

239 2699 364 2736 dere
397 2697 476 2734 dici
511 2694 673 2733 uidetur
707 2696 759 2732 de
790 2695 881 2736 Fin.
915 2695 985 2744 lv,
1017 2693 1087 2733 28.
1119 2692 1183 2733 78.
1221 2692 1375 2730 Ratio
1412 2692 1439 2729 i.
1481 2703 1518 2728 e.
1559 2692 1700 2740 singu-
1756 2712 1761 2748 ‚³

237 2756 336 2793 laris
369 2753 599 2803 argumenti
633 2752 859 2802 conclusio,
894 2751 1001 2802 quod
1043 2762 1091 2787 ex
1129 2749 1403 2787 deterioribus
1444 2746 1560 2785 codd.
1600 2747 1698 2785 Ern.

238 2812 381 2862 Wagn.
432 2810 558 2848 Goer.
603 2807 799 2847 Schuetz.
851 2810 1123 2859 receperunt,
1175 2816 1341 2856 prorsus
1388 2806 1435 2842 ab
1484 2805 1561 2841 hoc
1610 2801 1699 2841 loco

1756 2791 1760 2818 γ’

1760 2552 1766 2581 ⁴-·
1762 2497 1768 2542 —-—·-
1764 2390 1773 2490 -mu-

1773 2007 1775 2014 A

1774 2024 1776 2035 i

1770 2079 1781 2104 l:

1771 2123 1774 2136 l

1772 2153 1774 2163 r

1770 2175 1774 2185 ι

1779 2299 1781 2312 l
