1781 3192
228 193 320 232 270
797 192 868 231 DE
900 192 1130 232 LEGIBUS

227 303 394 355 leges.
457 303 541 343 sed
580 302 695 341 fide
736 304 770 342 si
808 303 1048 343 aduerbium
1089 316 1183 343 esse
1223 317 1315 343 cum
1346 306 1518 345 Mosero
1551 310 1693 347 existi-

227 363 428 409 maueris,
470 373 551 398 non
594 361 785 398 usitatum
830 360 942 411 fuit,
984 363 1072 400 siue
1113 374 1186 413 pro
1234 360 1414 400 ablatiuo
1464 376 1554 402 cum
1603 364 1693 403 aliis

228 417 434 465 habueris,
475 429 527 454 ne
559 417 593 453 is
625 416 788 467 quidem
833 418 1108 456 Romanorum
1152 418 1440 456 consuetudini
1481 422 1691 459 conuenit.

227 472 293 511 Cf.
333 472 458 523 Seyff.
503 472 553 509 ad
595 472 708 511 Lael.
754 486 795 524 p.
829 472 927 514 465.
968 475 1108 513 Mada.
1151 474 1202 511 de
1246 475 1337 512 Fin.
1377 488 1419 526 p.
1452 475 1519 516 22.
1591 476 1692 515 Nam

227 528 304 566 alia
337 534 402 566 est
433 531 539 567 ratio
570 527 651 567 loci
684 529 734 567 de
767 531 844 570 Off.
871 526 929 580 ΙΙ,
961 530 998 571 8.
1025 532 1094 571 27.
1125 532 1300 569 socios
1334 533 1610 582 aequitate
1642 536 1694 571 et

226 584 335 623 fide
368 584 694 634 defendere3
730 588 795 624 ubi
830 586 993 625 ablatiui
1027 589 1289 625 instrumenti
1314 595 1424 637 sunt,
1456 602 1536 627 non
1563 587 1692 627 modi.

227 641 284 680 Ut
322 645 437 679 recte
481 647 619 680 tamen
663 642 875 681 diceretur
917 643 1031 682 side
1074 643 1377 695 custodire,
1430 644 1693 683 custodiendi

227 697 371 736 modus
413 697 741 748 describeretur3
784 700 862 737 hoc
903 705 1039 738 autem
1077 700 1168 738 loeo
1210 700 1252 738 id
1292 702 1473 753 praecipi
1521 714 1692 740 necesse
1766 715 1767 718 ¹

227 759 308 804 est,
341 759 385 792 ut
417 755 521 792 fides
552 754 686 806 legum
721 757 775 793 sit
808 758 1043 808 incorrupta
1085 770 1164 794 nec
1205 756 1401 796 dubitata.
1462 758 1691 796 Uerissime

225 812 352 859 igitur
383 811 617 862 Maduigius
662 810 727 863 (in
769 826 907 863 progr.
950 826 992 865 p.
1027 811 1119 866 26.)
1161 816 1203 850 et
1235 813 1384 852 Bakius
1427 815 1695 852 coniecerunt
1768 836 1770 838 v

225 867 389 906 fidem
422 866 608 919 legum.
671 870 725 907 Et
764 868 957 907 similiter
998 871 1142 908 Cicero
1181 869 1285 908 dixit
1322 883 1395 921 pro
1427 871 1547 910 Arch.
1579 870 1620 922 5,
1654 868 1692 911 9.

226 937 332 962 nam
385 938 488 962 cuin
537 925 751 963 Gabinii
808 925 1006 964 leuitas
1053 949 1104 955 —
1152 939 1346 964 omnem
1396 926 1691 966 tabularum

225 981 387 1019 fidem
422 982 758 1033 resignasset
800 987 841 1020 et
873 984 1013 1032 Quint.
1049 983 1148 1021 inst.
1181 983 1252 1021 Or.
1279 984 1329 1034 V,
1355 984 1393 1023 7.
1424 983 1493 1025 36.
1527 981 1695 1022 aliter

226 1037 587 1089 oraculorum,
620 1040 786 1077 aliter
822 1039 1154 1090 haruspicum
1195 1040 1335 1078 fides
1377 1040 1693 1079 confirmari

227 1101 315 1132 aut
348 1094 534 1134 refelli
568 1101 766 1147 potest.
829 1096 938 1134 idem
963 1097 1179 1149 Zumptius
1203 1098 1393 1149 probauit
1417 1098 1457 1135 in
1483 1099 1692 1149 interpre-

226 1154 382 1190 tatione
425 1151 653 1192 uernacula.
716 1152 796 1190 Sed
842 1153 950 1204 quod
992 1154 1033 1191 in
1070 1152 1312 1192 melioribus
1351 1153 1471 1194 codd.
1511 1153 1556 1192 id
1596 1164 1691 1192 esse

227 1208 342 1259 dixit,
374 1208 481 1246 haud
511 1209 633 1246 dubie
663 1207 804 1260 lapsus
839 1214 918 1248 est.

341 1265 543 1317 priuati
579 1266 605 1303 i.
639 1278 675 1302 e.
711 1267 753 1314 ii,
787 1267 851 1316 qui
881 1266 1120 1316 magistratu
1155 1267 1355 1306 abierunt.
1390 1266 1421 1316 ᾖ.
1453 1265 1523 1306 47.

341 1321 635 1372 discedere]
697 1322 787 1359 lloc
819 1323 967 1359 merito
1000 1327 1094 1372 post
1119 1322 1291 1360 Lbinum
1320 1322 1456 1362 Mada.
1481 1334 1692 1359 commen-

226 1376 340 1415 dauit
372 1379 410 1414 in
443 1391 577 1428 progr.
612 1390 652 1428 p.
678 1377 747 1416 27.
780 1379 1019 1428 recepitque
1052 1390 1098 1414 ex
1121 1378 1244 1415 codd.
1268 1378 1506 1416 melioribus
1528 1377 1691 1418 Bakius.

227 1435 496 1472 Domitiorum
551 1433 893 1470 consuetudinem
943 1434 1079 1470 saeete
1118 1434 1157 1470 11.
1201 1432 1229 1470 1.
1279 1433 1443 1471 Tullius
1496 1435 1691 1472 imitatur.

226 1492 326 1529 Nam
360 1490 519 1542 quando
550 1490 600 1527 ad
630 1489 764 1540 legem
801 1489 1053 1527 sciscendam
1085 1489 1261 1541 populus
1293 1491 1333 1527 in
1360 1490 1568 1528 comitium
1593 1500 1694 1526 con-

228 1549 470 1596 uoeabatur,
514 1548 689 1598 primum
733 1546 799 1584 lex
847 1547 1112 1585 recitabatur.
1185 1546 1249 1584 Cf.
1300 1544 1544 1597 Marquardt
1594 1546 1694 1583 Ant.

226 1618 326 1645 rom.
361 1604 405 1644 11.
439 1603 477 1644 3.
509 1617 551 1655 p.
588 1602 665 1653 95,
705 1605 770 1655 qui
812 1608 978 1654 praeter
1008 1602 1112 1640 alios
1144 1601 1283 1640 laudat
1322 1603 1405 1643 Cic.
1435 1601 1529 1641 Phil
1576 1596 1619 1651 Ῑ,
1650 1599 1694 1640 8.

230 1660 294 1703 19.
330 1658 374 1711 Ι,
416 1660 475 1701 10.
509 1659 577 1700 24.
609 1662 713 1711 App.
758 1661 800 1698 B.
838 1659 886 1697 C.
919 1660 959 1709 1,
1008 1659 1066 1699 11.
1137 1661 1225 1708 Quo
1270 1660 1378 1698 sacto
1429 1657 1603 1711 populus
1651 1659 1694 1695 in

225 1719 433 1757 centurias
477 1722 545 1755 aut
584 1718 623 1755 in
666 1718 795 1754 tribus
847 1716 1068 1754 discedere
1119 1717 1253 1754 iussus
1305 1715 1463 1754 tabulas
1517 1715 1692 1767 accepit.

226 1777 315 1824 Quo
350 1776 390 1811 in
424 1787 579 1824 genere
612 1771 932 1811 discedendi
966 1774 1131 1810 uerbum
1155 1772 1380 1823 legitimum
1403 1773 1532 1810 fuisse
1554 1776 1695 1810 auctor

227 1838 291 1870 est
322 1833 412 1870 Asc.
449 1832 546 1869 Ped,
592 1844 665 1882 pro
704 1830 826 1868 Corn.
866 1829 978 1870 Balb.
1018 1843 1056 1881 p.
1088 1830 1155 1870 ΤΟ.
1189 1832 1259 1870 Or.
1301 1828 1422 1883 (llis
1455 1828 1693 1881 peractis

226 1901 333 1927 cum
376 1887 429 1926 id
471 1887 637 1926 solum
681 1891 960 1939 superest,
1002 1891 1054 1924 ut
1092 1885 1322 1938 populus
1361 1887 1691 1925 sententiam

226 1945 396 1995 ferat,
446 1946 597 1983 iubet
639 1956 1060 1994 unumquemque
1098 1945 1171 1993 is,
1222 1945 1307 1994 qui
1354 1943 1522 1994 legem
1569 1942 1693 1991 fert,

227 2001 528 2040 discedere.
590 2002 824 2052 lmperatiui
847 2000 978 2037 fornia
1011 1999 1306 2049 discedite,
1342 2013 1458 2051 quam
1483 2014 1503 2037 a
1527 1999 1693 2038 Dauisio

227 2059 555 2097 commendatam
583 2059 811 2110 proba-runt
834 2057 1024 2095 Mosei-us
1057 2063 1099 2094 et
1123 2057 1323 2107 Orellius,
1356 2058 1398 2095 11.
1423 2056 1450 2095 1.
1482 2069 1558 2095 nec
1590 2066 1694 2107 opus

228 2121 315 2165 est,
351 2117 441 2166 quia
474 2117 574 2152 satis
607 2120 671 2151 est
703 2115 755 2151 de
786 2113 855 2151 illo
890 2114 1146 2150 comitiorum
1180 2126 1294 2150 more
1327 2113 1576 2162 admonere,
1616 2123 1693 2149 nec

227 2171 449 2223 probabilis
482 2175 731 2222 propterea,
763 2171 880 2219 quia,
915 2173 958 2205 ut
990 2181 1087 2205 uere
1120 2168 1257 2206 Mudu.
1293 2169 1419 2217 uidit,
1454 2170 1534 2206 isto
1570 2167 1692 2205 modo

225 2229 433 2280 posterius
473 2228 596 2279 priori
641 2232 845 2276 tanlquam
887 2224 1112 2262 conditioni
1152 2224 1420 2276 praecedenti
1456 2224 1695 2275 adiungitur

226 2286 289 2337 (in
325 2281 447 2324 Verr.
483 2284 611 2334 l,·17.
644 2281 710 2323 415.
745 2283 792 2332 ΙΙ,
825 2281 891 2322 23.
924 2281 991 2321 57.
1025 2282 1135 2318 'l‘usc
1185 2282 1214 2331 Ι,
1254 2281 1315 2321 13.
1347 2279 1439 2334 30.)
1479 2293 1555 2318 nec
1589 2279 1693 2319 'rul-

227 2342 305 2379 lius
338 2342 415 2379 hoc
448 2342 485 2378 in
519 2352 672 2391 genere
705 2338 921 2389 copulandi
952 2336 1152 2389 particula
1180 2339 1321 2388 utitur,
1356 2342 1398 2375 ut
1423 2338 1692 2389 posteriores.

227 2398 290 2438 Cf.
327 2396 511 2449 exempla
545 2411 566 2435 a
597 2396 807 2446 Maduigio
840 2394 990 2432 allata:
1024 2394 1121 2432 Sen.
1148 2394 1291 2446 1994,
1329 2394 1390 2435 16.
1430 2393 1494 2444 13,
1533 2394 1591 2434 15.
1628 2392 1693 2444 16,

227 2454 268 2496 6.
313 2454 390 2504 20,
427 2453 467 2495 6.
501 2453 552 2491 de
591 2453 738 2493 Benef.
776 2449 861 2501 lV,
907 2453 971 2491 113.
1016 2450 1055 2490 3.
1124 2451 1384 2489 peruersitas
1433 2451 1695 2489 coniecturae
1739 2449 1745 2454 ⁶

227 2511 377 2550 disce
410 2524 512 2549 rem
546 2523 568 2548 a
598 2509 807 2562 plerisque
838 2509 1037 2560 probatae
1074 2508 1239 2559 (Steph.
1273 2509 1384 2546 Man.
1414 2508 1514 2546 Ern.
1546 2507 1693 2557 Wagn-

227 2568 355 2607 Goer.
388 2568 506 2615 Sch.)
539 2566 607 2605 uel
636 2566 731 2604 hinc
762 2569 959 2618 apparet,
989 2563 1097 2615 quod
1128 2566 1167 2602 in
1200 2566 1299 2617 ipsis
1331 2565 1533 2613 comitiis,
1576 2567 1694 2601 ante-

228 2637 346 2675 quam
380 2625 419 2662 in
452 2624 644 2675 suffragia
675 2624 831 2673 iretur,
874 2635 953 2660 nec
993 2620 1231 2660 suadendae
1271 2633 1348 2660 nec
1389 2619 1693 2659 dissuadendae

228 2680 309 2734 legi
341 2679 455 2719 loeus
488 2681 580 2719 suit.
1488 2696 1491 2697 ⁷

341 2737 410 2782 17.
465 2737 495 2788 ξ.
525 2736 591 2777 12.
640 2734 730 2775 sed
753 2735 826 2787 ea]
880 2735 969 2774 Non
992 2747 1138 2774 nouam
1164 2733 1363 2786 quandam
1389 2733 1489 2772 haec
1522 2737 1692 2773 senten-

229 2795 326 2833 tiam
360 2796 598 2845 continent,
632 2793 705 2833 sed
735 2793 917 2833 attributi
955 2793 1084 2831 instar
1117 2791 1392 2842 adiunguntur
1424 2789 1692 2843 praecedenti
