1791 3192
653 200 950 236 PRAEFATIO.
1440 201 1538 234 XXV

70 306 119 343 in
153 318 176 342 ιι
189 306 395 343 rbibus.
457 304 541 342 Nec
575 316 741 354 usquam
773 316 848 355 ego
881 306 1159 343 coniecturam
1193 316 1268 341 nec
1300 317 1432 343 meam
1465 319 1542 344 nec

73 372 246 411 alienam
283 374 320 410 in
358 372 572 409 uerborum
604 373 753 409 seriem
786 373 940 423 recepi,
974 373 1068 422 quin
1101 376 1168 410 aut
1191 370 1345 421 mendi,
1378 385 1456 422 quo
1477 375 1542 410 ni-

71 445 246 490 teretur,
279 439 550 492 probabiliter
580 437 779 476 declarari
813 439 926 489 origo
958 444 1118 491 posset,
1153 443 1221 476 aut
1251 440 1307 477 ita
1338 441 1541 491 efflagita-

71 511 212 558 retur,
246 511 290 545 ut
331 506 497 557 quaeuis
531 503 610 543 alia
641 503 944 545 excluderetur.
1007 507 1119 556 Quae
1151 510 1285 544 autem
1318 508 1357 544 in
1390 507 1536 544 horum

70 574 198 613 altero
217 579 307 612 utro
332 585 483 624 genere
508 577 774 611 uersarentur
795 575 1070 624 coniecturae,
1104 587 1172 611 eas
1201 576 1292 612 siue
1318 586 1429 611 meas
1453 574 1543 611 siue

69 642 223 680 alienas
256 642 442 692 recipere
473 653 553 678 non
586 640 791 691 dubitaui3
823 641 945 692 idque
976 641 1116 679 facere
1148 653 1213 677 me
1236 653 1410 678 necesse
1433 647 1537 689 erat,

68 711 145 747 nisi
178 714 246 747 aut
278 709 532 746 coniecturas
564 720 759 760 perquam
795 709 941 748 multas
974 708 1131 760 pridem
1164 713 1355 759 receptas
1388 706 1538 745 uellem

68 775 277 829 expellere
318 781 385 813 aut
422 777 617 813 incertam
652 776 852 826 quandam
887 777 1133 826 dubiamque
1171 778 1285 826 sequi
1322 775 1538 811 rationem.

69 845 168 882 Nam
203 847 354 882 certam
388 842 575 894 profecto
607 844 727 881 istam
761 856 840 880 non
875 855 994 893 esse,
1038 857 1154 894 quam
1199 842 1317 880 multi
1357 844 1540 880 certissi-

69 925 173 950 mam
206 909 471 962 praedicant,
504 909 794 962 prudentiores
839 913 925 950 eius
964 912 1024 948 rei
1058 911 1359 948 existimatores
1394 922 1541 948 conce-

70 978 185 1027 dent,
220 983 261 1015 ut
294 979 550 1015 coniecturas
585 978 632 1014 ab
666 977 755 1016 aliis
781 992 950 1017 assensu
973 978 1257 1030 comprobatas
1276 978 1540 1029 recipiamus,

69 1057 195 1082 nouas
227 1058 316 1082 cum
352 1044 506 1082 alienas
549 1049 631 1081 tum
675 1052 836 1084 nostras
869 1060 887 1083 a
924 1048 1138 1084 uerborum
1182 1049 1374 1082 contextu
1403 1057 1540 1081 remo—

68 1123 250 1160 ueamus,
282 1110 415 1148 donec
448 1125 469 1149 a
498 1111 682 1164 pluribus
715 1114 797 1149 sint
826 1114 1037 1163 probatae.
1099 1114 1228 1161 Quam
1261 1112 1295 1148 si
1326 1112 1441 1161 sequi
1463 1124 1539 1148 uo-

63 1178 231 1216 luissem
281 1179 509 1229 rationem,
559 1175 640 1230 III,
673 1178 740 1219 45.
782 1192 857 1231 pro
898 1181 1128 1217 certissima
1168 1191 1259 1216 mea
1303 1177 1539 1229 Halmiique

67 1247 302 1284 coniectura
324 1258 431 1283 omn
447 1247 458 1283 i
473 1260 494 1283 a
525 1248 710 1284 retinere
731 1246 928 1285 debebam
950 1247 1252 1297 prauissimam,
1281 1259 1384 1296 quae
1407 1246 1538 1284 adhuc

65 1312 229 1364 uulgata
260 1317 350 1362 est,
382 1314 618 1362 comitia3
651 1315 831 1365 itemque
861 1310 943 1364 ΙΙΙ,
975 1312 1044 1353 23.
1080 1326 1154 1365 pro
1179 1315 1410 1351 certissima
1441 1327 1539 1351 con-

62 1381 218 1418 iectura
250 1393 341 1418 mea
376 1383 525 1433 uitup
543 1384 676 1419 erari
709 1387 894 1433 potest
926 1393 1092 1433 prauam
1124 1380 1236 1418 illam
1272 1383 1537 1432 uitupera-

63 1448 216 1498 bilis3
266 1450 449 1500 itemque
486 1446 521 1499 l,
560 1449 623 1490 16.
666 1462 740 1500 pro
784 1450 1000 1487 uerissima
1033 1447 1185 1486 Halmii
1218 1450 1453 1487 coniectura
1493 1449 1538 1486 si

61 1515 166 1555 ullo
199 1518 245 1555 in
277 1530 470 1568 genere
497 1515 831 1568 disputandi,
855 1517 906 1553 in
937 1517 1032 1554 hoc
1060 1517 1162 1554 ista
1189 1516 1446 1568 patefieri
1471 1530 1536 1554 re—

65 1586 205 1636 cipere
238 1585 437 1623 debebam
470 1583 631 1623 sutilem
674 1582 784 1621 illam
826 1583 976 1621 nullo
1020 1585 1069 1621 in
1116 1596 1311 1633 genere
1359 1583 1534 1636 dispu-

65 1652 211 1689 tandi
244 1654 411 1703 magis
444 1653 667 1690 honeste
698 1651 990 1702 patefieri3
1033 1650 1263 1702 multasque
1303 1650 1402 1688 alias
1436 1665 1534 1689 con-

62 1722 242 1758 iecturas
274 1733 435 1772 prauas,
468 1720 601 1758 adhuc
635 1718 836 1770 uulgatas,
869 1719 1065 1771 amplecti
1098 1720 1297 1758 debebam
1333 1732 1407 1770 pro
1441 1732 1533 1756 cer-

62 1789 236 1826 tissimis
279 1787 344 1826 uel
386 1789 489 1825 meis
532 1786 598 1825 uel
638 1786 809 1825 aliorum
848 1788 991 1837 nouis,
1035 1792 1100 1825 aut
1142 1788 1175 1824 si
1210 1785 1358 1824 menda
1390 1790 1533 1824 notare

65 1853 232 1904 uellem,
266 1855 389 1893 talem
426 1855 626 1906 quandam
651 1854 821 1893 efficere
844 1856 1091 1904 orationem,
1124 1867 1225 1905 quae
1248 1855 1418 1891 maxima
1444 1867 1531 1903 eos,

64 1922 130 1970 qui
172 1920 386 1972 legerent,
433 1921 622 1959 afficeret
662 1920 864 1960 molestia.
925 1924 1064 1973 Itaque
1102 1920 1334 1973 probabiles
1368 1920 1532 1971 quidem

65 1988 322 2026 coniecturas
371 2002 569 2040 nusquam
617 1990 806 2040 recipere
854 1989 1057 2038 dubitaui3
1116 1991 1345 2039 ubicunque
1398 1994 1531 2026 autem

64 2053 236 2092 euidens
270 2060 312 2093 et
342 2061 455 2094 certa
485 2057 527 2093 in
554 2060 721 2107 promtu
751 2069 832 2093 non
853 2062 964 2094 esset
987 2059 1204 2108 correctio,
1240 2056 1432 2094 mendum
1466 2070 1531 2094 re-

61 2123 176 2174 liqui.
246 2121 331 2161 Sed
378 2127 421 2161 et
465 2124 722 2162 coniecturas
762 2130 948 2175 receptas
992 2129 1034 2160 et
1072 2125 1222 2162 menda
1268 2124 1408 2163 relicta
1458 2139 1531 2163 suo

61 2190 235 2242 quodam
259 2191 377 2241 signo
399 2191 555 2240 notaui,
579 2194 621 2228 ut
638 2190 771 2242 primo
789 2188 829 2226 id
852 2196 995 2241 posset
1016 2194 1207 2243 cognosci
1229 2193 1441 2246 adspectu,
1461 2207 1529 2231 co-

61 2258 251 2296 dicumne
275 2260 403 2296 oratio
427 2260 632 2297 niteretur
655 2258 916 2307 auctoritate,
949 2273 996 2297 an
1019 2263 1269 2313 coniectura,
1298 2266 1339 2299 et
1361 2260 1527 2299 saluane

59 2325 297 2376 haberetur,
328 2340 377 2364 an
411 2328 634 2378 inquinata.
696 2325 751 2362 Et
782 2327 1040 2366 coniecturas
1075 2329 1237 2379 quidem
1272 2342 1418 2367 corona
1441 2326 1528 2381 (ᾗ),

62 2404 182 2430 cruce
213 2389 286 2446 (ἵ)
319 2393 469 2432 menda
498 2395 538 2430 in
573 2393 787 2430 uerborum
826 2399 1019 2433 contextu
1050 2396 1244 2435 indicaui.
1306 2398 1394 2446 Qua
1416 2410 1460 2433 re
1487 2395 1528 2432 id

61 2459 182 2497 simul
213 2472 302 2498 sum
335 2466 594 2510 consecutus,
627 2464 669 2497 ut
701 2461 832 2511 quiuis
872 2462 1024 2501 codicis
1051 2465 1265 2516 archetypi
1294 2465 1442 2503 faciem
1466 2464 1529 2502 fa-

59 2524 138 2564 cile
167 2532 312 2578 posset
343 2529 494 2567 intueri
526 2540 626 2577 nee,
667 2529 1007 2578 quemadmodum
1050 2531 1197 2570 Bakius
1242 2532 1343 2570 fecit
1376 2532 1529 2571 codicis

61 2593 173 2632 arch.
205 2595 450 2646 scripturam
485 2595 860 2648 redintegraturus,
901 2598 1169 2651 deprauarem
1203 2603 1428 2639 orationem
1463 2601 1526 2638 uel

62 2661 111 2698 iis
143 2659 264 2711 locis,
300 2665 365 2713 qui
407 2662 566 2715 pridem
608 2676 627 2699 a
662 2664 758 2701 uiris
797 2664 930 2704 doctis
970 2672 1084 2706 recte
1117 2674 1255 2707 essent
1296 2669 1526 2712 emendam

59 2739 137 2766 nec
168 2741 248 2766 non
278 2730 356 2769 hoc
387 2731 493 2779 caui,
524 2742 577 2767 ne
612 2731 847 2770 coniectura
877 2740 1044 2787 recepta
1070 2734 1260 2786 legentes
1291 2738 1333 2774 in
1368 2737 1526 2787 opinio-

60 2804 153 2830 nem
189 2794 426 2848 adduceret,
460 2802 503 2835 ut
534 2798 743 2836 codicibus
775 2812 861 2838 eam
897 2804 971 2840 niti
995 2806 1280 2842 existimarent
1312 2803 1529 2852 facileque,

1292 2887 1314 2907 ἡ..
