1781 3192
408 204 563 242 umen
603 202 908 245 SECUNDFS.
962 202 1062 240 Car.
1099 201 1178 240 vu.
1444 198 1527 235 1713)

180 319 213 367 Q.
252 317 311 357 17.
375 317 488 365 hoc}
551 315 812 352 l‘ronominis
837 313 1021 363 delendi,
1054 313 1092 351 id
1127 312 1232 363 quod
1268 323 1343 348 nce
1368 308 1524 346 (lm-llio

68 373 280 424 displicuit
312 387 387 410 nec
421 372 558 421 natio,
588 384 661 419 ego
692 384 850 407 causam
886 369 1036 407 nullam
1075 369 1210 407 uideo.

184 443 232 477 in
268 441 363 477 hoc
395 438 517 477 adm.
562 436 679 487 det]
748 435 1026 474 Delectari
1071 439 1109 474 in
1152 450 1205 474 re
1243 435 1387 471 “irero
1429 431 1529 469 dicit

71 498 194 534 etad
229 497 324 532 Fam
372 495 437 543 w,
471 494 506 533 4.
539 493 575 533 4.
613 494 679 538 (in
721 493 810 529 liar
843 494 986 530 inani
1023 493 1341 543 prudentia(¹
1373 487 1527 525 laude

70 552 337 593 delector)
380 556 421 586 et
460 551 511 587 de
554 551 644 587 Fin.
680 545 714 597 Ι,
752 547 917 587 11..'3.Q.
961 548 1127 594 (illum
1163 551 1208 586 in
1244 548 1336 584 hac
1369 547 1528 582 iuter-

72 605 447 655 rogatiuncula
482 619 598 643 esse
630 604 976 651 delectatum)
1011 619 1088 642 non
1123 617 1301 651 causam,
1333 615 1406 650 qua
1441 601 1529 650 quis

69 663 322 709 delectetur,
369 661 439 698 sed
483 676 565 699 rem
613 662 874 709 significans,
919 663 954 697 in
999 676 1072 711 qua
1106 662 1254 698 existat
1286 658 1530 702 ‹lelcctati03

71 718 327 766 eundemque
361 718 397 753 in
431 718 590 754 modum
625 730 765 767 praep.
800 719 844 754 in
879 731 964 754 cum
1000 717 1090 754 aliis
1124 717 1258 754 uerbis
1282 712 1530 763 adiungitur,

69 780 151 811 tum
195 773 434 810 laetandi
476 774 588 823 (Cic.
631 772 737 810 Phil.
783 774 856 821 xl,
899 772 921 812 -i
975 772 1062 823 9,),
1104 769 1372 822 gloriandi
1413 769 1530 821 (Nat.

71 832 188 867 l'eor.
225 828 290 876 ΙΙΙ,
324 828 389 868 36.
423 828 534 882 δί),
569 829 625 867 ad
642 829 856 866 mirandi
889 827 965 881 (de
998 831 1068 866 ()r.
1108 827 1139 877 Ι,
1179 828 1239 867 ΙΙ.
1272 824 1375 879 47).

180 895 465 945 dissimile]
531 895 723 934 Uoculam
759 902 867 945 est,
903 911 922 933 a
963 896 1102 947 Stephv
1148 897 1224 932 iam
1265 892 1534 945 praetermis·

70 965 170 1000 saun,
204 953 252 988 ob
288 953 481 989 maiorem
526 951 646 992 codd.
687 954 977 991 auctoritatem
1019 953 1164 990 merito
1204 950 1346 1000 Gzius,
1389 948 1533 999 reliqui

68 1006 274 1045 delerunt.

180 1072 326 1111 uelle
368 1074 625 1123 sortasse]
706 1074 823 1123 Quod
858 1079 952 1114 ante
995 1076 1160 1113 Bakium
1215 1073 1420 1123 uulgatum
1470 1076 1534 1108 est

67 1128 266 1169 uellem
309 1129 548 1167 fortasse
589 1143 666 1167 nec
707 1144 782 1181 per
824 1144 869 1168 se
908 1136 1042 1181 aptum
1086 1137 1150 1169 est
1182 1136 1223 1168 et
1253 1131 1398 1167 nititur
1426 1127 1532 1165 dett.

69 1191 223 1225 tantum
257 1184 381 1224 codd.
407 1186 663 1224 auctoritate.
725 1187 879 1224 Merito
904 1200 948 1225 ex
971 1186 1210 1225 melioribus
1240 1185 1356 1224 codd.
1386 1184 1532 1222 Bakius

69 1241 206 1281 uelle
238 1243 411 1293 recepit,
447 1246 489 1278 ut
511 1243 704 1279 notiones
738 1244 944 1281 imitari
981 1248 1024 1281 ct
1056 1242 1199 1281 uelle
1229 1241 1431 1280 imitari
1455 1240 1532 1277 sibi

66 1302 324 1350 opponantur
364 1305 485 1348 atque
531 1298 633 1335 haec
677 1303 878 1336 correctio
918 1300 972 1337 sit
1015 1301 1127 1337 uerbi
1161 1299 1385 1345 imitari3
1419 1297 1532 1333 cuius

68 1355 229 1407 plenam
262 1355 509 1392 sententiam
545 1354 693 1392 Bakius
718 1360 827 1392 recte
854 1357 911 1393 sic
937 1355 1145 1393 reddidit:
1178 1354 1322 1404 „uelle
1356 1354 1533 1391 sortasse

69 1411 233 1458 uidem-3
266 1423 358 1447 nam
381 1423 460 1447 non
486 1411 702 1459 possum“.
764 1407 879 1448 Idem
907 1414 1092 1462 apposite
1119 1410 1369 1449 simillimum
1397 1421 1535 1446 exem-

66 1467 174 1519 plum
219 1467 296 1502 hoc
338 1465 520 1502 laudauit
561 1465 611 1503 de
651 1467 744 1505 Fin.
779 1463 837 1515 ll,
871 1466 939 1507 24.
971 1468 1035 1507 Ῐδ.
1081 1474 1133 1505 et
1172 1467 1380 1517 quidem
1421 1478 1534 1516 pro-

67 1524 206 1571 dest,
240 1522 435 1571 inquit,
468 1521 593 1558 mihi
629 1535 685 1560 eo
718 1535 841 1560 esse
872 1524 1331 1563 ani1uo.-—11n1u0
1362 1520 1534 1560 uideri

69 1580 321 1617 fortasse.

179 1632 340 1682 istas]
402 1631 553 1670 Bakius
589 1639 745 1671 temere
778 1636 959 1672 coniecit
989 1636 1150 1686 ipsas.
1213 1631 1354 1673 Istae
1384 1633 1535 1685 leges

67 1695 163 1728 sunt
193 1688 323 1739 leges,
359 1701 458 1738 quas
492 1694 532 1725 te
565 1689 752 1726 (laturum
800 1704 893 1728 esse
932 1692 1012 1728 iam
1055 1692 1313 1742 significasti.
1376 1688 1535 1741 Impro-

67 1749 177 1786 bauit
199 1744 307 1782 haud
332 1745 455 1781 dubie
483 1745 650 1795 Bakius,
686 1747 777 1795 quia
804 1748 926 1785 uerba
958 1749 1092 1785 istas
1114 1747 1269 1797 leges
1303 1749 1533 1785 arctissime

67 1806 286 1842 coniuncta
318 1801 478 1850 putauit
511 1814 598 1838 cum
624 1802 761 1839 uerbis
793 1802 851 1840 de
888 1802 1181 1853 religione,
1214 1818 1291 1842 nec
1317 1804 1416 1841 haec
1441 1817 1535 1854 per-

67 1862 203 1898 tinere
235 1855 444 1895 intellexit
468 1856 519 1894 ad
547 1858 805 1896 coniunctam
838 1860 975 1898 istas
1006 1859 1154 1912 leges
1186 1858 1530 1912 expromendi

67 1917 293 1953 notionem.

182 1981 216 2030 Q.
258 1982 316 2019 18.
378 1986 429 2019 et
470 1980 723 2031 quoniam
764 1986 814 2019 et
852 1981 944 2021 loc.
981 1990 1032 2022 et
1073 1997 1244 2022 sermo
1283 1983 1396 2020 sam.
1430 1982 1533 2031 est]

72 2036 180 2074 Male
223 2040 265 2073 et
296 2036 361 2074 alii
394 2037 495 2075 haec
528 2039 856 2087 interpretantur
883 2040 1076 2085 (Rathius
1108 2043 1230 2078 etiam
1259 2041 1533 2077 coniecturam

70 2093 246 2130 tentauit
285 2093 376 2131 sed
421 2105 722 2143 quamquam
765 2099 867 2137 cet.)
901 2100 943 2132 et
973 2098 1061 2146 ipse
1095 2097 1259 2145 Bakius,
1305 2097 1370 2145 qui
1401 2094 1533 2131 locum

67 2149 119 2186 de
160 2147 360 2198 religionc
417 2149 497 2186 diei
547 2151 785 2186 existimans
832 2150 937 2189 hanc
982 2152 1046 2189 his
1100 2154 1237 2190 uerbis
1287 2153 1533 2189 sententiam

67 2206 254 2243 subiicit:
307 2207 531 2255 „quoniam
576 2210 617 2243 et
656 2204 770 2242 locus
812 2211 854 2244 et
895 2220 1030 2245 sermo
1074 2209 1189 2246 nobis
1229 2210 1414 2257 cognitus
1457 2214 1535 2255 est,

68 2265 290 2314 propterea
323 2263 471 2313 fingam
503 2260 618 2312 leges
652 2274 701 2298 ea
730 2262 859 2300 forma
890 2277 1023 2314 eoque
1068 2277 1285 2313 sermone,
1328 2278 1405 2314 quo
1437 2276 1535 2314 pro-

67 2319 164 2369 poni
206 2316 389 2357 solent“.
451 2319 507 2355 At
545 2331 718 2355 sermo
761 2318 1052 2358 familiaris
1097 2327 1161 2359 est
1201 2334 1361 2368 sermo,
1404 2320 1534 2370 qualis

69 2375 210 2411 haberi
244 2372 353 2411 solet
382 2375 493 2410 inter
524 2373 779 2422 familiare83
817 2373 964 2414 locus
1014 2382 1148 2414 autem
1181 2376 1469 2414 familiaris
1502 2377 1535 2411 is

68 2435 150 2481 est,
192 2430 259 2479 qui
299 2433 366 2467 est
405 2428 601 2468 familiae.
671 2431 873 2478 Quoniam
926 2433 1053 2484 igitur
1089 2439 1131 2471 et
1166 2432 1281 2471 locus
1322 2438 1364 2470 et
1401 2445 1536 2470 sermo

68 2484 284 2524 familiaris
316 2489 381 2522 est
413 2498 488 2523 nec
520 2487 578 2522 ita
610 2486 711 2524 llaec
745 2487 932 2538 disserit,
975 2491 1089 2539 ‹pias-i
1130 2489 1180 2526 ad
1210 2490 1390 2527 omnium
1422 2501 1533 2526 usum

69 2544 150 2580 sint
190 2541 397 2579 destinata
435 2563 489 2569 —-
528 2555 604 2591 quo
649 2543 686 2578 in
730 2556 883 2593 genere
923 2545 1057 2594 putidi
1098 2546 1253 2596 aliquid
1288 2550 1330 2582 et
1362 2543 1533 2595 quaesiti

68 2598 177 2636 istud
206 2598 358 2635 habere
390 2599 522 2647 possit
559 2599 689 2635 uideri
721 2622 797 2648 —‚
833 2602 969 2638 uerbis
1011 2615 1057 2639 se
1096 2615 1257 2640 usurum
1301 2614 1393 2639 esse
1434 2600 1537 2637 dicit

70 2654 212 2705 paullo
246 2656 558 2703 antiquioribus,
591 2655 734 2704 quibus
767 2655 881 2706 leges
915 2657 1002 2694 fere
1031 2660 1205 2709 proponi
1238 2657 1414 2696 soleant.

183 2720 352 2771 legum
390 2722 534 2771 leges
569 2723 712 2772 uoce]
774 2724 840 2761 Cf.
883 2737 983 2775 quae
1027 2726 1079 2764 de
1110 2727 1188 2765 hoc
1222 2726 1435 2764 uerborum
1470 2736 1537 2759 or-

76 2775 169 2813 dine
202 2777 282 2814 dixi
319 2775 371 2818 ΙΙ.
408 2779 438 2828 Q.
473 2778 508 2818 9.
