1791 3192
685 183 980 216 PRAEFA'PIO.
1543 179 1565 207 Υ

100 305 121 329 a
154 291 364 338 Manutio,
399 287 616 335 Lambino,
651 286 855 335 Grutero,
889 290 931 323 et
960 287 1016 322 ita
1049 295 1191 322 manca
1229 286 1347 331 suut,
1381 286 1423 319 ut
1462 278 1562 318 nihil

95 370 227 409 paene
262 356 479 394 uideantur
510 354 700 391 habitura
733 353 947 401 utilitatis,
990 365 1066 389 nec
1109 361 1276 401 usquam
1320 348 1409 387 fere
1442 362 1464 386 a
1493 362 1563 387 co-

97 424 254 462 dicibus
296 423 496 461 recedunt
534 422 759 458 accuratius
806 421 988 457 excussis
1018 418 1078 472 ἲἢ).
1151 419 1237 456 Nec
1267 429 1362 453 uero
1405 416 1563 453 discre-

95 493 256 544 pantias
295 489 609 529 commemoraui
645 500 693 525 ex
733 487 855 525 editt.
891 492 994 526 uett.
1026 489 1266 536 excerptas,
1300 484 1391 534 quia
1421 496 1564 521 omnes

97 572 144 597 ex
176 560 235 596 eis
267 557 473 596 codicibus
507 556 674 593 fluxisse
707 560 860 593 certum
896 560 977 605 est,
1011 566 1179 605 quorum
1219 553 1453 590 etiamnunc
1487 564 1563 589 no-

95 626 157 664 bis
200 637 295 662 usus
334 635 554 662 concessus
605 628 688 671 est3
734 637 813 661 nec
857 637 925 661 eas
965 626 1033 660 aut
1072 620 1262 658 utilitatis
1309 624 1377 657 aut
1418 620 1563 659 iucun-

95 691 237 731 ditatis
289 690 443 742 aliquid
490 692 698 729 habituras
750 693 948 742 cognoui,
997 690 1076 726 nisi
1129 690 1188 726 eis
1241 692 1399 737 textus,
1444 700 1563 738 quem

95 764 264 810 uocant,
328 760 441 810 quasi
496 758 693 809 quaedam
741 760 914 797 historia
965 757 1260 795 contineretur.
1328 756 1445 793 Hanc
1486 768 1559 792 au—

92 831 198 877 tem,
232 840 321 865 cum
353 828 529 864 maxime
563 825 739 877 uellem,
783 832 1005 864 contexere
1047 837 1127 862 non
1164 824 1304 876 potui,
1350 836 1440 860 cum
1480 835 1563 860 non

91 906 232 932 omnes
272 894 323 932 ad
365 907 525 932 manum
568 899 710 932 essent
753 893 982 943 editiones,
1026 906 1123 943 quas
1166 893 1206 929 in
1239 889 1476 930 adornanda
1507 902 1556 928 ea

92 963 270 1013 spectari
312 963 543 1013 oportebat.
606 962 817 999 Diuersam
857 963 1057 999 rationem
1088 962 1140 998 ibi
1180 963 1340 997 tantum
1371 971 1459 996 sum
1493 970 1561 996 se-

90 1032 229 1078 cutus,
273 1030 339 1066 ubi
383 1030 756 1067 coniecturam
799 1042 820 1065 a
851 1040 917 1065 me
958 1032 1167 1078 receptam
1202 1028 1279 1063 iam
1312 1028 1351 1064 in
1385 1026 1560 1076 antiquis

90 1092 340 1132 editionibus
373 1095 457 1132 uidi
492 1108 739 1146 expressam.

204 1161 245 1198 ln
287 1162 429 1199 critica
470 1166 606 1200 autem
646 1168 735 1200 arte
776 1162 1000 1200 factitautla
1044 1174 1133 1199 cum
1185 1164 1353 1213 praeter
1393 1159 1558 1198 codices

87 1228 153 1268 uel
184 1229 359 1266 maxime
392 1234 433 1267 et
456 1232 754 1268 sententiarum
780 1242 925 1267 nexum
952 1234 1071 1278 atque
1094 1240 1374 1278 progressum,
1410 1232 1452 1265 et
1477 1229 1559 1266 ιιίηι

80 1295 341 1345 formamque
381 1297 577 1334 orationis
622 1301 834 1348 oporteret
874 1296 1050 1347 spectari
1094 1306 1170 1332 nec
1211 1296 1374 1332 omnino
1418 1308 1560 1334 carere

88 1375 253 1415 possem
288 1364 655 1415 interpretatione:
699 1362 862 1415 plenam
905 1369 948 1401 et
987 1364 1201 1401 uerborum
1245 1366 1287 1399 et
1316 1375 1452 1400 rerum
1485 1363 1559 1400 ad-

83 1432 195 1469 iunxi
222 1431 626 1482 interpretationem,
662 1433 719 1470 ita
751 1436 904 1481 tamen,
941 1437 985 1469 ut
1016 1433 1209 1469 breuitati
1244 1442 1361 1482 quam
1385 1432 1559 1468 maxime

85 1497 297 1537 studerem
338 1506 380 1537 et
417 1501 473 1538 ibi
514 1504 672 1538 tantum
713 1498 898 1551 pluribus
940 1512 1006 1537 res
1048 1511 1347 1550 persequerer,
1389 1501 1454 1537 ubi
1489 1506 1558 1537 aut

85 1563 217 1603 salsae
239 1566 494 1617 superiorum
523 1569 795 1619 interpretum
820 1567 1035 1618 opiniones
1067 1569 1302 1605 etiamnunc
1327 1566 1466 1605 multis
1488 1575 1557 1606 aut

85 1633 270 1670 omnibus
291 1634 487 1683 probatae
509 1634 752 1673 refutandae
774 1639 905 1685 erant,
938 1639 1007 1673 aut
1029 1648 1095 1672 res
1119 1636 1173 1672 ita
1201 1635 1398 1672 obscurae
1422 1642 1554 1684 erant,

85 1704 130 1738 ut
157 1701 299 1751 paucis
331 1702 469 1739 uerbis
501 1715 580 1739 non
612 1708 783 1753 possent
813 1703 1034 1754 profligari.

193 1766 236 1803 ln
270 1780 346 1817 quo
378 1769 411 1805 si
443 1769 505 1806 cui
539 1766 694 1807 leuiora
732 1776 774 1808 et
804 1773 964 1810 notiora
997 1771 1175 1809 admixta
1205 1770 1404 1822 quaedam
1437 1769 1555 1808 uide-

83 1835 249 1884 buntur,
282 1835 316 1872 is
349 1840 556 1873 memento
590 1835 717 1874 multa
747 1839 787 1875 in
820 1839 882 1877 his
907 1853 927 1877 a
951 1840 1230 1891 superioribus
1253 1851 1346 1876 esse
1367 1844 1553 1890 peccata,

82 1913 185 1951 quae
215 1914 268 1939 ne
298 1903 454 1940 incerta
478 1903 675 1953 quaedam
700 1904 917 1955 reliquisse
947 1907 1196 1957 uideremur,
1230 1906 1398 1945 silentio
1431 1920 1553 1959 prae-

83 1970 198 2007 teriri
240 1983 319 2007 non
359 1975 600 2021 potuerunt.
673 1971 771 2009 Cum
818 1978 953 2010 autem
1003 1972 1054 2010 ad
1104 1973 1359 2011 subtiliorem
1404 1975 1550 2012 horum

30 2065 32 2068 ψ
81 2035 280 2074 librorum
305 2038 581 2087 cognitionem
610 2037 777 2076 multum
812 2039 946 2079 ualeat
977 2039 1227 2090 intelligere,
1261 2045 1302 2078 et
1335 2054 1413 2092 quo
1445 2048 1551 2079 tem-

78 2116 178 2155 pore
210 2105 351 2156 scripti
393 2105 475 2142 sint
502 2103 623 2154 libri,
664 2112 705 2142 et
737 2120 836 2157 quos
869 2110 1126 2159 potissimum
1159 2114 1348 2146 auctores
1384 2114 1550 2147 secutus

79 2171 132 2208 sit
175 2174 377 2222 scriptor:
417 2185 468 2210 ne
508 2173 582 2210 has
624 2173 787 2223 quidem
831 2178 1120 2227 quaestiones,
1161 2192 1181 2215 a
1226 2176 1367 2215 multis
1409 2182 1550 2215 nostra

78 2242 213 2276 aetate
259 2240 456 2290 agitatas,
502 2243 895 2291 praetermittendas
934 2248 1090 2295 putaui.
1160 2247 1345 2297 Denique
1386 2251 1429 2284 ut
1468 2260 1547 2284 uno

76 2307 116 2343 in
175 2310 399 2358 conspectu
454 2320 521 2346 res
584 2322 725 2347 omnes
788 2319 1074 2364 ponerentur,
1144 2327 1246 2365 quae
1306 2315 1370 2352 his
1428 2313 1545 2352 libris

79 2371 405 2425 explicarentur,
476 2376 730 2428 singulorum
792 2379 992 2419 librorum
1041 2386 1283 2433 argumenta
1340 2384 1544 2420 enarraui.

76 2442 189 2490 Quae
243 2454 334 2479 mea
394 2456 516 2495 opera
565 2459 660 2484 num
714 2447 779 2485 his
838 2447 955 2488 libris
1009 2449 1077 2488 uel
1123 2449 1228 2489 lucis
1282 2451 1349 2489 uel
1400 2449 1545 2490 salutis

77 2507 228 2559 aliquid
269 2508 478 2561 attulerit,
519 2511 586 2550 alii
626 2514 884 2566 iudicabunt3
926 2517 1180 2559 uoluntatem
1220 2519 1321 2558 mihi
1354 2531 1434 2557 non
1469 2518 1544 2557 de-

73 2575 201 2614 fuisse
231 2579 445 2629 profiteor.

159 2700 186 2739 ⁸)
211 2700 269 2733 Ab
284 2701 352 2735 hac
368 2703 506 2736 ratione
523 2703 572 2735 ita
598 2706 734 2738 tantum
753 2707 903 2748 decessi,
933 2715 982 2748 ut,
1009 2710 1039 2743 si
1060 2711 1202 2753 quaudo
1228 2711 1317 2744 utile
1343 2711 1538 2749 uideretur,

76 2755 369 2792 Gruterianorum
405 2760 569 2793 codicum
607 2760 883 2805 discrepantiam
919 2766 954 2799 in
980 2768 1115 2801 Mosei-i
1140 2768 1296 2802 editione
1323 2769 1538 2811 descriptam

72 2823 411 2859 commenmrarmn3
438 2829 519 2852 nam
547 2818 626 2862 ipsa
653 2820 868 2858 Grutcriana
892 2824 1047 2859 editione
1073 2826 1125 2861 uti
1151 2826 1241 2860 mihi
1267 2837 1335 2860 non
1361 2826 1470 2860 licuit(
