1781 3192
241 173 328 212 179.
808 171 880 211 DE
910 171 1141 212 LEGIBUS

246 286 482 325 sentiuntur
510 280 659 333 reliqui
679 280 727 336 ἦε)
758 281 880 321 foeda
910 283 991 321 ista
1022 285 1390 334 interpretamenta
1431 296 1523 322 esse
1561 283 1704 335 expel-

245 341 370 380 lenda
418 338 483 392 (ιι.
527 339 657 389 praef.
696 352 739 390 p.
780 335 923 390 XVI.)
996 341 1150 388 Quibus
1206 338 1389 390 expulsis
1438 351 1518 376 non
1567 344 1704 378 tamen

247 401 364 437 recte
396 397 456 432 sic
487 394 679 432 uidentur
707 395 788 432 ista
810 395 1097 432 constituisse:
1129 395 1318 444 quodsi
1341 394 1462 444 sing.
1486 396 1703 444 nomina,

247 454 575 501 Uicaepotae
620 451 801 500 potius
853 454 1011 500 atque
1055 451 1238 488 Statae
1282 455 1363 487 cet.
1413 462 1468 489 sc.
1518 450 1708 498 fingenda

248 512 343 546 sunt
373 508 564 555 nomina,
607 518 687 543 non
729 505 1033 555 fingantur,
1077 505 1183 556 quod
1214 506 1364 542 Bakius
1403 505 1532 543 audiri
1565 504 1706 542 uoluit.

247 563 355 602 Mihi
407 566 523 600 certe
573 574 738 612 semper
785 560 899 599 istud
949 561 1162 612 displicuit
1212 560 1567 612 supplementum3
1616 573 1706 597 nam

249 631 390 657 eorum
428 618 636 666 locorum,
687 618 726 654 in
771 618 914 667 quibus
958 617 1227 655 secundariae
1267 620 1502 654 sententiae
1541 617 1708 654 uerbum

248 674 411 714 auditur
440 675 481 711 in
514 674 722 724 primaria,
752 672 829 710 alia
861 678 924 711 est
957 675 1074 722 ratio,
1120 677 1163 710 ut
1192 674 1276 710 Cic.
1310 672 1416 712 Phil.
1450 673 1500 721 11,
1537 671 1606 712 25.
1639 671 1706 711 61.

249 733 295 770 si
338 737 391 767 te
440 730 849 779 municipiorum
902 741 1000 765 non
1047 728 1310 780 pudebat,
1356 742 1415 766 ne
1463 727 1710 765 ueterani

252 785 461 838 quidem
495 787 780 823 exercitus.
841 785 972 834 Atque
1002 786 1135 835 ipsum
1170 784 1261 821 cod.
1294 784 1405 822 arch.
1439 783 1628 821 mendum
1663 785 1713 819 et

248 843 430 894 potius
480 839 547 878 nel
596 841 813 891 epotius
862 840 1102 877 Ciceronem
1153 841 1254 877 haec
1301 841 1519 890 scripsisse
1559 839 1710 888 arguit:

250 899 574 948 Uicaepotae
606 901 687 934 est
717 896 900 947 potius
942 909 1000 933 sc.
1041 895 1275 945 lingendum
1314 908 1478 933 nomen.
1540 895 1711 932 lNomina

249 954 581 1004 Uicaepotae
615 956 737 1001 atque
768 952 953 990 Statae
984 951 1145 989 leuiore
1177 950 1248 989 illa
1286 951 1429 989 uocula
1469 950 1713 1001 interposita

251 1022 328 1047 nec
359 1010 398 1046 ui
429 1019 500 1047 sua
529 1012 732 1045 exuuntur
761 1019 839 1045 nec
871 1005 929 1044 ei?
952 1009 1073 1045 trium
1099 1007 1287 1045 ordinum
1309 1020 1480 1045 numero
1497 1004 1712 1059 (Uicae-

249 1069 407 1118 potae
437 1068 489 1102 et
520 1063 700 1102 Statae
731 1085 786 1091 —
818 1063 1045 1101 Statoris
1077 1068 1119 1100 et
1152 1064 1347 1101 lnuicti
1376 1063 1523 1100 Jouis
1551 1085 1606 1090 —
1633 1061 1714 1099 Sa-

251 1121 413 1170 lutis,
445 1121 696 1168 Honoris,
729 1120 879 1169 Opis,
909 1116 1215 1171 Uictoriae)
1249 1121 1495 1157 eximuntur.
1565 1118 1714 1155 Uicae-

252 1181 377 1229 potae
416 1175 559 1214 aedem
601 1176 691 1213 Liu.
723 1175 772 1224 ll,
810 1175 847 1213 7.
887 1176 1030 1212 scribit
1071 1176 1109 1212 in
1143 1176 1281 1212 infimo
1315 1173 1460 1212 Ueliae
1491 1173 1597 1211 cliuo
1629 1171 1715 1210 col-

251 1233 430 1271 locatam
472 1232 628 1279 suisse3
670 1232 838 1271 Statae,
876 1230 1110 1268 'mulacrum
1153 1231 1282 1267 fuisse
1324 1232 1363 1267 in
1407 1231 1495 1267 soro
1535 1230 1649 1267 Fest.
1684 1240 1714 1265 s,

252 1290 295 1327 h.
328 1303 368 1328 u.
402 1288 545 1327 tradit.
607 1288 668 1325 De
697 1288 800 1324 Jone
883 1292 995 1323 atore
1026 1292 1068 1323 et
1092 1286 1249 1324 lnuicto
1281 1286 1450 1324 laudant
1474 1287 1574 1335 Aug.
1601 1285 1632 1322 C
1668 1285 1716 1321 D.

254 1345 349 1394 Vll,
387 1344 453 1391 12.
486 1344 577 1380 Liu.
611 1342 655 1394 1,
690 1342 755 1383 12.
795 1342 891 1381 Sen.
933 1342 985 1380 de
1022 1343 1125 1382 Ben.
1168 1343 1245 1392 IV,
1287 1342 1327 1382 7.
1368 1344 1445 1381 Ou.
1485 1343 1598 1381 Fast.
1639 1340 1718 1390 lv,

253 1400 352 1441 621.
386 1399 454 1448 Vl,
485 1398 583 1439 650.
756 1412 759 1414 ·

370 1453 579 1493 Salutis
618 1454 721 1504 cet.]
792 1453 944 1490 Harum
997 1453 1175 1490 omnium
1218 1464 1353 1491 rerum
1397 1452 1718 1504 expetendarum

254 1515 412 1552 Romae
443 1508 599 1560 templa
631 1514 760 1549 erant.
811 1509 876 1546 Cf.
910 1509 996 1546 Cic.
1028 1510 1079 1547 N.
1106 1510 1154 1547 D.
1180 1505 1237 1558 ΙΙ,
1260 1509 1326 1548 23.
1353 1509 1420 1549 61.
1481 1510 1540 1547 De
1564 1507 1720 1558 Salute,

258 1570 372 1607 cuius
405 1569 445 1605 in
480 1566 587 1604 colle
619 1564 819 1614 Quirinali
853 1564 1085 1603 dedicatum
1121 1564 1320 1616 templum
1353 1569 1456 1614 erat,
1492 1565 1585 1603 uide
1613 1563 1721 1602 I’lin.

256 1626 311 1664 H.
344 1624 394 1662 N.
428 1622 596 1672 XXXV,
627 1621 668 1662 4.
700 1623 808 1660 Mac.
842 1622 928 1658 Sat.
964 1618 998 1669 l,
1042 1621 1104 1662 16.
1144 1622 1258 1669 init.;
1303 1622 1355 1659 de
1397 1622 1486 1673 Ope
1528 1621 1643 1658 Varr.
1675 1621 1721 1659 L.

259 1681 308 1720 L.
342 1680 394 1719 V.
427 1680 462 1730 ᾧ.
484 1679 553 1719 57.
579 1677 648 1719 64.
673 1676 739 1718 74.
763 1678 827 1716 ed.
851 1675 995 1715 Muell.
1022 1678 1149 1716 Macr.
1181 1677 1266 1715 Sat.
1293 1674 1328 1726 I,
1359 1676 1430 1725 103
1464 1677 1516 1714 de
1538 1678 1722 1724 Honore,

260 1738 373 1775 cuius
416 1735 540 1773 aedes
585 1739 696 1772 extra
733 1738 891 1785 portam
925 1732 1124 1770 Collinam
1159 1737 1269 1782 erat,
1312 1733 1397 1771 Liu.
1432 1733 1518 1782 Vll,
1563 1733 1637 1780 25;
1671 1731 1723 1768 de

256 1793 477 1841 Uictoria,
529 1793 644 1829 cuius
688 1792 728 1828 in
778 1789 930 1841 palatio
973 1789 1172 1840 templum
1213 1794 1334 1838 erat,
1382 1790 1470 1828 Liu.
1515 1789 1610 1837 λλ,
1658 1787 1722 1827 33.

255 1847 404 1897 xxix,
438 1846 504 1887 14.

378 1902 760 1952 Quoniamque]
822 1900 903 1938 Pro
928 1900 1004 1938 hac
1028 1901 1245 1938 uerissima
1267 1899 1451 1938 Turnebi
1478 1901 1726 1949 coniectura,

264 1973 369 2011 quae
409 1961 555 1997 nititur
597 1957 719 1996 codd.
764 1956 1027 2006 melioribus,
1066 1957 1251 2007 ignorata
1297 1955 1482 1993 codicum
1529 1955 1727 2005 dignitate

260 2015 447 2055 Handius
473 2016 599 2054 Turs.
631 2011 709 2052 III.
733 2027 773 2064 p.
798 2012 893 2054 521.
923 2011 1031 2050 male
1054 2013 1265 2050 substituit
1288 2024 1416 2062 quan
1433 2010 1726 2062 doquidfflil,

262 2073 390 2111 Gzius
416 2077 467 2110 et
493 2067 936 2122 qnandoquidem,
961 2070 1177 2119 Zumptius
1202 2069 1553 2118 quoniamque
1578 2069 1727 2115 item3

261 2131 303 2166 in
334 2142 411 2178 qua
442 2130 680 2165 coniectura
710 2127 841 2162 item
872 2136 951 2161 non
985 2124 1123 2173 habet,
1157 2137 1235 2173 quo
1275 2124 1492 2160 referatur.
1554 2124 1613 2160 De
1645 2123 1728 2174 Spe

265 2198 300 2224 u.
342 2185 429 2222 Cic.
470 2184 518 2221 N.
554 2183 602 2219 D.
636 2178 693 2230 II,
735 2179 805 2220 23.
847 2177 914 2218 61.
944 2180 1032 2217 Liu.
1067 2176 1123 2229 ll,
1157 2180 1225 2219 51.
1269 2179 1374 2228 XXI,
1407 2179 1477 2218 (52.
1510 2179 1657 2229 XXIV,
1690 2179 1753 2218 7..

266 2242 468 2290 Fortuna,
507 2240 619 2275 cuins
659 2235 776 2288 plura
818 2236 975 2274 Romae
1019 2235 1174 2287 templa
1215 2240 1332 2273 erant
1374 2236 1490 2282 (Tac.
1521 2236 1628 2273 Ann.
1660 2235 1728 2284 ΙΙΙ,

267 2297 366 2346 71),
400 2300 442 2333 et
472 2295 537 2332 his
570 2298 612 2331 et
643 2292 732 2330 aliis
764 2293 1074 2342 cognominibus
1100 2290 1322 2330 colebatur.
1377 2291 1440 2329 Cf.
1464 2292 1652 2342 Ilartung
1671 2287 1730 2341 Il,

265 2367 305 2405 p.
335 2351 430 2393 237.
463 2349 643 2390 Orellius
676 2349 876 2386 Brissonii
909 2350 1014 2385 coni.
1046 2349 1191 2398 probat
1222 2348 1497 2398 huiusque.

381 2420 557 2447 comes
588 2405 708 2455 tum]
768 2406 858 2442 Non
890 2405 1032 2455 inepte
1065 2403 1300 2453 quibusdam
1336 2403 1401 2441 uel
1434 2404 1584 2441 Comes
1625 2402 1730 2440 For-

268 2470 363 2503 tuna
398 2464 564 2502 uidetur
591 2460 794 2513 appellata
827 2473 934 2510 esse,
969 2460 1075 2511 quod
1106 2460 1312 2497 hominem
1338 2472 1413 2510 per
1446 2461 1566 2497 uitam
1601 2459 1728 2497 comi-

266 2525 435 2560 taretur.
494 2517 613 2569 Quod
655 2519 688 2556 si
728 2519 786 2556 ita
826 2521 915 2567 est,
956 2529 1046 2555 cum
1078 2517 1290 2567 sequentis
1321 2515 1424 2566 legis
1456 2514 1731 2566 explicatione

362 2666 395 2708 ')
423 2677 513 2698 unus
539 2664 726 2706 Zumptius
752 2663 892 2697 mendis
919 2663 1073 2696 seruatis
1101 2663 1221 2705 inepte
1247 2662 1417 2695 coniecit:
1445 2660 1617 2703 quodsi
1642 2660 1730 2693 fin-

271 2712 430 2756 genda
465 2711 676 2748 numina,
711 2710 984 2752 Uiccpotao
1023 2714 1068 2741 vt
1112 2709 1276 2751 potius
1314 2707 1544 2741 lint-,endi
1591 2710 1730 2747 atquc

272 2756 506 2790 Potiundi
530 2756 792 2790 statuenda
819 2754 1208 2798 cognominuque
1233 2758 1299 2786 cot.

1776 2801 1779 2818 m
1774 2471 1781 2783 ὴ.,-ι,..-4-.).-.“·.-.,...
1779 2447 1781 2453 .
1778 2329 1781 2414 ,Μ-..-.
1779 2280 1781 2298 ᾼ
