1791 3192
254 194 354 227 XXX
408 212 411 215 ,
837 199 1135 234 PRAEFATIO.

252 298 412 335 ceronis
455 296 728 348 eloquentiae.
769 300 846 338 cfr.
879 301 929 338 ad
957 303 1072 340 Fam.
1107 302 1177 352 lV,
1201 302 1243 342 4.
1275 302 1318 343 3.
1379 306 1565 356 Denique
1604 306 1712 356 quod

251 364 301 413 ll,
345 362 410 403 29.
453 365 555 403 dicit
592 363 643 402 de
683 371 826 404 senatu
865 370 1138 418 gratissimam
1178 370 1412 411 consulatus
1453 373 1516 410 sui
1554 385 1713 410 memo-

250 432 349 468 riam
392 434 626 481 retinente,
676 432 717 470 id
755 435 1007 474 commodius
1051 438 1230 474 refertur
1267 438 1318 476 ad
1350 453 1504 490 annos,
1546 441 1614 489 qui
1644 451 1713 476 re-

251 497 382 536 ditum
425 500 512 536 eius
552 501 735 550 proxime
773 507 868 539 sunt
908 504 1063 553 secuti,
1105 517 1223 554 quam
1256 505 1307 543 ad
1340 520 1487 545 annum
1520 505 1617 546 705.
1646 508 1713 542 aut

250 566 536 615 posteriorem.

364 646 477 700 Quae
506 643 658 683 deinde
690 646 769 684 alia
801 660 822 683 a
851 648 950 685 uiris
982 648 1114 687 doctis
1147 650 1198 687 ad
1219 651 1322 689 lianc
1345 653 1593 690 sententiam
1616 663 1716 688 con-

249 712 488 751 firmandam
532 713 774 763 afferuntur,
813 719 879 751 aut
912 727 958 752 ea
989 722 1106 766 sunt,
1139 730 1187 754 ex
1219 719 1360 767 quibus
1402 732 1635 757 sermonem
1664 717 1717 755 de

246 779 407 831 legibus
440 793 476 818 a.
509 780 591 820 702
622 794 703 818 non
734 779 864 818 solum
896 781 1096 833 habitum,
1129 783 1203 820 sed
1235 786 1358 822 etiam
1391 787 1589 836 scriptum
1624 796 1717 821 esse

248 850 394 886 confici
435 861 558 900 posse
603 848 818 899 uideatur,
863 852 933 886 aut
973 862 1045 900 ea,
1090 863 1138 888 ex
1179 853 1321 901 quibus
1362 854 1494 889 minus
1527 855 1717 890 accurate

247 920 411 966 tempus
444 917 647 954 sermonis
680 916 806 953 habiti
837 923 1123 968 cognoscatur,
1165 932 1281 968 quam
1315 933 1363 956 ex
1394 920 1477 968 eiS,
1510 930 1612 968 quae
1643 917 1716 955 ad-

247 982 327 1019 huc
359 984 785 1033 commemorauimus,
819 982 945 1021 ueluti
979 997 1067 1022 cum
1102 981 1185 1035 ΙΙΙ,
1217 985 1283 1026 40.
1313 986 1493 1037 loquitur
1533 984 1588 1023 de
1623 986 1717 1022 uiuo

248 1048 427 1099 Catone,
475 1051 540 1100 q'ui
582 1051 750 1087 sibimet
789 1052 879 1101 ipse
917 1056 1092 1090 mortem
1137 1055 1338 1092 consciuit
1375 1058 1471 1104 post
1510 1051 1714 1102 proelium

248 1116 356 1167 apud
378 1117 588 1168 Thapsum
605 1118 867 1155 commissum
885 1131 921 1155 a.
937 1117 1032 1168 708,
1060 1117 1124 1156 uel
1143 1133 1233 1158 cum
1252 1117 1284 1170 l,
1304 1120 1371 1161 52.
1391 1120 1717 1158 controuersiam

248 1183 301 1222 de
329 1185 477 1222 finibus
522 1187 716 1223 bonorum
753 1189 794 1222 et
823 1183 1020 1223 malorum
1050 1185 1268 1236 aliquando
1307 1186 1566 1225 iudicandam
1599 1184 1716 1233 dicit,

249 1251 358 1290 unde
387 1253 497 1291 hunc
529 1264 762 1299 sermonem
795 1253 943 1289 merito
975 1253 1160 1290 habitum
1195 1266 1287 1290 esse
1319 1253 1563 1303 collegeris,
1599 1257 1717 1290 ante-

246 1333 364 1370 quam
412 1318 538 1357 libros
582 1318 633 1357 de
672 1320 820 1356 finibus
862 1318 1006 1355 ederet
1049 1316 1154 1368 709,
1193 1318 1259 1356 uel
1303 1332 1392 1358 cum
1425 1319 1611 1370 Luculli,
1650 1322 1717 1371 qui

244 1386 380 1438 paullo
411 1392 506 1438 post
537 1400 684 1424 annum
718 1384 816 1426 697.
851 1384 979 1434 obiit,
1021 1381 1102 1434 ΠΙ,
1136 1385 1205 1425 30.
1247 1391 1290 1424 ut
1328 1391 1477 1426 mortui
1508 1389 1715 1438 meminit,

246 1453 315 1492 uel
346 1467 436 1492 cnm
475 1451 534 1505 II,
564 1454 633 1493 31.
674 1456 870 1504 auguratu
911 1451 1154 1490 cumulatius
1187 1453 1392 1493 laudando
1433 1468 1627 1506 augurem
1669 1468 1718 1493 se

246 1527 359 1571 tum,
397 1535 484 1559 cum
520 1534 752 1560 sermonem
795 1521 990 1569 haberet,
1024 1521 1181 1558 sactum
1215 1534 1306 1559 esse
1338 1523 1560 1572 significat,
1594 1536 1714 1573 quem

247 1590 401 1626 scimus
432 1590 586 1626 sactum
618 1601 710 1625 esse
742 1602 778 1625 a.
813 1587 911 1627 701.
970 1589 1084 1626 Ilaec
1125 1590 1249 1638 igitur
1278 1602 1366 1627 cum
1396 1588 1501 1627 nihil
1528 1591 1625 1628 noui
1653 1590 1714 1627 af-

244 1655 382 1693 ferant
422 1659 636 1706 momenti,
684 1655 790 1692 nihil
832 1657 982 1693 attinet
1022 1654 1204 1706 pluribus
1246 1659 1459 1707 persequi3
1505 1655 1576 1694 illa
1615 1662 1714 1695 tunc

245 1723 391 1761 melius
422 1735 735 1775 persequemur,
767 1735 856 1760 cum
891 1721 944 1760 de
976 1724 1121 1773 scripti
1149 1725 1350 1762 sermonis
1374 1729 1561 1775 tempore
1586 1736 1712 1775 quae-

242 1793 371 1828 retur.

359 1872 447 1910 Hoc
488 1874 612 1923 igitur
649 1874 724 1910 hac
756 1876 896 1910 nostra
929 1871 1206 1922 disputatione
1239 1871 1472 1910 confectum
1505 1879 1595 1922 est,
1639 1874 1712 1912 ha-

243 1941 372 1977 bitum
407 1953 499 1976 esse
532 1952 763 1977 sermonem
798 1944 867 1977 aut
897 1940 994 1988 fingi
1025 1938 1208 1976 habitum
1245 1952 1280 1976 a.
1315 1938 1413 1978 702.
1445 1937 1512 1975 uel
1542 1941 1712 1978 ineunte

244 2021 279 2045 a.
315 2007 409 2047 703.
471 2008 556 2045 Nec
585 2019 823 2057 quemquam
857 2005 899 2043 id
931 2006 1037 2055 sugit
1068 2018 1225 2054 eorum,
1260 2007 1323 2054 qui
1351 2009 1445 2055 post
1464 2005 1709 2056 VVagnerum

244 2074 296 2111 de
328 2074 472 2112 horum
500 2073 697 2111 librorum
732 2077 866 2110 aetate
898 2076 992 2109 sunt
1022 2073 1306 2108 commentati.
1367 2072 1467 2109 Nam
1509 2074 1601 2123 ipse
1631 2073 1712 2110 Pe-

243 2145 358 2178 terus
390 2142 573 2178 habitum
617 2142 716 2190 fingi
759 2150 990 2177 sermonem
1033 2151 1068 2174 a.
1103 2136 1198 2176 702.
1241 2136 1446 2175 concedit.
1507 2138 1591 2176 Sed
1620 2153 1711 2177 cum

242 2207 390 2258 reliqui
421 2207 567 2245 eodem
601 2213 787 2259 tempore
820 2211 861 2243 et
886 2205 1066 2242 habitum
1103 2209 1145 2241 ‹·t
1176 2206 1370 2255 scriptum
1412 2217 1506 2243 esse
1538 2207 1711 2244 sumsis-

243 2278 394 2325 senff-²),
426 2282 520 2326 post
560 2276 886 2325 Chapmannum,
920 2274 1031 2311 cuius-
1062 2274 1244 2311 rationes
1280 2274 1449 2311 Beierus
1481 2286 1641 2324 quoque
1670 2275 1711 2311 in

243 2344 374 2381 lahnii
406 2344 510 2380 Ann.
548 2341 669 2382 1826.
711 2340 790 2379 uol.
834 2337 867 2378 I.
900 2340 938 2379 2.
970 2354 1007 2391 p.
1042 2339 1138 2379 341.
1177 2346 1219 2378 et
1255 2342 1293 2378 in
1336 2342 1475 2379 diariis
1515 2339 1710 2379 scholast.

249 2409 371 2450 1828.
391 2423 431 2448 n.
457 2408 520 2449 19.
547 2410 789 2461 probauisse
818 2407 991 2456 dicitur,
1024 2419 1155 2457 nuper
1181 2407 1356 2446 Peterus
1381 2413 1544 2458 tempus
1571 2407 1712 2458 scripti

245 2479 446 2515 sermonis
478 2475 812 2527 distinguendum
834 2487 925 2512 esse
954 2474 1055 2511 dixit
1079 2488 1101 2511 a
1121 2478 1308 2525 tempore
1339 2475 1539 2513 sermonis
1562 2475 1709 2524 habiti,

243 2558 320 2583 nec
352 2547 548 2598 scriptum
585 2556 680 2582 esse
712 2555 940 2582 sermonem
977 2548 1072 2581 ante
1104 2544 1273 2580 Brutum
1306 2540 1367 2595 (a.
1393 2539 1513 2595 708.)
1545 2544 1585 2578 et
1616 2544 1711 2579 ante

337 2697 367 2736 ⁸)
394 2695 545 2729 Corradi
568 2695 604 2728 in
630 2697 825 2737 quaestura
850 2706 883 2736 p.
906 2692 982 2728 ⁶265.
1011 2699 1047 2728 ct
1072 2691 1349 2736 VVJ'ttcnbachii
1377 2691 1512 2732 pridem
1540 2692 1708 2733 explosae

243 2752 441 2784 sentcntiae
468 2756 573 2792 sunt;
604 2761 755 2793 quorum
780 2749 840 2781 hie
861 2751 1012 2794 scriptos
1045 2763 1123 2785 csse
1151 2748 1256 2781 dicit.
1283 2749 1435 2783 simulac
1456 2758 1497 2779 ex
1526 2746 1709 2789 prouincia

242 2808 400 2849 redierit,
429 2808 490 2842 illc
518 2809 551 2842 in
578 2809 656 2851 ipsa
681 2805 879 2850 prouincia.
