1781 3192
514 193 675 233 {ABER
710 192 930 231 PMMUS.
981 193 1081 232 Cap.
1116 192 1182 230 ΙΧ.
1517 192 1569 229 51

100 310 191 347 mis
231 310 403 359 arguti
444 305 687 361 (dicendum
728 310 842 344 certe
883 310 972 343 erat
1019 304 1101 344 uel
1146 307 1192 343 in
1235 305 1462 342 minimis
1497 319 1568 342 ar-

99 367 233 416 guti,
267 378 318 403 ne
352 366 389 402 in
413 365 588 403 minimis
610 367 765 401 tantum
792 362 1034 400 uiderentur
1056 362 1187 412 arguti
1210 360 1343 414 esse).
1395 359 1567 409 Oculos,

100 425 165 473 qui
201 420 266 459 uel
299 420 479 472 singulos
511 421 632 459 animi
664 419 834 457 affectus
867 418 1059 470 prodant,
1093 420 1125 456 si
1171 419 1398 467 argutiores
1444 419 1566 455 etiam

100 491 194 518 esse
227 480 497 529 reputaueriS,
530 490 645 528 quam
681 475 862 523 uultum,
897 476 962 525 qui
1000 488 1134 513 mores
1161 476 1374 512 uniuersos
1399 474 1568 522 indicat,

103 535 212 575 baud
257 536 398 585 inepte
440 534 690 573 conieceris:
745 532 882 570 oculi
932 533 982 569 in
1034 533 1221 582 primis
1270 532 1462 581 arguti.
1518 531 1572 568 1⁴Jt

98 612 218 654 facile
250 625 346 650 sane
377 626 425 650 ex
458 613 704 664 inprimis
730 609 971 666 (notabatur
996 592 1046 661 ip
1060 607 1175 662 mis)
1200 608 1336 647 littera
1358 624 1383 662 p
1418 610 1570 647 omissa

99 668 288 708 mendum
322 673 460 707 natum
496 674 560 707 est
592 682 741 719 unus,
785 668 890 719 quod
926 673 990 706 est
1023 669 1060 704 in
1094 667 1170 705 Gd.
1204 667 1242 706 2.
1288 665 1352 703 uel
1399 667 1568 716 nimis,

99 725 206 777 quod
237 723 381 775 reliqui
415 726 583 764 habent.

213 794 383 819 mores
419 784 536 820 unius
570 781 650 820 Gd.
684 781 726 822 2.
762 782 1028 830 auctoritate,
1071 781 1109 818 in
1151 792 1227 830 quo
1265 778 1471 817 scribendi
1504 791 1569 815 er-

101 851 195 878 rore
227 838 423 876 omissum
457 845 536 888 est,
573 844 731 876 temere
764 838 888 878 Goer,
919 839 1026 875 Mos.
1059 838 1129 874 ()1·.
1163 835 1429 887 expulerunt3
1475 848 1566 872 nam

100 900 142 933 et
174 895 435 933 incommode
468 897 672 947 repetitur
705 908 750 933 ex
784 896 921 933 uerbis
957 894 1297 945 praecedentibus
1331 892 1568 943 quemad-

98 951 295 990 modum
346 953 514 990 animo
556 952 749 990 affecti
793 953 882 989 sim
901 965 978 1000 uS,
1019 963 1093 987 nee
1136 950 1258 987 iidem
1300 954 1395 986 sunt
1433 961 1569 987 mores

98 1013 220 1059 atque
252 1008 376 1046 animi
409 1010 599 1047 affectus·
660 1009 712 1046 lli
746 1022 833 1046 cum
870 1009 989 1045 subiti
1024 1009 1106 1043 sint
1133 1021 1178 1043 ac
1217 1007 1390 1055 breues,
1433 1018 1567 1044 mores

96 1069 322 1103 cernuntur
374 1067 414 1103 in
467 1066 588 1102 animi
643 1065 784 1104 habitu
840 1069 908 1102 aut
960 1068 1164 1116 perpetuo
1206 1070 1273 1100 aut
1319 1067 1433 1099 certe
1475 1062 1567 1099 diu-

96 1123 294 1161 turniore.

207 1191 385 1216 nomen
421 1179 623 1216 omnino
655 1192 748 1216 non
780 1178 978 1215 habent
1012 1178 1037 1215 i.
1066 1190 1101 1215 e.
1133 1177 1285 1214 Graeci
1313 1189 1459 1214 nomen
1485 1189 1564 1213 non

97 1237 265 1286 habent,
299 1235 404 1285 quod
435 1249 603 1286 prorsus
634 1236 806 1273 eandem
842 1236 919 1272 uim
955 1235 1104 1272 habeat
1136 1239 1259 1284 atque
1292 1235 1565 1271 Romanorum

96 1291 244 1342 uultus,
277 1293 343 1343 qui
377 1291 509 1330 dictus
542 1297 607 1330 est
639 1291 751 1340 inde,
786 1291 890 1342 quod
937 1289 1191 1328 uoluntatem
1234 1292 1356 1328 animi
1399 1289 1565 1329 indicat.

96 1350 182 1387 (Jsr.
211 1345 360 1387 lsidor.
392 1363 412 1386 a
434 1349 599 1386 Dauisio
632 1351 711 1386 iam
733 1348 925 1387 laudatus
947 1349 1060 1398 Orig.
1087 1343 1158 1397 XI,
1191 1361 1227 1386 c.
1266 1347 1298 1387 i.
1336 1345 1405 1387 34.
1467 1347 1567 1384 lNam

95 1401 400 1465 πρόςωπον,
439 1416 546 1467 qnod
594 1417 633 1453 in
677 1416 781 1454 hanc
824 1417 1070 1454 sententiam
1115 1420 1335 1466 usurpant,
1386 1416 1566 1465 speciem

97 1476 178 1512 oris
213 1474 385 1511 denotat
416 1474 505 1510 sine
537 1470 620 1510 ulla
649 1471 875 1510 uoluntatis
916 1474 1236 1522 significatione3
1283 1474 1462 1523 itemque
1502 1485 1569 1508 re-

96 1530 206 1580 liqua
266 1527 484 1579 uocabula,
541 1530 683 1578 quibus
744 1528 795 1566 ad
847 1527 982 1566 uultus
1034 1530 1244 1566 notionem
1291 1527 1566 1566 denotandam

97 1598 244 1636 Graeci
278 1601 471 1647 utuntur,
508 1594 634 1633 ueluti
668 1579 833 1643 ὅμμίῖ,
877 1595 1058 1645 singulas
1106 1600 1262 1633 tantum
1306 1597 1387 1633 oris
1429 1600 1567 1647 partes

95 1653 293 1690 denotant
323 1652 433 1690 nulla
465 1652 652 1690 adiuncta
686 1651 907 1690 uoluntatis
950 1653 1266 1703 significatione.
1332 1653 1566 1703 Omnino,

94 1708 201 1760 quod
233 1710 422 1747 Moserus
466 1721 547 1745 non
586 1708 805 1746 admodum
849 1709 1077 1746 desiderari
1122 1711 1193 1758 ait,
1239 1709 1386 1747 Bakius
1429 1716 1564 1747 autem

94 1771 326 1817 corruptum
358 1777 452 1802 esse
483 1764 586 1802 dixit
617 1777 665 1802 ex
698 1764 895 1802 uocabulo
925 1764 1085 1816 aliquo,
1128 1765 1233 1816 quod
1268 1766 1440 1803 eandem
1484 1768 1564 1803 uim

94 1823 267 1861 liaberet
321 1825 442 1871 atque
488 1821 747 1870 natiunm,
802 1822 977 1872 negandi
1041 1824 1120 1860 uim
1180 1823 1358 1860 intendit
1417 1822 1562 1875 (einen

95 1880 286 1917 Namen
317 1878 483 1915 haben
518 1878 594 1914 sie
625 1877 783 1914 dafiir
812 1890 902 1927 gar
932 1877 1121 1933 nicht).
1186 1880 1272 1919 Cic.
1306 1878 1358 1916 ad
1380 1881 1463 1919 Att.
1499 1879 1565 1929 ΙΙΙ,

96 1936 165 1985 23,
197 1934 234 1974 2.
291 1935 362 1972 ()1·.
395 1934 436 1983 5,
474 1934 537 1974 18.
570 1946 643 1984 pro
674 1934 796 1971 Arcb.
826 1936 869 1984 ὃ,
907 1935 970 1974 17.

206 1991 255 2029 111
286 1991 362 2030 iis*
384 1989 588 2041 libris]v
628 1990 785 2040 Exigua
816 1992 858 2029 in
891 1991 956 2029 liis
979 1993 1101 2030 rebus
1127 1998 1191 2030 est
1215 1992 1398 2031 codicum
1425 1998 1565 2031 aucto-

94 2049 208 2086 ritas.
271 2043 416 2098 ltaque
447 2049 540 2098 quia
571 2046 833 2085 incommode
868 2046 960 2085 libri
994 2048 1045 2085 de
1078 2062 1123 2086 re
1158 2050 1318 2099 publica
1343 2055 1384 2087 ut
1409 2050 1565 2087 auctori

93 2104 305 2155 propiores
337 2108 636 2154 monstrantur,
675 2117 764 2142 cum
805 2104 949 2142 Lamb.
996 2105 1093 2142 Dan.
1126 2107 1226 2144 Ern.
1263 2106 1405 2156 wagn.
1440 2106 1565 2144 Bakio

91 2174 164 2212 pro
196 2161 274 2198 his
307 2162 453 2212 scripsi
483 2162 566 2198 iis.

204 2242 334 2266 nunc
365 2228 633 2279 quoniam]
704 2229 849 2266 Nunc
889 2230 917 2267 i.
962 2241 999 2266 e.
1040 2233 1082 2266 ut
1122 2242 1229 2266 nunc
1270 2242 1338 2268 res
1380 2234 1468 2280 est,
1508 2231 1564 2268 ad

92 2290 354 2337 praesentem
399 2286 692 2337 disputationis
733 2289 883 2324 statum
931 2286 1115 2336 pertinet
1154 2285 1266 2339 (Cic.
1300 2289 1371 2325 Ac.
1406 2283 1462 2335 II,
1494 2286 1565 2327 33.

96 2342 191 2381 106.
231 2354 355 2378 uera
394 2343 566 2392 igitur
603 2341 700 2379 illa
740 2355 870 2379 nunc
903 2345 1028 2379 sunt
1058 2340 1275 2395 omnia);
1319 2350 1401 2381 tum
1442 2345 1567 2381 uerba

92 2398 309 2447 sequentia
358 2400 598 2447 quoniam
645 2398 903 2435 hominem
952 2421 1005 2426 ——
1052 2402 1266 2437 ornauit
1313 2400 1437 2437 deus
1484 2413 1563 2438 non

92 2466 237 2491 nouam
273 2453 472 2503 quandam
507 2467 667 2491 causam
699 2455 930 2503 continent,
973 2454 1048 2492 sed
1085 2455 1135 2493 ad
1168 2457 1564 2494 demonstrationem

91 2511 179 2548 eius
212 2512 270 2546 rei
304 2511 380 2547 iam
413 2509 642 2569 perfectam
676 2511 940 2559 reseruntur,
971 2517 1014 2549 ut
1045 2512 1096 2550 ad
1119 2513 1235 2551 Fam.
1270 2509 1390 2562 Xlll,
1421 2512 1490 2554 56.
1527 2515 1563 2553 1.

93 2566 353 2604 Coniunctiui
395 2568 474 2605 uim
519 2579 643 2617 supra
683 2567 799 2616 attigi
842 2566 876 2616 §-
911 2567 980 2607 25.
1059 2569 1222 2607 Deinde
1269 2582 1342 2621 pro
1390 2569 1566 2608 uoluit

93 2627 250 2660 temere
277 2622 423 2660 ssakius
458 2626 500 2659 et
531 2628 625 2661 ante
658 2623 721 2660 uir
751 2622 915 2674 quidam
947 2623 1092 2663 doctus
1124 2627 1163 2663 in
1194 2625 1287 2664 bibl.
1319 2624 1422 2677 phil.
1448 2627 1562 2678 Lips.

99 2677 220 2718 1779.
252 2679 373 2717 'l'0m.
406 2675 438 2718 I.
471 2692 529 2730 pr.
563 2679 741 2717 coniecit
780 2677 948 2729 uolui,
988 2684 1101 2731 quasi
1144 2695 1241 2720 uero
1274 2683 1442 2733 Cicero,
1485 2696 1563 2721 non

98 2734 187 2783 ipse
218 2734 318 2773 deus
352 2736 558 2775 hominem
593 2735 839 2789 reliquarum
869 2747 1005 2775 rerum
1037 2740 1265 2791 principem
1300 2751 1393 2777 esse
1422 2737 1564 2778 uellet.

103 2788 159 2826 Et
201 2790 375 2829 hominis
415 2805 512 2844 prae
549 2795 698 2832 ceteris
739 2790 976 2831 animalibus
1014 2797 1305 2846 praestantiam
1356 2809 1377 2832 a
1423 2801 1565 2833 natura
