1781 3192
235 189 327 230 286
797 189 870 227 DE
900 188 1134 228 LEGlBUS

233 301 577 356 perturbandi
612 301 802 352 uerbum,
843 303 920 339 etsi
957 315 1032 354 per
1070 315 1114 340 se
1157 314 1255 340 sane
1297 302 1336 342 h.
1367 301 1394 342 l.
1438 301 1584 341 melius
1618 310 1698 354 est,

234 362 456 399 restituere
494 371 572 395 non
616 359 759 395 ausim.
824 359 924 396 Nam
966 359 1066 397 licet
1111 357 1206 396 alibi
1245 362 1551 410 permutare
1591 360 1700 412 apud

236 417 474 455 Ciceronem
509 417 591 452 uim
628 415 777 452 habeat
819 429 905 453 rem
937 429 1010 467 pro
1044 428 1087 453 re
1120 415 1243 454 dandi
1277 419 1320 452 et
1350 414 1582 466 accipiendi
1612 413 1694 470 (cf.

235 471 373 511 Madu.
415 472 566 523 Opusc.
600 471 629 510 l.
660 484 700 523 p.
734 470 890 526 472),
931 480 1067 510 tamen
1104 485 1181 510 nec
1222 484 1437 524 prorsus
1475 485 1633 510 comm
1651 485 1698 510 u-

234 527 382 566 tandi
415 529 526 565 notio
560 525 771 578 analogiae
803 531 1004 567 contraria
1037 533 1101 567 est
1134 533 1175 566 et
1207 528 1313 580 apud
1346 526 1447 566 alios
1471 531 1696 580 scriptores

233 584 575 636 deprehenditur.
644 584 708 624 Cf.
751 583 855 622 Plin.
901 586 952 624 ΙΙ.
994 586 1044 623 Ν.
1084 585 1202 636 xlx,
1245 585 1286 625 6.
1327 584 1395 625 32.
1448 586 1698 636 sequenti

233 654 362 679 anno
395 645 697 693 permutata
730 643 947 680 ratione
975 654 1150 680 semen
1194 643 1445 693 gignitur.
1507 642 1627 680 Lucr.
1664 637 1699 691 l,

232 697 331 738 827.
379 703 580 736 tantum
622 697 893 736 elementa
934 703 1135 750 queunt
1176 702 1472 750 permutato
1512 697 1701 736 ordine

233 752 363 795 solo.
424 755 509 793 Nec
535 767 632 792 uero
667 767 837 805 zeugma
867 757 1079 806 quicquam
1114 754 1361 793 incommodi
1391 754 1539 804 habet,
1577 767 1700 806 prae-

233 813 376 849 sertim
410 824 498 849 cum
534 809 853 861 digladiationes
888 813 1011 849 etiam
1044 813 1296 863 permutatio
1320 816 1566 862 sequeretur
1586 809 1698 865 (Cic.

233 867 284 905 de
317 867 422 919 Rep.
457 863 538 918 ΙΙΙ,
580 866 648 907 37.
683 867 752 909 63.
794 869 1134 919 perturbatio
1175 873 1227 906 et
1265 869 1438 906 totius
1478 879 1699 906 commu-

232 926 367 962 tatio
406 925 480 962 rei
530 922 826 978 publicae).
894 924 1056 963 Deinde
1107 929 1150 963 ut
1192 937 1418 977 pronomen
1466 923 1516 962 ad
1563 925 1698 962 sicas

232 985 389 1018 tantum
422 983 657 1032 pertineat,
691 995 779 1019 cum
815 982 1035 1031 '1¹11rnebo,
1075 982 1283 1031 Manutio,
1324 982 1492 1019 Mosero
1533 981 1700 1019 restitui

232 1039 301 1074 iis
344 1038 503 1089 sicis,
548 1037 656 1089 quod
698 1037 763 1076 uel
806 1040 982 1076 maxime
1021 1038 1332 1076 commendatur
1379 1037 1530 1076 mendo
1577 1036 1699 1075 codd.

231 1092 471 1143 meliorum3
504 1094 693 1146 plerique
724 1096 889 1133 inuerso
919 1094 1065 1134 ordine
1097 1097 1233 1134 sicis
1264 1096 1359 1145 iis3
1388 1108 1477 1133 cum
1509 1093 1698 1132 Uictorio

232 1151 360 1188 Gzius
394 1152 702 1190 emissitiis.

346 1208 655 1257 Saturnino,
692 1206 950 1258 Sulpicio,
983 1207 1238 1259 reliquis]
1301 1207 1600 1247 seditiosorum
1619 1207 1698 1244 tri-

232 1265 427 1301 bunorum
471 1266 824 1301 enumerationem
876 1277 955 1301 non
1008 1264 1167 1302 absolui
1214 1269 1347 1316 patet.
1416 1265 1515 1302 Cum
1572 1265 1696 1314 igitur

231 1319 332 1358 duos
364 1326 478 1358 certe
508 1322 708 1358 nominari
742 1332 916 1358 necesse
948 1325 1085 1370 esset,
1129 1318 1254 1358 ueluti
1289 1322 1362 1359 Or.
1396 1319 1447 1371 3,
1486 1317 1575 1359 109.
1628 1321 1695 1357 An

232 1389 322 1426 ego
346 1376 592 1427 Homero,
625 1376 816 1425 Ennio,
850 1376 1075 1426 reliquis
1097 1379 1273 1428 poetis
1301 1381 1367 1414 eet
1387 1405 1399 1426 ,
1430 1382 1545 1414 rei-te
1569 1377 1697 1414 Gzius

231 1445 282 1470 ex
319 1432 412 1470 eod.
449 1433 557 1471 arth.
600 1433 749 1470 mendo
791 1432 1070 1470 Saturnini
1114 1431 1391 1483 supplicio
1436 1431 1578 1468 elicuit
1616 1433 1698 1468 Sa-

231 1490 476 1540 turnino,
519 1487 786 1541 Sulpicio,
831 1501 930 1539 quos
973 1490 1086 1539 iungi
1130 1490 1251 1526 etiam
1303 1487 1596 1526 animaduertit
1646 1485 1700 1524 de

231 1547 332 1584 Har.
374 1546 504 1597 Resp.
550 1544 624 1596 19,
656 1544 725 1586 41.
792 1545 965 1583 Addidit
1007 1546 1151 1584 Baldus
1191 1543 1292 1583 Sall.
1323 1545 1489 1596 Fragm.
1519 1545 1629 1583 Hist.
1663 1539 1699 1582 l.

232 1617 272 1655 p.
306 1600 404 1642 947.
436 1602 502 1641 ed.
538 1602 652 1641 Cort.
717 1600 915 1652 Idemque
949 1602 1076 1640 Gzius
1117 1615 1190 1655 pro
1229 1601 1574 1652 reliquisque
1613 1601 1700 1654 pri-

230 1672 318 1697 mus
367 1672 417 1697 ex
465 1659 703 1698 melioribus
753 1656 874 1697 codd.
923 1661 1109 1697 restituit
1155 1657 1397 1710 reliquis,
1468 1659 1515 1697 L.
1560 1659 1699 1709 Appu-

228 1715 333 1754 leius
361 1717 603 1754 Saturninus
636 1730 725 1754 cum
758 1717 906 1753 iterum
943 1721 994 1756 tr.
1026 1715 1081 1767 pl.
1118 1729 1154 1753 a.
1187 1714 1285 1756 654.
1319 1714 1501 1766 pluribus
1532 1714 1697 1766 legibus

227 1771 516 1824 popularibuS,
557 1774 735 1824 agraria,
779 1772 1074 1823 frumentaria,
1128 1771 1217 1810 aliis
1264 1764 1558 1823 plebem⁷⁸nna
1605 1784 1697 1809 cum

229 1828 399 1868 Glaucia
430 1836 622 1881 praetore
654 1830 930 1878 concitasset,
963 1843 985 1867 a
1016 1830 1174 1879 Mario,
1208 1842 1227 1866 a
1262 1842 1339 1879 quo
1371 1830 1550 1881 primum
1584 1827 1699 1866 adiu-

230 1891 295 1924 tus
329 1885 479 1924 deiude
509 1885 680 1924 relictus
713 1890 792 1936 est,
824 1885 989 1937 publice
1019 1886 1267 1924 interfectus
1298 1891 1378 1925 est.
1416 1885 1481 1926 Cf.
1516 1886 1599 1925 Cic.
1622 1897 1696 1937 pro

228 1942 331 1981 Rab.
365 1941 405 1993 7,
438 1943 503 1984 20,
538 1944 628 1981 Cat.
662 1939 696 1992 l,
730 1943 768 1983 2.
801 1941 839 1983 4.
877 1941 984 1983 Phil.
1019 1939 1144 1993 VllI,
1177 1942 1217 1983 5.
1256 1942 1323 1983 16.
1365 1941 1474 1981 vell.
1516 1942 1606 1981 Pat.
1642 1938 1699 1992 ll,

234 2000 299 2040 12.
331 2000 434 2052 App.
465 2001 509 2041 B.
543 2001 590 2050 C,
618 1996 652 2049 I,
687 1999 754 2040 28.
802 2000 851 2037 P.
894 1998 1104 2051 Sulpicius
1138 1999 1270 2038 Rufus
1301 2004 1355 2037 tr.
1383 1998 1440 2051 pl.
1474 1998 1572 2040 666.
1607 2011 1698 2037 cum

229 2061 397 2094 auctore
441 2057 573 2096 Mario
614 2056 729 2106 leges
769 2056 1108 2108 promulgasset,
1159 2061 1203 2094 ut
1248 2054 1409 2094 exsules
1454 2053 1538 2109 (sc.
1565 2069 1698 2107 popu-

228 2109 363 2166 lares)
407 2120 728 2162 reuocarentur,
778 2114 871 2149 noui
922 2114 1033 2150 ciues
1074 2111 1257 2150 libertini
1301 2114 1341 2149 in
1383 2114 1512 2150 tribus
1554 2112 1697 2150 distri-

231 2171 482 2219 bnerentnr,
525 2177 567 2208 ut
609 2169 782 2219 imperio
815 2166 952 2205 Sullae
983 2169 1177 2218 abrogato
1220 2168 1263 2207 C.
1308 2168 1461 2206 Marius
1498 2167 1696 2205 aduersus

230 2225 516 2264 Mithridatem
556 2224 637 2262 dux
685 2229 918 2273 crearetur,
958 2237 1129 2275 cumque
1170 2223 1483 2262 aduersantibus
1515 2223 1697 2262 consuli-

229 2285 302 2321 bus
335 2283 382 2331 Q.
412 2282 609 2333 Pompeio
643 2285 684 2318 et
716 2281 763 2318 L.
793 2279 932 2319 Sullae
963 2283 1043 2318 uim
1078 2280 1310 2330 intulisset,
1345 2294 1366 2318 a
1397 2286 1542 2319 senatu
1584 2278 1696 2318 Sulla

229 2345 396 2378 auctore
433 2339 565 2376 hostis
607 2337 812 2375 iudicatus
860 2342 902 2375 et
941 2350 1030 2375 eum
1074 2339 1113 2374 in
1160 2336 1256 2374 uilla
1298 2337 1471 2387 quadam
1526 2335 1696 2387 lateret,

229 2396 380 2434 indicio
420 2397 528 2434 serui
572 2399 779 2432 extractus
830 2398 873 2431 et
912 2395 1157 2431 interemtus
1198 2399 1278 2432 est.
1348 2394 1411 2434 Cf.
1453 2395 1544 2434 Liu.
1587 2394 1697 2445 Epit.

229 2454 298 2492 77.
341 2454 444 2504 App.
487 2453 531 2491 Β.
575 2451 623 2490 C.
657 2451 687 2500 l,
720 2451 788 2491 55.
822 2464 909 2501 sqq.
959 2449 1069 2490 Vell.
1102 2450 1194 2490 Pat.
1226 2450 1284 2501 ll,
1333 2450 1380 2490 18
1423 2456 1465 2489 et
1502 2449 1566 2491 19.
1610 2451 1698 2490 cic.

228 2509 280 2548 de
311 2511 383 2549 Or.
417 2505 499 2559 Ill,
533 2507 572 2548 3.
609 2508 674 2547 11.
708 2507 818 2546 Plut.
850 2506 954 2546 Sull.
991 2506 1056 2547 10.

343 2566 377 2616 ᾗ.
412 2564 482 2605 21.
542 2563 832 2617 proferam]
893 2564 1051 2602 Maiore
1080 2563 1159 2601 hoc
1182 2562 1307 2602 codd.
1329 2564 1573 2602 auctoritate
1597 2561 1698 2600 inde

229 2637 251 2661 a
283 2623 450 2662 Dauisio
484 2621 640 2660 editum
675 2626 753 2671 est,
787 2634 905 2672 quam
938 2625 1033 2659 ante
1063 2620 1418 2672 proferamus.

344 2680 460 2730 quis
494 2677 747 2729 umquam]
816 2678 1011 2730 Repetita
1052 2675 1194 2715 uocula
1234 2689 1471 2728 umquam
1518 2675 1576 2713 ita
1606 2675 1697 2726 qui-

235 2734 406 2774 busdam
442 2733 670 2787 displicuit,
703 2740 747 2773 ut
778 2734 877 2774 Ern.
918 2739 961 2772 et
991 2734 1185 2773 Schuetz.
1228 2732 1396 2771 alteram
1440 2730 1570 2770 deleri
1609 2730 1697 2770 uel-

234 2793 349 2844 lent,
394 2793 585 2832 Most-rus
618 2792 722 2831 Gzio
766 2804 933 2830 suasore
974 2792 1150 2844 priorem
1195 2795 1372 2829 mutaret
1406 2791 1445 2828 in
1476 2791 1696 2841 inquam,
