1781 3192
225 175 314 214 228
794 172 864 211 DE
899 173 1131 213 LEGIBUS

231 301 305 340 pro
339 300 449 336 e0⁸;
482 298 571 324 nam
606 286 878 323 concrematis
909 287 1147 338 corporibus
1181 299 1261 324 non
1292 286 1333 325 in
1365 290 1495 326 totum
1527 302 1689 342 corpus,

231 344 304 383 sed
343 350 497 383 tantum
539 343 579 378 in
620 354 666 380 os
709 343 932 381 abscissum
975 344 1120 381 humus
1160 344 1433 383 iniiciebatur.
1482 344 1546 385 Cf.
1587 359 1689 397 quae

231 400 314 439 dixi
348 397 404 438 ΙΙ.
433 399 470 449 ᾗ.
503 398 572 438 55.

342 456 550 493 iniecta
583 451 738 503 gleba
768 453 870 504 cet.]
931 454 1062 493 Locus
1087 468 1282 507 perquam
1305 454 1508 506 difficilis,
1540 458 1582 495 in
1614 469 1691 507 quo

231 510 488 551 restituendo
519 523 587 548 me
617 517 733 548 recte
764 523 857 549 esse
886 516 1094 549 uersatum
1123 525 1202 550 non
1225 512 1483 551 confidenter
1508 512 1691 553 dixerim.

233 567 318 607 Sed
351 569 481 606 dicam
514 572 672 616 tamen,
704 579 819 616 quam
852 569 1052 606 rationem
1085 569 1159 605 sim
1194 574 1371 608 secutus.
1434 569 1693 619 Utgreliquis

229 623 332 663 locis
361 626 440 663 iam
473 625 513 661 in
543 623 632 663 cod.
667 623 774 663 arch.
809 623 1069 675 deprauatis,
1103 626 1159 661 ita
1189 624 1267 662 hoc
1298 638 1457 676 quoque
1480 628 1519 664 in
1544 625 1692 664 melio-

231 683 345 720 ribus
386 679 504 720 codd.
547 679 701 718 codicis
743 680 851 719 arch.
885 682 1089 732 scriptura
1121 680 1286 718 uidetur
1325 680 1557 731 religiosius
1600 695 1693 720 esse

231 743 477 790 propagata3
509 737 549 774 in
584 736 705 785 dett„
740 742 783 774 ut
822 735 1088 787 plerumque,
1134 738 1365 787 corrigendi
1399 739 1548 776 sactum
1582 740 1694 790 peri-

234 794 369 833 culum
409 798 485 833 est.
550 793 630 830 lam
671 794 703 829 si
747 792 961 830 meliorum
998 793 1117 833 codd.
1150 795 1397 844 scripturam
1427 799 1527 832 tum
1564 801 1616 833 et
1646 797 1693 833 in

232 850 348 890 illis
378 851 618 888 humatus
646 853 726 887 est
758 854 808 886 et
838 848 995 899 gleba
1029 855 1252 888 uocatur
1291 853 1517 889 accuratius
1557 853 1693 889 consi-

235 907 473 956 deraueris,
512 906 689 944 dubitari
728 919 807 943 non
844 911 1008 957 potest,
1050 908 1142 957 quin
1184 920 1380 958 peruerse
1419 909 1498 945 iam
1537 913 1696 946 tentata

235 965 438 1002 correctio
472 964 528 1001 sit
558 964 599 1000 in
632 961 723 1001 cod.
753 962 863 1003 arch.
926 963 1024 1012 Quis
1057 964 1164 1001 enim
1196 962 1299 1001 illud
1323 963 1540 1002 serendum
1561 969 1694 1015 putet,

236 1021 344 1071 quod
394 1018 626 1071 sepulcrum
664 1017 730 1056 uel
771 1016 952 1057 tumulus
996 1018 1115 1070 gleba
1155 1017 1355 1058 uocatur?
1402 1021 1694 1059 Monac-,horum

232 1078 311 1116 hoc
352 1082 440 1126 est,
482 1090 560 1114 non
602 1076 891 1115 Romanorum.
953 1075 1114 1115 Deinde
1155 1078 1245 1127 quis
1287 1078 1559 1115 subiectorum
1594 1090 1696 1128 quae

234 1140 386 1173 uocant
407 1134 644 1186 probauerit
664 1133 1042 1182 commutationem,
1076 1138 1120 1171 ut
1143 1134 1314 1184 primum
1334 1133 1386 1171 de
1409 1131 1501 1171 loco
1535 1133 1696 1182 (locus

233 1189 355 1240 ille,
388 1192 469 1228 ubi
501 1202 646 1229 crem.
680 1194 765 1227 est
795 1193 975 1240 corp.),
1018 1189 1168 1227 deinde
1207 1189 1260 1227 de
1302 1190 1470 1228 homine
1509 1191 1698 1238 (huma-

235 1253 320 1286 tus
351 1251 470 1297 est),
511 1252 597 1284 tum
631 1245 765 1283 denuo
808 1245 864 1283 de
903 1244 995 1283 loco
1032 1243 1264 1284 iudicetur?
1306 1251 1376 1293 (ac
1414 1251 1517 1284 tum
1556 1246 1700 1285 deni·-

235 1316 332 1355 que
383 1325 434 1330 —
488 1302 900 1353 complectitur).
967 1302 1075 1350 Quid
1114 1303 1239 1352 igitur
1261 1299 1281 1340 ’ἒ
1331 1304 1445 1341 llaec
1485 1311 1698 1354 postrema

234 1361 363 1399 uerba
399 1360 499 1397 satis
542 1363 662 1396 antea
703 1357 755 1395 de
797 1356 885 1395 loco
927 1363 1086 1395 tantum
1129 1371 1362 1397 sermonem
1393 1360 1526 1398 fuisse
1557 1366 1701 1398 osten-

237 1416 366 1464 dunt3
399 1417 580 1465 itemque
613 1415 740 1452 uerba
770 1413 1066 1464 praecedentia
1096 1412 1269 1463 locus,
1311 1417 1391 1453 ubi
1431 1428 1580 1455 crem.
1623 1420 1703 1454 est

237 1485 426 1523 corpus
458 1472 644 1521 flagitare
676 1469 890 1520 uidentur,
929 1476 972 1508 ut
1000 1469 1115 1508 locus
1147 1469 1298 1508 deinde
1330 1473 1592 1522 nominetur,
1625 1485 1701 1523 quo

235 1531 446 1568 humatum
470 1530 551 1577 sit3
583 1541 758 1578 namque
779 1532 950 1579 uterque
974 1540 1054 1564 non
1080 1540 1245 1578 semper
1265 1526 1376 1565 idem
1409 1541 1504 1567 esse
1532 1527 1701 1569 solebat.

239 1586 325 1626 Sed
357 1585 453 1637 quid
484 1586 608 1624 uerba
640 1596 856 1634 eumque
888 1597 1073 1622 morem
1107 1585 1186 1621 ius
1216 1590 1353 1635 pont.
1384 1584 1704 1623 confirmat?

238 1655 378 1683 nonne
406 1643 593 1693 flagitare
623 1640 834 1691 uidentur,
866 1647 910 1679 ut
942 1640 1096 1679 deinde
1137 1640 1377 1691 definiatur,
1419 1654 1497 1692 quo
1538 1644 1705 1680 nomine

238 1702 302 1750 is,
340 1700 404 1738 cui
445 1700 614 1737 iniiecta
651 1696 772 1749 gleba
811 1699 890 1746 sit,
931 1698 1019 1735 iure
1062 1697 1273 1748 pontificio
1312 1695 1573 1736 nominetur?
1614 1698 1703 1735 Non

241 1757 441 1807 flagitant.
500 1756 592 1794 Non
634 1755 742 1792 enim
775 1753 826 1792 ad
857 1759 1043 1792 ueterem
1077 1752 1266 1802 dicendi,
1314 1753 1388 1791 sed
1428 1754 1480 1791 ad
1519 1759 1704 1791 ueterem

241 1812 440 1853 humandi
482 1810 823 1850 consuetudinem
877 1809 1100 1847 reserenda
1145 1815 1265 1859 sunt,
1313 1821 1415 1860 quae
1456 1812 1578 1847 etiam
1617 1812 1707 1848 iure

242 1871 454 1923 pontificio
484 1868 715 1907 confirmari
749 1880 797 1905 eo
831 1866 1034 1915 uideatur,
1067 1865 1174 1916 quod
1206 1867 1331 1904 totius
1355 1868 1538 1917 corporis
1562 1868 1706 1904 huma·

241 1928 356 1966 tione
397 1925 560 1964 sublata
606 1929 768 1974 tamen,
810 1929 854 1962 ut
891 1921 1104 1975 sepultura
1142 1923 1221 1962 rite
1260 1923 1523 1972 conficiatur,
1564 1923 1707 1975 glebae

240 1983 466 2023 iniectione
497 1993 598 2033 opus
630 1993 724 2019 esse
754 1981 993 2032 praecipiat.
1053 1980 1129 2018 His
1166 1980 1294 2030 probe
1335 1979 1572 2030 ponderatis
1618 1993 1707 2018 eam

245 2038 479 2090 corrigendi
509 2039 732 2087 rationem,
767 2050 883 2087 quam
917 2038 1072 2086 primus
1104 2035 1243 2076 Madu.
1273 2037 1367 2073 iniit
1397 2037 1436 2073 in
1469 2036 1695 2075 Emendatt

245 2112 287 2150 p.
320 2095 387 2137 79.
421 2096 573 2134 ceteris
604 2093 734 2132 multo
766 2091 1080 2143 probabiliorem
1107 2096 1217 2143 puto.
1280 2093 1469 2131 Coniecit
1491 2094 1524 2130 is
1548 2098 1708 2131 autem:

245 2154 451 2194 iniecta
482 2150 637 2200 gleba
668 2148 920 2198 tumulus,
954 2150 1040 2186 ubi
1072 2148 1308 2185 humatus
1337 2153 1440 2198 est,
1475 2162 1531 2186 ex
1561 2147 1708 2199 gleba

246 2214 479 2248 uocatur.
542 2206 582 2243 ln
615 2206 758 2256 quibus
792 2204 982 2243 tumuli
1013 2218 1160 2242 nomen
1194 2205 1340 2243 iniuria
1371 2205 1520 2243 Bakius
1552 2207 1707 2257 impro-

247 2268 388 2314 bauit,
421 2265 511 2315 quia
545 2264 583 2301 in
617 2265 705 2301 iure
734 2264 946 2314 pontificio
978 2261 1093 2299 locus
1123 2260 1193 2300 ille
1225 2273 1304 2299 non
1338 2261 1598 2311 tumulus,
1635 2261 1710 2299 sed

250 2320 552 2374 sepulerum
586 2319 807 2359 diceretur.
869 2318 932 2358 Cf.
965 2322 1133 2370 praeter
1171 2317 1295 2357 Arch.
1337 2316 1411 2367 10,
1454 2316 1520 2359 24.
1563 2317 1709 2357 Orellii

251 2380 375 2419 inser.
406 2391 467 2416 nr.
502 2375 626 2417 4466.
669 2388 813 2425 quem
856 2373 1106 2413 tumulum
1147 2372 1410 2426 duplicem
1451 2376 1630 2426 posuit
1662 2379 1712 2412 et

252 2437 356 2475 sibi
393 2436 542 2474 uiuus
584 2433 929 2484 posterisque
973 2433 1082 2470 suis
1123 2437 1176 2470 et
1205 2432 1297 2469 sub
1330 2434 1470 2469 ascia
1500 2430 1711 2469 dedica-

251 2494 342 2532 uit.
404 2490 488 2529 Sed
519 2488 777 2528 incommoda
808 2494 943 2526 tamen
976 2487 1046 2526 illa
1079 2495 1176 2526 sunt
1206 2501 1263 2526 ex
1294 2488 1468 2538 gleba,
1511 2489 1603 2538 quia
1633 2497 1710 2525 nec

252 2546 401 2587 tumuli
431 2546 708 2586 denominatio
746 2545 933 2598 profecta
973 2559 995 2584 a
1034 2544 1184 2596 gleba
1223 2549 1288 2583 est
1324 2549 1367 2582 et
1406 2545 1557 2582 iniecta
1593 2543 1712 2595 gleba

251 2603 450 2646 tumulum
514 2604 653 2641 uocari
699 2601 836 2655 paullo
887 2608 983 2640 ante
1035 2609 1099 2640 est
1149 2600 1413 2640 declaratum.
1479 2601 1565 2638 Nec
1612 2612 1711 2638 uero

251 2662 434 2713 Zumptii
473 2661 707 2698 coniectura
747 2657 956 2698 simillima
992 2659 1095 2697 haec
1136 2659 1341 2696 iniecta
1371 2655 1518 2707 gleba
1549 2662 1712 2695 tumu-

251 2718 362 2768 lus,
405 2718 488 2755 ubi
530 2717 770 2754 humatus
800 2722 878 2754 est
909 2715 1088 2767 gleba,
1128 2718 1341 2753 uocatur
1380 2713 1421 2751 id
1460 2712 1711 2752 incommodi

254 2774 438 2825 sustulit,
472 2773 579 2824 quod
606 2772 796 2825 glebae
828 2770 1065 2812 uocabulum
1099 2772 1234 2812 habet.
1296 2770 1435 2822 ltaque
1466 2783 1635 2823 prorsus
1670 2769 1712 2808 id
