1781 3192
205 155 298 196 520
777 152 847 191 DE
879 152 1110 193 LEGIBUS

205 268 441 321 proposuit:
473 277 584 302 nam
613 265 860 303 breuitas
893 278 1070 317 magna
1107 267 1386 306 senatoris
1428 265 1546 307 laus
1591 275 1674 309 est

205 329 255 364 in
285 322 556 362 sententia
586 319 830 362 dicenda.
894 322 945 360 ln
976 324 1248 362 sententia
1278 324 1356 362 hoc
1378 329 1465 366 est:
1498 327 1539 362 si
1565 328 1671 377 agi-

206 389 287 421 tur
329 379 387 416 de
426 378 713 418 sententia.
760 378 824 418 Cf.
856 378 997 418 Madu.
1039 378 1093 418 de
1131 380 1222 419 Fin.
1263 380 1422 431 p.160.
1465 381 1590 431 Seyff.
1622 383 1672 421 ad

207 435 317 477 Lael.
358 448 396 486 p.
429 432 499 473 44.
543 433 631 473 Cic.
673 435 788 474 Brut.
833 434 911 485 70,
953 434 1050 477 245.
1095 437 1290 475 officio
1330 450 1456 475 uero
1493 450 1585 476 nec
1624 439 1673 476 in

206 504 411 532 suorum
451 503 882 530 necessariorum
924 494 1097 531 causis
1146 505 1242 531 nec
1293 494 1345 532 in
1393 497 1676 533 sententia

206 549 476 588 senatoria
501 547 687 585 defuit.
747 549 837 586 Non
879 554 990 587 recte
1020 551 1147 601 igitur
1187 549 1287 589 ΕΓΗ.
1329 550 1507 601 intelligi
1552 562 1675 603 opor-

206 612 296 644 tere
326 604 428 642 dicit
460 603 696 641 dicenda.
757 605 963 655 MoseruS,
995 611 1040 644 ut
1073 606 1174 644 haec
1206 608 1413 644 sententia
1438 621 1458 644 a
1486 607 1675 658 Wytten-

206 663 351 701 bachio
383 659 586 711 explicata
619 663 838 699 existeret:
871 675 986 711 „uon
1011 662 1132 700 modo
1156 665 1195 700 in
1221 663 1426 701 sententia
1450 666 1672 712 senatoria,

207 719 283 758 sed
325 719 447 756 etiam
488 719 529 754 iu
562 719 748 754 oratione
780 720 954 757 oratoris
993 733 1137 770 magua
1167 719 1257 757 laus
1290 720 1412 770 est“,
1442 720 1547 758 hanc
1578 733 1675 758 uer-

210 778 352 815 borum
387 775 750 825 transpositionem
778 776 1108 817 commendauit:
1143 778 1385 815 breuitas
1408 790 1503 815 non
1527 776 1674 815 modo

207 831 481 871 senatoris
516 831 563 868 in
596 833 900 882 sententia,
933 832 1210 871 sedetiam
1235 835 1468 872 oratoris
1500 846 1677 883 magna

206 889 324 927 laus
358 892 467 937 est,
501 887 608 938 quod
640 888 732 925 fere
763 888 874 926 idem
905 894 1000 927 ante
1032 891 1268 928 coniecerat
1291 890 1517 941 Wagnerus
1542 888 1675 944 (bre-

208 948 348 985 uitas
388 957 486 982 non
529 944 676 983 modo
720 947 990 984 senatoris
1031 948 1203 984 estin
1247 948 1549 996 sententia,
1587 945 1675 985 sed

208 1004 359 1042 etiam
394 1003 626 1039 oratoris
658 1015 841 1052 magna
871 999 1027 1055 laus).
1092 1002 1271 1042 Orellius
1295 1005 1397 1043 haec
1428 1004 1552 1041 uerba
1584 1016 1673 1041 cum

206 1061 392 1099 Puteano
435 1068 477 1095 et
516 1058 738 1096 Gebhardo
780 1060 828 1096 ab
869 1060 1099 1111 interprete
1139 1058 1273 1110 aliquo
1311 1074 1403 1099 esse
1444 1061 1674 1111 suspicatus

208 1121 288 1155 est.
361 1116 516 1153 Dauisii
569 1117 846 1153 coniecturam
897 1129 1082 1166 magna
1130 1115 1247 1155 laus
1288 1122 1369 1156 est
1409 1130 1519 1156 mea
1558 1129 1675 1155 sen-

206 1173 382 1212 tentia
406 1170 550 1208 melius
578 1173 712 1209 uerbis
737 1171 1034 1224 sicvdispositis
1068 1187 1246 1223 magna
1270 1187 1376 1212 mea
1399 1174 1675 1212 sententia

205 1229 323 1268 laus
353 1233 435 1266 est
464 1241 544 1265 non
578 1227 706 1265 multo
738 1227 952 1266 meliorem
985 1229 1158 1267 Rathius
1198 1229 1397 1268 reddidit.
1460 1228 1675 1278 Quomodo

209 1289 318 1325 enim
358 1286 538 1322 breuitas
572 1286 767 1322 uniuerse
805 1283 893 1323 laus
935 1286 1109 1322 oratoris
1151 1284 1229 1323 dici
1270 1283 1440 1337 potest?
1478 1285 1542 1325 Cs.
1585 1285 1671 1323 Cic.

208 1345 324 1382 Brut.
370 1340 443 1390 13,
485 1339 553 1380 50.
606 1342 848 1378 breuitas
898 1345 1070 1378 autem
1122 1340 1236 1378 laus
1280 1344 1453 1379 estin
1497 1341 1675 1393 aliqua

208 1403 362 1452 parte
394 1396 641 1446 dicendi,
672 1398 720 1434 in
754 1396 999 1433 uniuersa
1029 1394 1237 1433 laudem
1270 1397 1579 1435 nonhabet.

321 1454 430 1492 nisi
462 1458 551 1490 aut
580 1456 843 1505 peccante
874 1451 974 1502 cet]
1036 1452 1278 1490 Necessaria
1309 1458 1373 1491 est
1396 1454 1562 1503 antiqua
1584 1465 1674 1491 cor-

208 1513 339 1552 rectio
381 1514 468 1547 aut
503 1522 577 1560 pro
620 1515 672 1548 ut
709 1514 867 1547 tentata
906 1508 977 1546 illa
1017 1511 1096 1547 iam
1138 1511 1179 1547 in
1218 1511 1361 1560 paucis
1399 1508 1521 1548 codd.
1570 1507 1674 1546 dett.

210 1572 297 1618 Qua
337 1568 464 1605 ascita
496 1565 655 1617 reliqua
689 1567 1055 1617 interpretatione,
1092 1578 1173 1603 non
1207 1565 1497 1604 emendatione
1538 1570 1674 1616 egent..

210 1627 411 1665 lNimirum
457 1623 683 1673 dupliciter
724 1623 889 1661 Marcus
936 1621 1124 1673 longiore
1171 1625 1357 1661 oratione
1403 1622 1594 1662 concedit
1632 1623 1674 1660 in

210 1687 356 1721 senatu
398 1680 594 1718 utendum
628 1693 746 1728 esse,
787 1681 820 1717 si
862 1683 932 1716 aut
970 1684 1171 1730 peccante
1210 1680 1235 1719 i.
1269 1692 1303 1719 e.
1345 1681 1384 1717 in
1426 1680 1672 1717 sententiam

209 1741 269 1778 rei
308 1737 498 1790 publicae
552 1750 632 1775 non
685 1735 906 1774 salutarem
956 1734 1191 1773 declinante
1240 1741 1384 1773 senatu
1427 1734 1517 1774 tolli
1565 1735 1673 1773 diem

210 1794 312 1835 utile
345 1796 414 1843 sit,
445 1793 488 1831 id
522 1793 630 1843 quod
665 1794 910 1843 saepissime
940 1792 1013 1829 fiat
1042 1793 1266 1830 ambitione
1293 1792 1407 1830 nullo
1436 1793 1674 1843 magistratu

214 1851 295 1907 (sc.
335 1847 547 1902 senatum)
591 1849 835 1898 adiuuante,
877 1853 946 1886 aut
983 1862 1074 1887 cum
1114 1853 1226 1886 tanta
1265 1850 1307 1887 in
1356 1855 1503 1887 senatu
1556 1861 1675 1888 causa

214 1913 379 1959 agatur,
424 1912 468 1945 ut
499 1908 672 1945 oratoris
705 1907 822 1958 copia
853 1918 954 1957 opus
987 1907 1041 1944 sit
1071 1904 1136 1943 uel
1167 1905 1218 1943 ad
1248 1905 1494 1944 hortandum
1525 1904 1592 1944 uel
1625 1905 1675 1942 ad

211 1964 460 2003 docendum.
520 1963 739 2001 Pertinent
770 1964 894 2013 igitur
924 1963 1024 2000 haec
1053 1963 1210 2000 omnia:
1252 1963 1386 2013 quod
1420 1964 1490 2001 fit
1520 1963 1675 2000 ambi-

213 2023 365 2060 tione
419 2021 743 2071 saepissime
791 2018 937 2057 nullo
986 2021 1304 2070 magistratu
1352 2019 1674 2068 adiuuante,

213 2091 316 2130 quae
355 2077 405 2115 ad
447 2078 662 2128 superiora
700 2076 961 2125 referebant,
1003 2075 1054 2113 ad
1087 2088 1156 2124 ea,
1199 2089 1302 2125 quae
1344 2080 1590 2126 sequuntur,
1634 2080 1676 2112 ut

213 2134 322 2186 quod
363 2134 609 2183 saepissime
640 2134 863 2170 ambitione
896 2133 944 2177 (i.
978 2143 1016 2168 e.
1061 2136 1105 2168 ut
1134 2130 1256 2167 laude
1287 2132 1477 2168 fruantur
1506 2135 1672 2168 senatus

213 2187 390 2229 consulti
431 2187 639 2240 impediti)
678 2190 768 2225 fieri
809 2185 940 2224 soleat
980 2199 1059 2223 non
1088 2186 1309 2224 adiuuante
1343 2188 1598 2237 magistratu,
1632 2191 1674 2224 ut

212 2247 304 2285 dies
334 2244 528 2294 tollatur,
560 2244 602 2281 id
630 2250 713 2282 tum
748 2243 911 2281 demum
943 2243 1179 2280 faciendum
1212 2256 1305 2280 esse
1344 2243 1474 2291 dicat,
1512 2244 1546 2280 si
1573 2255 1673 2294 pec-

215 2308 335 2343 cante
367 2306 512 2340 senatu
544 2300 650 2339 diem
685 2300 774 2339 tolli
807 2299 907 2337 utile
939 2302 1004 2339 sit.
1067 2300 1216 2336 Parum
1247 2304 1361 2336 recte
1390 2299 1542 2337 Lbinus
1574 2312 1673 2337 cou-

212 2362 337 2399 iecit:
367 2359 472 2397 nisi
506 2363 612 2408 aut,
645 2371 746 2396 cum
777 2360 1036 2408 peccante
1067 2360 1148 2393 cet.
1210 2355 1436 2405 Orellium,
1479 2357 1545 2406 qui
1585 2354 1673 2393 sola

213 2417 342 2456 uerba
372 2414 505 2466 quod
535 2416 604 2453 fit
634 2415 926 2453 ambitione
955 2413 1271 2463 saepissime
1311 2413 1551 2463 parenthesi
1592 2414 1672 2451 cir-

215 2473 492 2524 cumscripsit,
525 2471 682 2522 reliqua
712 2469 860 2508 nullo
893 2471 1210 2520 magistratu
1249 2468 1542 2507 adiuuante
1581 2482 1671 2507 cum

212 2528 296 2568 illis
336 2529 546 2567 coniunxit
582 2532 847 2580 peccante
886 2531 1096 2575 senatu,
1149 2528 1272 2564 etiam
1311 2526 1389 2564 hoc
1426 2526 1556 2576 fugit,
1591 2527 1671 2563 isto

213 2585 337 2625 modo
367 2589 585 2636 utrumque
615 2585 876 2635 participium
908 2581 1101 2635 copulari·
1131 2584 1379 2635 oportuisse.
1438 2583 1670 2621 Ucrborum

213 2643 477 2694 transpositio
519 2655 540 2679 a
577 2641 704 2679 Bakio
743 2639 1050 2678 commendata:
1090 2652 1256 2689 neque
1309 2643 1391 2677 est
1437 2652 1670 2690 umquam

211 2699 370 2750 longa
399 2699 647 2736 oratioue
678 2697 947 2746 utendum,
980 2695 1114 2746 quod
1144 2696 1211 2734 fit
1241 2696 1526 2734 ambitione
1558 2708 1670 2734 sae-

209 2757 445 2809 pissime,
466 2755 567 2793 nisi
589 2759 672 2793 aut
694 2759 952 2806 peccante
973 2758 1177 2804 senatu,
1201 2750 1346 2791 nullo
1369 2754 1669 2806 magistratu
