1781 3192
267 196 355 236 168
836 197 904 235 DE
936 196 1169 236 LEGIBUS

272 311 435 349 omnia
466 320 585 347 cern
603 319 690 345 ere
721 306 926 345 deorum
957 321 1076 347 esse
1106 309 1286 360 plena,
1315 323 1431 360 quam
1457 297 1731 350 latinam'non

271 366 453 406 reddidit
483 366 697 414 Zumptius
738 366 980 415 pronomine
1020 378 1074 402 se
1113 366 1429 417 interponendo.
1492 367 1576 404 Nec
1615 381 1733 406 men-

271 424 367 461 dum
417 424 485 458 aut
532 420 623 457 Gzii
676 421 780 460 coni.
831 420 1027 471 sustulit,
1076 424 1142 472 qui
1193 424 1344 460 omisso
1394 424 1734 461 existimandi

274 479 396 517 uerbo
432 475 740 514 commendauit
771 477 1015 515 homines
1043 483 1297 529 oportere
1319 480 1487 517 omnia
1509 491 1735 517 cernere

272 535 483 572 deorum
519 545 635 569 esse
668 532 848 583 plena,
894 538 962 571 aut
1006 535 1179 572 Moseri:
1225 536 1350 574 hom.
1394 536 1736 573 existimauit

270 594 523 642 oportere
557 590 721 626 omnia
754 602 978 627 cernere
1011 590 1221 629 deorum
1254 604 1377 629 esse
1409 591 1577 642 plena.
1625 593 1734 629 Neu-

270 652 333 685 tra
375 659 451 683 nec
488 644 614 682 latina
656 649 722 682 est
760 658 835 683 nec
866 646 1054 684 Thaletis
1087 660 1225 684 uocem
1259 647 1409 685 reddit.
1468 648 1555 685 Nec
1590 647 1735 685 melius

274 705 373 743 Dau.
406 702 604 740 coniecit:
636 701 760 741 hom.
786 703 1116 740 existimarit
1140 710 1400 754 oportere
1429 705 1601 741 omnia
1627 717 1735 742 cre-

274 761 400 799 dere
430 758 642 796 deorum
677 770 794 795 esse
826 758 1004 809 plena3
1047 760 1193 797 Bakius
1238 773 1335 797 uero
1376 764 1419 798 et
1459 766 1616 798 temere
1657 773 1734 797 nec

270 817 399 855 latine
451 815 660 852 coniecit·
708 820 757 852 et
805 815 1050 853 homines
1100 818 1420 854 existimare
1476 821 1736 867 oportere

272 873 438 911 omnia
470 882 686 908 ceinere
719 870 926 909 deorum
959 869 1116 922 plena
1159 862 1295 910 uerbis
1340 879 1388 910 et
1430 872 1563 923 quod
1605 872 1735 909 'lha-

270 929 387 977 les,
435 928 519 978 qui
568 928 1001 978 sapientissimus
1052 929 1101 965 in
1154 934 1355 980 septem
1405 930 1508 966 suit
1559 930 1737 968 omissis.

271 987 357 1024 Nec
399 982 668 1036 probabiliter
707 988 850 1021 contra
883 983 999 1021 codd.
1043 997 1185 1023 omnes
1228 987 1338 1024 Uict.
1380 985 1526 1037 Steph.
1569 985 1736 1024 Lama:

270 1043 400 1080 hom.
435 1041 593 1078 exist.
619 1046 871 1091 oportere
893 1039 1019 1078 deos
1044 1043 1213 1080 omnia
1239 1055 1363 1080 cern
1382 1054 1493 1091 ere,
1519 1040 1736 1079 deorum

272 1099 442 1136 omnia
478 1109 600 1134 esse
631 1096 804 1148 plena.
865 1098 947 1135 Aut
976 1097 1149 1135 relatiua
1181 1100 1387 1136 sententia
1420 1099 1541 1135 scribi
1573 1101 1737 1148 oportet

272 1156 438 1193 omnia
478 1160 600 1203 quae
633 1158 990 1191 cernerentur
1029 1156 1106 1202 (sic
1148 1155 1280 1195 Gebh.
1324 1155 1420 1193 Ern.
1462 1154 1625 1204 Magn.)
1670 1151 1737 1190 uel

271 1214 562 1250 cernerent
610 1210 685 1257 (sic
728 1210 836 1247 Man.
881 1209 966 1256 Or)
1017 1214 1085 1248 aut
1125 1224 1341 1248 cernere
1384 1210 1534 1247 omitti.
1604 1210 1736 1259 Atque

270 1278 348 1315 hoc
378 1275 585 1327 equidem,
617 1277 708 1326 quia
741 1276 897 1314 ’1“·1111115
930 1278 1018 1329 ipse
1051 1279 1242 1315 uniuerse
1267 1277 1369 1314 dixit
1392 1261 1567 1311 πάντα
1590 1264 1736 1313 θεῶν

272 1339 408 1380 εἰναῖ
447 1328 652 1392 πληρη,
686 1356 765 1381 non
798 1345 958 1394 omnia,
999 1357 1100 1394 quae
1131 1349 1423 1395 cernerentur,
1466 1357 1557 1382 ess‹
1598 1342 1734 1393 plena,
1780 1334 1781 1337 Ἴ

271 1402 400 1451 magis
431 1401 574 1451 probo.
639 1399 773 1437 Simili
804 1401 1177 1450 interpretamento
1218 1406 1259 1437 et
1291 1400 1378 1439 cod.
1406 1401 1516 1439 ar‹·.h
1548 1400 1736 1450 inquina-

269 1462 334 1495 tus
368 1461 432 1493 est
465 1452 494 1495 1.
530 1455 563 1505 ξ.
595 1454 661 1495 50.
706 1457 914 1505 (uitare)
957 1460 1000 1494 et
1038 1458 1232 1508 princeps
1266 1455 1518 1495 deteriorum
1548 1455 1656 1494 liber
1689 1454 1734 1495 11.

269 1514 300 1565 ᾗ.
333 1512 400 1554 31.
433 1511 687 1560 (tollere).

385 1578 555 1618 ueluti
589 1579 718 1629 cum]
780 1579 834 1617 Et
878 1577 1026 1617 mendo
1076 1577 1164 1619 cod.
1211 1579 1320 1619 arch.
1374 1576 1569 1633 (ueluti
1611 1594 1633 1631 q
1651 1575 1733 1633 uo)

270 1637 583 1675 conuenientius
617 1639 660 1673 et
690 1635 740 1673 ad
776 1638 1023 1674 sententiam
1064 1635 1408 1674 accommodatius
1440 1637 1549 1677 Mos.
1592 1641 1634 1674 et
1665 1637 1732 1675 Or.

268 1695 521 1744 scripserunt
552 1691 723 1730 ueluti
758 1706 910 1743 quum
942 1693 976 1731 i.
1009 1704 1044 1731 e.
1082 1704 1130 1729 eo
1174 1697 1360 1742 tempore
1393 1705 1486 1742 quo,
1530 1705 1646 1743 quam
1683 1693 1733 1729 de

269 1750 386 1788 Lbini
419 1750 522 1787 coni.
556 1748 719 1798 reliqui,
754 1750 874 1786 etiam
908 1748 1074 1797 Bakius,
1107 1746 1272 1785 ueluti
1306 1750 1405 1797 qui.
1469 1749 1597 1787 Τ111·11.
1624 1749 1730 1786 Mau.

270 1807 408 1845 Lamb.
456 1804 583 1845 1:366:
636 1803 921 1855 uelutique
970 1805 1020 1841 in
1066 1804 1203 1840 sanis
1258 1807 1470 1853 essent,
1517 1805 1734 1841 maxime

268 1861 565 1912 religiosos,

385 1916 641 1968 quaedam
674 1916 929 1968 opinione
961 1914 1052 1966 sp.]
1115 1915 1184 1953 Sic
1226 1913 1451 1952 secundum
1492 1914 1608 1954 codd.
1650 1928 1735 1952 me-
1778 1923 1781 1962 ἕ

268 1973 410 2023 liores,
455 1975 495 2011 in
537 1974 682 2023 quibus
724 1977 861 2010 tamen
902 1971 1043 2010 littera
1078 1985 1096 2010 s
1137 1972 1252 2009 uerbi
1295 1973 1502 2022 sequentis
1549 1971 1737 2009 adhaesit

269 2031 489 2081 superiori,
512 2030 618 2068 Mos.
649 2030 718 2072 Or,
745 2029 907 2069 BakiuS.
938 2029 1002 2068 Cf.
1026 2028 1077 2066 de
1102 2029 1316 2066 uerborum
1343 2028 1487 2066 ordine
1505 2029 1684 2072 Cic-⁶011&
1706 2029 1734 2073 1,

274 2088 335 2127 16.
356 2086 421 2126 50.
449 2085 540 2124 sed
570 2099 700 2135 quae
727 2091 911 2123 natura
932 2085 1192 2136 principia
1216 2085 1323 2120 sint
1344 2085 1735 2122 communitatis

276 2149 326 2180 et
349 2142 640 2180 societatis
663 2141 912 2179 humanae
935 2144 1012 2180 cet.
1058 2139 1220 2190 Reliqui
1243 2152 1333 2177 cum
1353 2139 1457 2181 dett.
1482 2140 1598 2179 codd.
1623 2154 1676 2192 (111
1692 2153 1735 2177 a-

271 2198 383 2236 dam
416 2198 663 2249 opinione
695 2198 924 2248 species,

384 2265 414 2316 ξ.
449 2265 516 2305 27.
551 2263 869 2314 eandemque
899 2269 992 2303 rat.
1024 2287 1079 2291 —
1111 2264 1161 2301 in
1195 2264 1333 2313 agris
1373 2275 1428 2302 sc.
1464 2277 1581 2314 quam
1615 2261 1734 2301 delu-

271 2325 343 2361 bra
376 2324 413 2359 111
444 2322 623 2370 urbibus,
658 2325 701 2357 ut
731 2320 899 2358 deorum
933 2320 1129 2371 adspectu
1162 2321 1294 2372 pietas
1326 2325 1535 2370 augeatur.

383 2388 586 2439 religio
620 2388 817 2438 Larum]
879 2389 1058 2426 Larum
1100 2392 1163 2424 est
1195 2387 1378 2426 'l'urnebi
1419 2390 1620 2426 correctio
1658 2399 1733 2424 ne-

269 2447 447 2485 cessaria
480 2453 522 2483 et
552 2443 643 2495 lege
675 2445 706 2494 ᾗ.
749 2442 805 2483 19.
840 2446 1076 2482 confirmata
1110 2448 1152 2481 et
1183 2444 1332 2481 mendo
1365 2444 1484 2484 codd.
1517 2445 1729 2482 meliorum

268 2515 463 2555 parum
527 2501 650 2540 Goer
694 2501 798 2540 Mos
855 2503 922 2541 Or
972 2500 1196 2540 Larium
1269 2502 1486 2539 Pertinent
1532 2502 1634 2538 haec
1682 2497 1730 2535 ad

270 2559 413 2598 sedem
445 2559 592 2596 Larum
626 2556 836 2606 rmalium,
870 2571 986 2608 quam
1020 2558 1059 2594 in
1082 2554 1175 2606 lege
1200 2556 1313 2597 dixit
1374 2556 1592 2608 Religio
1623 2556 1731 2593 enim

269 2615 474 2654 interdum
508 2627 580 2665 pro
611 2626 654 2651 re
687 2617 868 2664 ponitur,
912 2626 1016 2665 quae
1048 2611 1247 2664 religione
1288 2618 1491 2662 teneatur,
1533 2611 1731 2663 quemad-

269 2671 431 2710 modum
467 2668 585 2709 Verr.
628 2670 683 2720 ll,
727 2670 792 2711 36.
831 2670 900 2711 80.
940 2669 1182 2720 religionem
1226 2670 1328 2707 dixit
1373 2670 1521 2707 Dianae
1564 2667 1732 2706 5111111111-

269 2741 393 2767 crum.
455 2724 754 2778 Compitalibus
798 2732 956 2777 autem,
997 2728 1063 2777 qui
1106 2726 1195 2765 dies
1236 2727 1332 2763 festi
1363 2731 1480 2763 erant
1509 2727 1548 2763 in
1584 2726 1730 2763 Larum

267 2785 464 2824 honorem
497 2782 708 2833 celebrati,
742 2797 819 2821 non
855 2783 983 2822 solum
1016 2798 1035 2822 a
1066 2783 1225 2833 liberis,
1259 2783 1335 2820 sed
1367 2784 1490 2821 etiam
1532 2796 1552 2820 a
1595 2785 1727 2820 seruis

1778 1976 1781 2006 ι

1778 2010 1781 2021 1

1778 2032 1781 2046 ,,

1776 2047 1781 2093 ἔ

1777 2106 1781 2135 i,

1758 2842 1764 2904 ᾗ

1759 2912 1762 2930 1
