1781 3192
185 156 239 193 12
750 153 820 191 Di«)
853 153 1086 192 LEGlBL‘S

191 269 366 306 oratoria
406 264 525 304 laude
566 264 699 302 fuisse
732 267 1018 316 conspicuum:
1065 266 1142 302 hoc
1184 270 1318 302 tamen
1360 264 1461 303 nihil
1503 265 1552 304 ad
1585 280 1656 303 an-

191 324 306 363 nales
337 323 536 374 pertinet,
569 321 718 372 quippe
749 322 894 372 quibus
926 322 1029 360 nihil
1061 321 1139 358 nisi
1166 319 1338 371 simplex
1357 334 1493 359 rerum
1517 327 1657 371 gesta-

193 394 282 419 rum
303 378 504 417 enarratio
521 377 610 414 sine
640 378 773 415 nitore
795 390 840 415 ac
859 376 1067 429 palaestra
1090 380 1204 414 esset
1224 379 1450 428 proposita.
1505 378 1657 426 Quam-

194 438 331 474 obrem
367 438 506 471 mente
538 446 559 469 a
591 431 758 471 dicendi
787 446 941 483 genere
973 436 1140 471 auocata
1170 444 1254 470 non
1285 434 1417 471 minus
1450 434 1490 471 h.
1523 433 1554 471 l.
1586 447 1659 471 an-

194 490 344 530 nalium
376 488 672 527 iucunditatem
705 491 838 540 potuit
869 502 1121 540 agnoscere,
1165 502 1282 539 quam
1322 489 1375 527 de
1413 490 1485 528 Or.
1520 485 1555 539 Ῑ,
1588 488 1660 530 43.

197 546 288 588 193.
318 547 417 584 iuris
450 544 583 583 ciuilis
615 551 786 597 propter
825 547 1041 584 uetustatis
1080 545 1278 595 quandam
1312 545 1492 597 effigiem
1524 547 1661 584 suaui-

193 608 337 643 tatem.
407 602 468 640 De
504 614 640 639 rerum
682 603 973 652 scriptoribus,
1012 603 1079 652 qui
1120 602 1162 639 h.
1203 601 1232 640 l.
1273 606 1660 651 commemorantur,

196 659 293 698 uide
314 659 345 698 1.
370 659 422 697 G.
448 657 639 696 Uossium
670 657 721 695 de
752 658 849 697 hist.
870 657 944 696 lat.
976 654 1055 697 III.
1087 671 1127 708 p.
1153 658 1249 699 726.
1273 658 1369 696 Chr.
1403 659 1451 697 D.
1468 659 1661 697 Becldum

193 719 235 755 in
270 715 478 767 prooemio
511 713 561 752 ad
591 714 821 764 Fergusoni
854 715 951 754 hist.
985 711 1019 754 I.
1050 728 1091 766 p.
1129 714 1192 755 16.
1233 714 1488 766 Bernhardyi
1529 727 1659 753 roem.

194 774 345 811 Littcr.
377 785 418 822 p.
451 770 550 810 258.

309 827 499 866 Fannii
531 830 701 864 autem
734 830 907 864 aetate
939 827 1276 877 coniunctus]
1300 827 1421 866 Nulla
1442 827 1485 865 h.
1510 825 1538 866 l.
1563 839 1662 864 con-

196 887 378 937 iecturae
416 886 645 921 necessitas
686 894 764 920 nec
802 881 1095 920 Lambinianae
1136 885 1328 934 aetati,
1372 895 1476 934 quae
1507 896 1529 920 a
1560 882 1661 921 Dan.

197 942 322 980 Goer.
356 940 449 978 Sch.
485 940 594 977 Mos.
626 938 795 989 probata
831 940 954 976 etiam
981 938 1107 976 Bakio
1130 938 1300 990 placuit,
1331 952 1408 978 nec
1431 939 1663 978 Tur-nebia-

196 1010 274 1036 nae
305 996 515 1035 Fanniov
537 999 700 1033 autem
734 999 928 1044 aetate,
961 1008 1078 1046 quam
1110 996 1318 1034 Manutius
1351 995 1558 1047 amplexus
1583 999 1661 1032 est.

198 1053 371 1093 Scilicet
408 1051 537 1090 latine
576 1050 774 1102 quaedam
817 1052 964 1101 uerba,
1005 1052 1148 1102 quibus
1181 1053 1272 1090 sere
1303 1052 1464 1090 datiuus
1495 1051 1662 1101 adiungi

199 1109 324 1160 solet,
356 1113 400 1147 ut
431 1108 481 1146 ad
512 1121 631 1159 quem
661 1107 868 1146 referatur
898 1108 1002 1145 actio
1033 1108 1255 1158 indicetur,
1287 1107 1488 1158 absolute,
1531 1112 1576 1145 ut
1606 1108 1664 1143 ita

199 1156 357 1216 dicam,
396 1168 642 1217 usurpantur
687 1167 729 1201 et
760 1176 847 1201 cum
882 1162 1059 1202 ablatiuo
1099 1166 1158 1202 rei
1201 1166 1446 1214 iunguntur,
1486 1176 1564 1214 qua
1603 1161 1662 1209 id,

201 1222 313 1275 quod
355 1224 478 1261 uerba
518 1220 776 1271 significant,
817 1220 1038 1259 efficiatur.
1109 1219 1164 1259 Et
1202 1221 1257 1258 ita
1288 1225 1455 1272 praeter
1490 1216 1664 1271 impli-

201 1279 357 1319 candi
389 1273 548 1332 (01111,
570 1276 639 1317 32.
668 1277 756 1316 117.
783 1275 903 1315 Caes.
930 1277 977 1315 Β.
1001 1277 1051 1315 G.
1074 1276 1126 1326 V,
1154 1277 1215 1317 12.
1242 1276 1278 1317 1.
1303 1273 1381 1327 VI,
1403 1276 1472 1318 25.
1493 1278 1540 1315 B.
1563 1276 1606 1315 C.
1629 1270 1664 1323 Ι,

201 1335 269 1378 58.
312 1333 402 1388 1.),
441 1346 728 1372 assuescen
743 1331 793 1369 di
824 1331 951 1387 (Tac.
983 1334 1091 1371 Anu.
1125 1330 1182 1384 ΙΙ,
1206 1332 1274 1374 44.
1295 1334 1380 1372 Liu.
1404 1333 1456 1383 X,
1480 1332 1516 1374 6.
1555 1332 1664 1380 ΧΧΙ,

199 1393 269 1434 35.
302 1391 358 1430 cf.
389 1392 516 1429 Gron.
550 1394 592 1427 et
622 1389 746 1428 Drak.
773 1389 816 1428 h.
846 1388 897 1432 l.)
926 1393 968 1427 et
996 1387 1075 1426 alia
1106 1391 1229 1428 uerba
1259 1391 1474 1429 iunctus
1505 1402 1666 1441 quoque

201 1455 243 1487 et
270 1449 590 1486 coniunctus
621 1446 837 1497 participia
869 1446 1056 1496 usurpari
1087 1444 1204 1496 plura
1235 1446 1445 1485 Ciceronis
1479 1443 1666 1496 exempla

199 1504 431 1544 luculenter
461 1502 763 1541 demonstrant.
806 1502 868 1540 Cf.
895 1502 983 1543 Cic.
1008 1514 1081 1553 pro
1103 1501 1267 1541 Cluent.
1286 1503 1328 1552 5,
1355 1503 1417 1543 12.
1440 1505 1667 1555 repente

200 1567 386 1600 exorta
415 1563 498 1599 est
520 1558 762 1598 mulieris
792 1559 1086 1610 importuna
1116 1560 1325 1597 nefaria
1355 1557 1545 1610 libido,
1569 1570 1666 1598 non

202 1618 369 1656 solum
404 1614 688 1665 dedecore,
722 1628 896 1653 uerum
930 1616 1087 1654 etiam
1121 1614 1337 1654 scelere
1369 1617 1665 1655 coniuncta.

201 1675 252 1713 ad
269 1676 358 1714 Att.
376 1673 444 1724 IX,
468 1671 587 1713 1001.
608 1671 659 1710 de
679 1671 749 1710 Or.
771 1667 804 1721 l,
824 1670 998 1712 57243.
1020 1671 1071 1711 cf.
1087 1672 1209 1711 Kritz.
1225 1671 1275 1709 ad
1292 1671 1390 1713 Sall.
1405 1672 1481 1710 Cat
1505 1673 1546 1722 2,
1565 1670 1602 1711 9.
1624 1684 1663 1721 p.

208 1731 271 1773 14.
297 1731 424 1781 Seyff.
445 1729 495 1767 ad
516 1728 629 1768 Lael.
647 1741 688 1779 p.
714 1726 811 1768 305.
870 1728 960 1766 Non
993 1727 1136 1766 eadem
1167 1741 1336 1779 prorsus
1367 1731 1470 1766 ratio
1503 1735 1566 1767 est
1588 1727 1666 1765 loci

203 1788 463 1828 ciceroniani
484 1788 525 1824 in
550 1787 666 1824 Brut.
689 1782 759 1835 92,
778 1784 872 1825 31Τ.
897 1787 1080 1835 itaque
1108 1798 1214 1822 cum
1247 1785 1541 1823 Hortensio
1572 1797 1666 1823 ma-

203 1848 279 1896 gis
309 1843 437 1882 mihi
470 1843 769 1882 arbitrabar
799 1854 903 1879 reni
934 1853 1069 1891 esse,
1103 1840 1234 1891 quod
1267 1845 1319 1879 et
1349 1840 1560 1880 dicendi
1592 1854 1666 1879 ar-

204 1904 331 1940 dore
362 1913 499 1938 eram
531 1900 755 1951 propior
786 1904 837 1936 et
868 1902 1042 1936 aetate
1084 1899 1439 1948 coniunctior,
1479 1899 1666 1949 quoniam

204 1960 261 1997 ibi
293 1959 345 2007 is,
377 1958 440 1994 cui
469 1956 726 1995 coniunctior
757 1958 861 2004 erat,
893 1958 1034 1994 mente
1064 1954 1321 2006 supplendus
1353 1959 1430 1994 est.

317 2011 555 2064 inslauit]
580 2013 659 2051 Est
688 2011 926 2062 metaphora
960 2026 981 2049 a
1011 2012 1181 2049 tibicine
1202 2012 1381 2061 repetita
1402 2012 1487 2058 (Ac.
1516 2007 1575 2060 ll,
1599 2010 1667 2051 27.

205 2071 276 2113 86.
315 2068 534 2108 simulac
564 2068 790 2106 inslauit
822 2069 1050 2117 tibicen,
1081 2081 1102 2105 a
1133 2069 1310 2119 perito
1350 2080 1557 2106 carmen
1591 2081 1667 2118 ag-

206 2124 489 2178 noscitur),
522 2139 600 2175 qua
631 2126 759 2162 maior
792 2125 876 2162 eius
909 2124 1070 2162 dicendi
1111 2126 1170 2161 uis
1210 2122 1454 2164 declaratur.
1517 2124 1582 2161 Cf.
1617 2125 1668 2162 dc

206 2186 274 2224 Or.
306 2178 364 2232 ll,
402 2181 465 2221 13.
499 2180 566 2222 54.
596 2179 822 2232 paullum
853 2192 903 2217 se
937 2183 1112 2219 erexit
1144 2179 1461 2231 addiditque
1503 2182 1667 2219 histo-

206 2242 318 2279 riae
350 2236 600 2278 maior³em
633 2250 806 2275 sonum
840 2258 892 2264 --
925 2231 1228 2288 Antipater.

309 2311 328 2334 a
342 2296 415 2333 dm
433 2308 453 2332 o
470 2308 491 2332 n
508 2308 529 2331 e
547 2308 597 2331 re
629 2292 834 2344 reliquo
848 2293 885 2343 s]
910 2306 962 2331 sc.
981 2292 1168 2345 exemplo
1187 2295 1273 2332 eius
1293 2294 1506 2345 intuendo,
1525 2306 1668 2345 quem-

207 2352 422 2391 admodum
462 2350 653 2389 similiter
692 2364 764 2401 pro
797 2351 949 2388 Scauro
982 2350 1013 2400 Q.
1045 2348 1088 2389 4.
1122 2349 1248 2389 dixit:
1291 2353 1496 2404 primus
1535 2352 1668 2389 enim

208 2411 286 2455 (M.
318 2409 512 2453 Scaurus)
544 2420 619 2445 me
651 2407 976 2457 flagrantem
1020 2407 1199 2446 studio
1238 2406 1406 2447 laudis
1446 2406 1665 2459 impulit.

208 2469 231 2506 i.
267 2479 304 2505 e.
345 2463 685 2516 quemadmodum
730 2477 828 2501 uere
869 2463 1016 2501 Bakius
1048 2464 1360 2514 animaduertit,
1413 2462 1666 2516 impulsus

209 2536 310 2561 sum
345 2524 459 2560 eius
494 2520 736 2572 exemplo
767 2519 1042 2571 intuendo,
1075 2522 1263 2571 quoniam
1296 2529 1557 2573 praesentem
1589 2531 1666 2557 nec

209 2579 313 2617 uidit
346 2591 420 2617 nec
452 2577 624 2616 audiuit.
685 2576 882 2629 Exemplo
914 2581 1050 2616 autem
1082 2590 1155 2616 suo
1196 2580 1273 2617 etsi
1312 2590 1392 2616 non
1432 2577 1482 2615 ad
1514 2576 1666 2615 oratio—

208 2637 272 2673 nis
303 2635 573 2685 elegantiam,
621 2638 755 2673 tamen
799 2633 849 2671 ad
893 2635 1000 2673 uires
1039 2639 1160 2685 atque
1192 2648 1338 2673 neruos
1380 2633 1664 2685 praelucebat3

210 2694 351 2743 quibus
385 2696 521 2729 tamen
563 2692 713 2741 spretis
748 2692 813 2742 qui
848 2698 1134 2731 successerunt
1176 2691 1322 2744 relapsi
1357 2695 1450 2729 sunt
1491 2690 1538 2729 ad
1577 2688 1666 2728 lan-

209 2761 374 2801 guorem
409 2749 679 2801 superiorum.
1517 2757 1524 2762 ·
