1781 3192
247 205 336 244 153
822 207 892 245 DE
923 207 1156 246 LEGIBUS

359 320 640 369 urbemque
684 321 734 356 et
773 319 946 369 agros]
1019 317 1232 370 Templa
1281 323 1377 356 sunt
1414 322 1606 371 regiones
1656 324 1703 361 ab

246 377 461 425 auguribus
494 375 742 425 descriptae,
770 376 876 412 iutra
909 388 1005 425 quas
1038 377 1203 426 auguria
1239 381 1449 425 caperent.
1510 377 1624 416 Seru.
1655 379 1706 416 ad

245 432 346 468 Aen.
391 427 424 479 I,
464 429 532 470 92.
578 430 696 469 Varr.
738 432 783 469 L.
825 432 872 469 L.
914 428 1025 481 VII,
1066 432 1102 473 6.
1172 431 1386 470 Eiusmodi
1425 432 1622 483 templum
1665 440 1708 472 et

246 487 354 523 Urbs
388 492 475 524 erat
507 489 616 525 intra
645 489 898 538 pomoerium
933 488 1060 536 (Gell.
1093 489 1140 528 N.
1173 490 1220 528 A.
1258 488 1363 537 Xlll,
1403 488 1464 528 14.
1506 492 1622 528 seru.
1657 489 1708 526 ad

244 544 347 580 Aen.
383 542 451 592 Vl,
492 542 602 590 197.)
642 549 684 581 et
714 545 753 581 in
795 548 901 593 agris
945 546 978 582 si
1019 546 1183 593 auguria
1223 545 1507 595 capiebantur,
1553 545 1708 596 templa

245 598 446 636 eiusmodi
471 598 753 640 tabehantur.
826 603 1004 649 Quorum
1046 603 1113 639 ubi
1152 602 1256 638 fines
1299 607 1469 651 essent,
1518 603 1709 651 quoniam

244 667 418 705 augures
451 657 690 706 effabantur,
724 657 892 695 effata
925 658 1079 709 templa
1121 656 1447 708 appellabantur.
1491 657 1605 697 Varr.
1638 658 1707 707 Vt,

244 710 313 751 53.
374 713 625 751 Liberata
657 718 791 751 autem
825 713 1082 764 dicebantur,
1116 715 1206 763 quia
1239 719 1308 751 aut
1336 714 1375 750 in
1400 726 1542 751 omnes
1567 720 1706 765 partes

244 766 351 805 coeli
387 767 494 806 liber
533 770 753 821 adspectus
797 776 909 807 esset
947 768 1062 824 (nam
1102 770 1193 808 loca
1234 770 1285 807 ad
1329 770 1370 807 id
1421 769 1710 820 deligebantur

244 822 405 874 altiora,
439 838 539 875 quae
571 831 683 864 tesca
715 840 736 864 a
766 827 922 864 tuendo
955 829 1170 864 uocabant.
1234 827 1350 865 Varr.
1387 826 1434 864 L.
1469 826 1516 865 L.
1546 827 1633 877 Vll,
1665 826 1707 867 8·

243 880 361 918 Fest.
394 893 428 920 S.
463 896 498 922 ιι.
534 881 699 935 tesca)
743 888 811 920 aut
853 884 945 933 quia
984 882 1262 921 liberarentur
1301 897 1322 920 a
1352 885 1474 920 rebus
1505 884 1707 935 profanis.

244 936 359 976 Seru.
394 937 445 976 ad
475 940 576 977 Aen.
607 940 638 988 l,
672 939 766 979 450.
805 940 994 990 Hartung
1032 939 1167 990 Relig.
1212 939 1252 977 d.
1287 940 1431 978 Roem.
1467 935 1499 977 I.
1542 954 1578 991 p.
1612 939 1708 980 141.

243 993 331 1030 Jam
372 1007 460 1032 cum
498 1000 540 1032 et
581 997 682 1033 urbe
721 1001 762 1033 et
802 998 910 1046 agris
951 1009 1126 1046 augures
1172 997 1390 1034 iubeantur
1436 996 1600 1047 templis
1649 997 1709 1035 uti

243 1050 377 1087 effatis
410 1056 452 1089 et
481 1051 681 1101 liberatis,
713 1052 955 1103 particulam
989 1057 1041 1090 et
1073 1052 1124 1090 de
1156 1053 1246 1090 Gzii
1291 1058 1333 1090 et
1363 1053 1578 1103 Ilartungii
1612 1066 1708 1090 sen-

243 1108 374 1144 tentia
419 1106 482 1161 (l.
522 1107 550 1147 l.
593 1122 635 1160 p.
675 1107 802 1162 llb'.)
850 1108 981 1147 deleri
1027 1122 1203 1147 necesse
1251 1114 1345 1157 est3
1396 1121 1489 1145 nam
1534 1107 1709 1147 ridicula

242 1163 397 1201 Moseri
440 1170 504 1203 est
545 1166 857 1216 interpretatio,
907 1167 973 1216 qui
1013 1170 1063 1203 et
1100 1166 1208 1202 idem
1254 1178 1347 1202 esse
1389 1167 1444 1202 ait
1484 1170 1606 1215 atque
1658 1170 1710 1202 et

244 1221 464 1260 omnino.
528 1222 700 1271 BakiuS,
741 1224 806 1272 qui
849 1227 891 1259 et
931 1223 1022 1273 ipse
1066 1227 1119 1260 et
1150 1221 1282 1259 deleri
1316 1220 1474 1270 uoluit,
1516 1224 1710 1273 imperite

243 1278 420 1314 coniecit
452 1279 575 1315 urbe
608 1283 657 1315 et
689 1292 822 1328 agro,

356 1334 557 1371 uitiosa
589 1334 700 1371 dira
742 1348 787 1372 ea
826 1335 1033 1384 nominat,
1075 1347 1175 1384 quae
1217 1333 1404 1384 neglecto
1438 1335 1537 1372 uitio
1570 1339 1611 1372 et
1644 1335 1710 1373 di-

242 1401 376 1426 rarum
420 1391 733 1428 obnuntiatione
783 1395 969 1441 agantur.
1043 1390 1107 1428 Ct'.
1159 1403 1276 1440 quem
1330 1390 1477 1428 Bakius
1526 1390 1710 1430 laudauit

242 1444 330 1482 Cic.
364 1444 416 1482 de
449 1446 540 1484 Diu.
573 1447 603 1495 l,
642 1446 706 1485 16.
741 1444 808 1486 29.
872 1446 1128 1495 Defigere
1161 1452 1313 1495 autem,
1346 1459 1419 1497 pro
1448 1460 1523 1496 quo
1546 1448 1709 1499 Lipsius

243 1499 349 1538 male
375 1503 551 1539 coniecit
582 1502 843 1552 deixerit,
879 1503 1067 1540 Dauisius
1102 1502 1353 1551 edixerit,
1392 1504 1570 1541 firmiter
1608 1518 1709 1556 pan-

240 1558 364 1607 gendi
398 1564 440 1596 et
472 1559 671 1596 translato
705 1560 828 1597 uerbo
858 1560 1032 1596 tirmiter
1063 1558 1299 1597 declarandi
1332 1561 1412 1596 uim
1446 1560 1584 1599 habet.

357 1614 578 1666 capital]
642 1617 709 1653 Sic
741 1617 890 1654 merito
932 1620 1027 1666 post
1059 1617 1285 1654 Manutium
1321 1615 1564 1666 Ernestius,
1607 1616 1708 1655 reli-

242 1671 309 1719 qui
343 1683 390 1709 ex
421 1671 571 1709 mendo
605 1672 822 1710 meliorum
857 1671 1057 1710 carital
1090 1673 1161 1721 (cs.
1193 1673 1300 1709 Non.
1333 1685 1373 1724 p.
1407 1671 1521 1721 38.);
1560 1672 1707 1723 reliqui

241 1728 492 1779 capitale.

357 1786 462 1828 lx.
524 1789 772 1823 oratores
806 1783 1035 1823 fetiales
1060 1785 1163 1835 c‹·t.]
1227 1784 1386 1836 Mendi,
1419 1784 1526 1835 quod
1549 1786 1589 1822 in
1615 1786 1706 1824 cod.

243 1840 354 1877 arch.
373 1840 751 1891 fuit,0rat0ru¹n
777 1842 1005 1879 fetiales
1031 1842 1415 1887 iudices÷÷m10n
1442 1845 1592 1878 sunto
1610 1855 1707 1893 pro-

241 1896 388 1935 babilis
422 1900 623 1936 correctio
656 1912 731 1935 nec
765 1911 811 1935 ea
841 1904 920 1948 est,
964 1911 1081 1948 quam
1113 1898 1259 1948 Steph.
1294 1898 1395 1936 Dan.
1429 1897 1527 1938 Ern.
1561 1898 1706 1949 Wagn-

242 1952 390 1990 Bakius
424 1959 519 1992 sunt
550 1954 723 2005 amplexi
758 1959 1008 1992 oratores
1033 1953 1329 2005 (oratorum
1356 1953 1526 2006 Stepli.)
1549 1955 1707 1993 fetia-
1778 1960 1781 1990 i

241 2008 320 2046 les
354 2010 558 2050 iudices
593 2011 687 2049 duo
720 2017 876 2048 sunto
909 2024 987 2048 nec
1010 2010 1080 2048 illa
1105 2011 1323 2060 Scliess'eri,
1357 2024 1472 2062 quam
1497 2013 1586 2062 ipse
1615 2026 1706 2050 cum

242 2067 368 2105 Goer.
409 2068 506 2106 sch.
546 2069 668 2106 Mos.
698 2069 764 2106 Or.
804 2069 954 2118 recepi.
1024 2068 1133 2104 Uera
1174 2068 1337 2115 quidem
1383 2081 1428 2105 ac
1472 2070 1706 2105 necessaria

241 2124 280 2159 in
313 2123 376 2160 his
408 2131 471 2161 est
504 2124 706 2161 correctio
739 2129 1002 2170 oratores,
1034 2125 1214 2172 quamuis
1247 2125 1395 2161 acriter
1420 2123 1557 2162 Madu.
1587 2138 1705 2162 men-

242 2178 337 2215 dum
371 2186 631 2217 oratorum
666 2181 770 2216 tueri
805 2180 968 2216 studeat
1001 2180 1039 2216 in
1069 2192 1202 2229 progr.
1235 2193 1277 2231 p.
1309 2180 1369 2218 17,
1432 2179 1563 2217 Erant
1595 2183 1704 2219 enim

240 2236 322 2285 ipsi
353 2236 517 2274 fetiales
550 2241 732 2273 oratores
757 2237 782 2273 i.
804 2248 840 2273 e.
864 2235 987 2286 legati
1012 2234 1150 2285 (Fest.
1176 2249 1216 2286 p.
1248 2236 1337 2275 115.
1374 2236 1477 2273 Non.
1504 2250 1542 2287 p.
1563 2235 1704 2290 529),

241 2304 322 2328 non
366 2292 459 2343 alii,
503 2306 671 2344 quorum
720 2306 786 2329 res
826 2293 874 2330 ad
916 2291 1115 2329 fetialium
1155 2292 1350 2330 iudicium
1386 2298 1704 2342 reuocareutur3

243 2354 284 2385 et
324 2348 457 2387 facilis
501 2363 599 2387 sane
639 2349 758 2386 huius
800 2348 939 2386 mendi
981 2353 1092 2385 ortus
1144 2354 1233 2385 erat
1282 2354 1453 2399 propter
1501 2351 1707 2399 genitiuos

241 2406 554 2454 praecedentes.
616 2405 698 2443 Sed
741 2418 816 2443 nec
855 2405 950 2442 duo
991 2404 1201 2456 probabile
1242 2410 1306 2442 est
1346 2418 1422 2442 nec
1465 2418 1536 2444 ue.
1598 2405 1706 2455 Quid

244 2460 386 2499 enim?
418 2464 507 2500 Non
543 2463 640 2500 duo
686 2468 803 2499 erant
840 2461 1021 2511 fetiales,
1055 2461 1131 2498 sed
1169 2462 1388 2512 uiginti,
1428 2466 1473 2499 ut
1512 2474 1560 2499 ex
1599 2463 1705 2500 Uar-

242 2531 341 2554 rone
374 2521 635 2569 cognoscitur
667 2532 731 2569 ap.
754 2520 860 2556 Non.
894 2531 926 2557 s.
956 2531 995 2556 u.
1027 2517 1253 2555 fetiales
1286 2532 1322 2569 p.
1345 2515 1442 2558 5⁴29.
1467 2514 1532 2571 (si
1555 2519 1704 2555 cuius

240 2573 411 2624 legati
470 2574 665 2613 uiolati
723 2579 938 2623 essent,
997 2575 1082 2624 qui
1127 2574 1424 2623 fecissent,
1472 2575 1704 2623 quamuis

241 2629 451 2668 nobiles
490 2637 698 2680 essent,
740 2634 814 2669 uti
848 2631 1176 2669 dederentur
1215 2619 1460 2678 ciuitllti,
1502 2634 1704 2668 statue-

240 2692 363 2724 runt
390 2687 719 2738 fetialesque
757 2689 975 2739 uiginti,
1010 2689 1095 2738 qui
1119 2688 1182 2725 de
1206 2687 1284 2724 his
1307 2688 1461 2724 rebus
1485 2700 1705 2738 cognos-

334 2812 364 2851 ‘)
393 2812 521 2844 Eri-ure
550 2811 582 2843 in
610 2815 728 2844 annot.
756 2812 835 2844 rrit.
866 2811 1039 2844 omissum
1069 2815 1123 2843 cst
1149 2809 1353 2842 iudices.

1756 3011 1758 3025 ἡ
1754 2858 1763 2990 -Α-,ῳῇ
