1781 3192
225 186 312 223 106
796 188 865 226 DE
902 189 1133 229 LEGIBUS

349 309 444 335 nec
480 297 731 349 Mamilia]
794 300 894 339 Cum
927 300 977 340 lis
1012 303 1063 340 de
1102 306 1181 341 isto
1224 305 1403 354 quinque
1446 306 1596 356 pedum
1639 311 1703 347 in-

238 353 413 392 teruallo
447 358 536 390 orta
568 366 617 392 ex
650 354 722 393 ΧΙΙ
753 355 903 395 tabulis
935 360 1066 397 tribus
1098 360 1260 397 arbitris
1302 367 1416 399 esset
1457 361 1702 416 dirimenda,

238 412 282 449 G.
316 407 541 458 MamiliuS,
573 412 762 450 tribunus
794 411 945 465 plebis,
979 429 1011 453 a.
1045 413 1143 456 589.
1175 414 1269 465 lege
1301 415 1353 454 de
1393 418 1540 456 finibus
1580 433 1700 470 agro-

235 479 326 504 rum
368 464 564 514 regundis
603 466 687 506 lata
726 471 874 520 sanxit,
920 476 963 508 ut
1000 471 1052 509 lis
1084 474 1163 509 ista
1193 472 1363 522 singulis
1395 474 1557 512 arbitris
1598 476 1700 515 diri-

234 520 384 559 menda
414 521 666 574 traderetur,
696 531 862 576 praetor
893 532 1030 565 autem
1070 533 1154 566 tum
1188 528 1385 578 adiretur,
1427 531 1460 566 si
1501 529 1553 568 lis
1593 531 1700 571 ultra

233 579 409 630 quinque
438 578 568 629 pedes
602 586 731 632 esset,
763 585 949 633 quoniam
984 583 1032 621 lis
1066 597 1144 621 nou
1180 585 1259 622 iam
1294 585 1345 622 ad
1378 586 1496 634 fines,
1541 587 1617 625 sed
1648 587 1698 628 ad

230 635 536 687 possessionem
567 639 811 689 pertineret.
872 639 939 677 Sic
971 646 1085 678 recte
1118 640 1265 691 wytt„
1298 643 1364 691 qui
1395 640 1532 680 laudat
1553 643 1696 685 Front.

233 691 286 729 de
325 688 446 730 limit.
489 706 572 743 agr.
603 708 645 745 p.
679 693 748 735 40.
810 696 1022 746 Aggenum
1055 696 1247 734 Urbicum
1298 699 1338 735 in
1380 704 1599 739 comment.
1646 701 1695 740 ad

232 749 377 786 Front.
408 761 446 798 p.
480 748 550 789 53.
602 751 798 789 Bachium
830 752 938 790 Hist.
973 754 1051 791 iur.
1086 766 1185 791 rom.
1218 749 1272 793 ΙΙ.
1307 767 1342 792 c.
1376 756 1413 794 2.
1447 754 1481 804 ξ.
1522 755 1584 794 11.

347 803 439 842 sed
473 818 530 843 ex
561 806 667 858 his]
727 809 882 859 Aperto
915 807 1067 847 codicis
1101 809 1213 847 arch.
1236 809 1384 848 mendo
1418 823 1504 847 res
1537 811 1696 850 sublato

233 858 339 898 nihil
370 866 585 911 praeterea
618 877 717 916 opus
750 869 813 902 est
844 867 1066 915 corrigere.
1126 866 1228 903 Nam
1268 879 1345 904 uec
1387 866 1426 903 id
1470 867 1695 906 incommo-

233 915 326 954 dum
369 921 462 965 est,
502 919 608 969 quod
638 926 809 972 propter
839 920 1097 972 praecedens
1129 920 1264 971 legis
1296 921 1532 970 uocabulum
1566 923 1694 976 legi-

230 975 344 1023 bus,
382 986 462 1010 non
506 975 712 1015 tabulis
752 977 941 1027 auditur,
985 982 1028 1015 et
1066 983 1180 1015 recte
1221 978 1318 1028 xli,
1369 992 1458 1016 cum
1509 982 1695 1031 proxime

229 1031 311 1067 sint
341 1038 700 1084 commemoratae,
734 1038 777 1071 ut
807 1035 999 1072 Ciceroni
1031 1035 1241 1085 proximae
1272 1040 1565 1076 monstrantur.
1607 1038 1694 1075 Nec

229 1092 365 1124 tamen
409 1087 696 1128 abstinuerunt
746 1092 979 1128 coniectura
1020 1090 1166 1142 steph.
1216 1094 1258 1128 et
1295 1091 1449 1129 Lbinus
1498 1093 1539 1129 in
1592 1093 1691 1134 edit.

231 1142 353 1183 1566.
389 1143 483 1181 scd
512 1158 601 1184 nos
634 1152 761 1196 tres,
794 1147 1011 1184 Ernestius
1037 1146 1129 1184 sed
1157 1159 1213 1183 ex
1238 1145 1364 1196 illis,
1398 1148 1691 1188 Ranconnetus

229 1204 271 1237 et
308 1199 464 1237 Lbinus
504 1204 545 1240 in
589 1203 688 1242 edit.
737 1201 856 1243 1584.
899 1201 991 1240 sed
1034 1215 1090 1240 ex
1121 1202 1214 1250 X113
1265 1208 1386 1253 atque
1433 1204 1510 1242 hoc
1556 1207 1690 1256 ipsum

224 1254 382 1294 Orellio
413 1269 495 1294 non
527 1257 753 1310 displicuit.
813 1257 924 1298 Male
954 1259 1062 1296 Uict.
1095 1259 1196 1296 Dan.
1227 1258 1370 1310 Wagn.
1394 1260 1492 1298 Seli.
1527 1273 1584 1298 ex
1611 1262 1688 1299 iis.

340 1311 374 1361 ξ.
407 1311 476 1353 56.
538 1315 795 1365 dicemus]
856 1316 937 1353 Pro
978 1328 1050 1365 eo,
1094 1313 1200 1365 quod
1243 1316 1282 1352 in
1325 1315 1418 1354 cod.
1460 1317 1573 1355 arch.
1608 1317 1690 1356 fuit

222 1369 474 1417 dicimus,
519 1374 703 1422 expressi
746 1384 836 1410 cum
876 1371 1003 1410 Goer.
1046 1372 1142 1409 Sch.
1183 1371 1292 1410 Mos.
1334 1372 1404 1411 Or.
1435 1371 1686 1424 dicemus,

220 1424 264 1462 id
297 1423 404 1474 quod
436 1426 484 1461 ab
518 1427 709 1466 Ernestio
740 1429 820 1466 iam
853 1427 1184 1465 commendatum
1217 1428 1342 1466 Gzius
1383 1430 1424 1465 in
1451 1430 1521 1468 Br.
1562 1443 1687 1481 repc-

220 1482 325 1518 risse
357 1492 401 1517 se
441 1483 635 1534 scripsit,
669 1497 750 1522 non
793 1484 900 1535 quod
940 1485 1057 1521 istius
1089 1483 1241 1521 codicis
1271 1486 1502 1523 auctoritati
1532 1485 1685 1536 aliquid

220 1538 424 1586 tribuam,
467 1539 543 1577 sed
586 1542 681 1591 quia
719 1542 760 1578 in
802 1552 872 1590 re,
914 1552 1016 1590 quae
1048 1553 1128 1577 non
1160 1541 1239 1577 iam
1269 1541 1346 1579 hoc
1377 1541 1467 1592 ipso
1497 1544 1687 1594 tempore

218 1598 376 1643 agatur,
420 1592 670 1635 declaranda
710 1599 851 1650 inepte
893 1608 1091 1648 praesens
1133 1601 1295 1647 tempus
1338 1602 1569 1649 usurpatur.
1636 1595 1684 1636 In

217 1650 399 1687 futurum
442 1655 605 1704 tempus
646 1655 768 1692 istam
810 1653 1148 1691 diiudicationem
1182 1654 1298 1691 reiici
1329 1667 1418 1691 cum
1449 1654 1579 1693 Marci
1612 1653 1685 1693 illa

218 1707 345 1744 uerba
377 1704 590 1748 declarant
619 1723 717 1749 nec
747 1708 985 1749 Mamilia
1026 1709 1147 1759 lege
1187 1732 1241 1737 —
1277 1722 1521 1760 regemus
1560 1711 1683 1749 item-

218 1774 296 1813 que
337 1763 371 1813 «ξ.
404 1762 474 1803 52.
516 1765 605 1804 sed
643 1765 934 1818 aliquando
976 1770 1151 1803 tamen
1190 1765 1553 1815 iudicandam,
1596 1771 1681 1805 tum

217 1820 359 1868 Quinti
394 1819 518 1859 haec:
552 1828 870 1876 quapropter
916 1822 1012 1860 hoc
1055 1821 1343 1860 diiudicari
1394 1823 1574 1860 nescio
1623 1835 1682 1860 an

213 1889 456 1927 nmquam.

326 1935 629 1986 pepigerit]
691 1936 752 1975 Ex
784 1935 903 1975 codd.
938 1934 1176 1974 melioribus
1211 1931 1268 1988 (A
1300 1939 1342 1973 et
1372 1935 1420 1985 B,
1464 1940 1507 1974 ut
1538 1934 1680 1974 multis

210 1988 313 2027 locis
346 1988 451 2040 aliis,
484 1994 663 2031 correcti
686 1999 781 2032 sunt
804 2007 852 2031 ex
875 1988 1178 2045 deterioribus)
1211 2004 1299 2029 cum
1326 1992 1436 2030 Uict.
1468 1998 1509 2031 et
1532 1992 1678 2044 Steph.

207 2045 265 2095 id,
307 2045 416 2097 quod
456 2048 622 2087 Mosero
658 2062 825 2101 *quoque
864 2049 1040 2100 placuit,
1088 2061 1162 2099 pro
1211 2050 1436 2098 pegerit
1484 2050 1679 2087 reuocaui

208 2104 494 2153 pepigerit.
556 2105 657 2142 Nam
697 2107 773 2143 etsi
813 2118 861 2142 ex
902 2105 1032 2143 Prisc.
1078 2104 1128 2152 X,
1171 2104 1211 2143 5.
1253 2101 1322 2143 32.
1362 2105 1536 2154 priscam
1581 2118 1678 2155 per-

211 2158 311 2196 fecti
341 2158 514 2196 formam
547 2162 669 2211 pegi
704 2162 928 2211 antiquitus
962 2161 1151 2198 usitatam
1194 2159 1323 2196 fuisse
1362 2165 1502 2211 patet:
1540 2167 1677 2199 tamen

210 2227 258 2252 ex
289 2218 456 2252 auctore
488 2214 538 2252 ad
568 2216 668 2254 Her.
704 2213 762 2266 ΙΙ,
800 2216 864 2256 13.
899 2216 968 2256 20.
1001 2229 1089 2254 eam
1121 2228 1202 2253 non
1233 2216 1290 2253 ita
1327 2217 1368 2253 in
1411 2230 1527 2255 usum
1567 2217 1677 2256 iudi-

211 2269 358 2309 cialem
392 2272 558 2309 uenisse
590 2274 855 2324 perspicitur,
888 2278 932 2311 ut
964 2271 1092 2311 altera
1124 2273 1162 2309 in
1198 2272 1350 2309 iudicio
1391 2280 1674 2324 sperneretur.

208 2327 297 2366 Huc
330 2326 504 2377 accedit,
548 2328 678 2379 quod,
720 2335 763 2367 ut
802 2334 916 2368 recte
951 2329 1058 2368 Mos.
1100 2327 1410 2379 animaduertit,
1453 2330 1555 2368 haec
1593 2343 1675 2368 non

207 2388 414 2434 tamquam
446 2384 577 2422 forma
609 2385 815 2423 iudicialis
846 2387 1114 2437 proponitur,
1157 2384 1231 2422 sed
1273 2386 1440 2423 uerbum
1480 2384 1675 2424 iudiciale

207 2453 228 2478 a
271 2439 412 2478 Tullio
455 2446 679 2480 assumtum
720 2442 771 2480 ad
812 2443 939 2494 ipsius
981 2442 1228 2487 sententiam
1267 2439 1557 2480 declarandam
1598 2441 1673 2481 ad-

206 2497 389 2534 hibetur.

317 2553 530 2604 parere]
591 2555 622 2592 A
654 2556 808 2605 passini
839 2556 1003 2605 generis
1036 2554 1168 2592 forma
1200 2554 1360 2605 saepius
1406 2552 1454 2591 ad
1496 2553 1670 2591 sormam

201 2610 368 2660 generis
401 2611 525 2649 actiui
555 2612 765 2649 transitur.
827 2611 889 2651 Cf.
924 2611 1011 2651 Cic.
1044 2612 1157 2649 Brut.
1186 2611 1256 2661 52,
1293 2608 1386 2650 196.
1421 2609 1473 2647 de
1504 2609 1575 2647 Or.
1611 2606 1669 2660 ΙΙ,

201 2665 271 2706 41.
310 2665 402 2706 177.
443 2666 493 2705 de
525 2666 610 2706 Inu.
641 2664 707 2717 II,
739 2667 808 2708 40.
846 2667 935 2708 117.
974 2668 1025 2706 de
1055 2668 1146 2707 Fin.
1182 2663 1249 2717 II,
1285 2666 1323 2705 7.
1359 2665 1426 2706 21.
1469 2663 1577 2704 Phil.
1611 2662 1668 2717 V,

204 2721 268 2762 14.
305 2720 369 2762 39.
403 2723 539 2762 Madu.
583 2724 634 2762 de
666 2725 755 2765 Fin.
791 2738 832 2776 p.
871 2724 961 2765 178.
1003 2724 1150 2775 Wopk.
1189 2723 1306 2762 Lect.
1351 2721 1462 2760 Tull.
1492 2735 1534 2774 p.
1566 2720 1668 2762 307.

195 2777 307 2818 lield
340 2779 391 2818 ad
423 2780 543 2823 Caes.
577 2781 622 2823 B.
654 2782 704 2824 G.
736 2782 767 2834 1,
799 2780 866 2823 32.
930 2783 1190 2834 Quapropter
1229 2777 1455 2832 probabilis
1487 2791 1568 2817 non
1602 2783 1667 2818 est

1778 1664 1781 1703 ἰ

1778 1714 1781 1734 ι

1776 1741 1781 1796 1

1775 1796 1781 1824 ὲ
