1781 3192
540 201 698 241 LlBER
729 201 952 240 PRIMUS.
1002 201 1100 241 Car.
1127 202 1153 239 Ι.
1559 198 1586 235 25

124 324 248 356 esset.
318 316 479 354 Obiecti
517 316 641 365 igitur
677 312 768 352 loco
806 318 870 351 est
917 326 1156 364 pronomen.
1222 307 1403 350 Adiecta
1452 316 1585 349 autem

123 387 259 422 causa,
284 377 327 410 ut
343 376 454 427 «1⁰²⁸
486 370 673 420 absurda,
704 370 861 406 ironiae
891 371 952 407 uis
985 370 1203 408 admodum
1235 372 1418 420 augetur.
1477 367 1587 417 Qua-

123 435 294 482 propter
341 442 461 467 causa
503 426 612 465 nulla
656 430 721 464 est
761 425 981 463 mutandae
1020 426 1346 474 coniunctionis,
1395 437 1470 476 pro
1513 437 1588 474 qua

126 487 226 524 nau.
270 490 311 523 et
341 487 391 523 A.
416 485 463 523 G.
499 485 712 534 Zumptius
744 495 888 532 quam
922 484 1068 532 corrigi
1099 482 1333 521 uoluerunt.
1393 481 1589 519 Ceterum

122 544 290 582 Homeri
322 541 452 590 locus,
485 553 602 591 quem
635 544 809 590 spectat,
843 544 907 576 est
938 542 979 576 in
1012 539 1088 577 Od.
1120 550 1167 589 Ji,
1196 538 1290 579 162.

213 598 364 647 dixit]
396 598 551 647 l⁴Ixig11a
582 595 752 633 duorum
785 594 970 632 codicum
1005 594 1133 647 (βγ)
1167 595 1410 633 auctoritate
1441 592 1589 631 Bakiuu

125 655 259 693 dicit
288 666 362 704 pro
394 653 524 691 dixit
554 653 729 703 scripsit.
791 650 983 701 Neglexit
1012 654 1200 690 nimirum
1234 652 1295 688 uir
1319 648 1464 688 doctus
1489 649 1527 686 H
1541 661 1587 686 o-

125 711 367 749 mericum
399 708 599 747 Ulixem
643 720 735 746 esse
771 707 973 746 Ulixem
1016 710 1070 747 ab
1103 709 1327 746 Homero
1360 704 1590 744 celebra-

125 772 272 815 tum,.
302 768 367 815 qui
415 766 665 811 nonssminus
710 770 822 802 recte
865 764 1016 803 dicitur
1061 765 1295 813 dixisse,
1346 766 1389 801 ut
1428 766 1592 812 tempus

127 827 363 874 spectetur,
394 836 471 872 quo
511 823 590 859 hoc
629 821 802 871 dixerit,
845 835 960 872 quam
1004 821 1214 870 dicere,
1262 824 1308 858 ut
1344 820 1467 857 uerba
1503 819 1592 856 eius

129 881 363 918 etiamnunc
395 878 500 929 apud
531 879 754 915 Homerum
787 882 948 915 exstare
981 879 1245 928 significetur.

212 948 236 972 n
252 936 399 973 untia
432 934 594 985 fulua]
620 934 694 971 Est
717 947 858 972 uersus
888 935 1097 973 Ciceronis
1115 933 1166 971 de
1185 933 1318 972 Mario
1337 931 1593 983 depromitis,

130 1005 247 1042 quem
278 997 447 1043 propter
477 993 653 1041 quinque
688 992 812 1028 uerba
844 992 883 1028 in
916 1005 943 1031 a
975 990 1208 1029 desinentia
1229 993 1343 1027 recte
1367 988 1593 1039 Vl'agnerus

334 1044 343 1058 Ι

128 1062 184 1097 ait
213 1064 543 1105 κακοφωνον
590 1071 698 1096 esse.
766 1059 963 1095 Finxerat
1011 1057 1174 1096 scilicet
1212 1055 1373 1095 Tullius
1420 1052 1594 1105 aquilam

130 1128 179 1153 ex
231 1114 310 1152 alta
349 1127 501 1164 quercu
539 1118 829 1165 praetereunte
871 1114 1004 1151 Mario
1057 1112 1289 1152 euolauisse
1337 1113 1595 1161 Mariumque

128 1173 225 1211 hinc
256 1171 431 1208 faustum
463 1172 674 1221 augurium
707 1171 957 1222 suscepisse.
1022 1169 1088 1208 Cf.
1127 1170 1178 1208 de
1208 1170 1302 1208 Diu.
1335 1169 1366 1217 Ι,
1398 1167 1468 1208 47.
1505 1164 1596 1206 106.

129 1229 210 1266 Per
253 1239 349 1265 aues
393 1231 527 1264 autem
572 1226 669 1264 dare
708 1226 808 1264 deos
849 1225 1001 1264 indicia
1042 1238 1179 1265 rerum
1225 1226 1455 1264 futurarum
1498 1224 1598 1261 trita

129 1286 403 1322 Romanorum
442 1284 577 1335 opinio
619 1288 731 1333 erat,
773 1282 1023 1334 satellesque
1063 1283 1168 1321 louis
1210 1281 1369 1334 aquila,
1412 1292 1516 1332 quae
1558 1279 1595 1316 ei

129 1354 243 1380 sacra
273 1340 513 1389 habebatur,
546 1341 668 1378 etiam
700 1340 741 1377 in
773 1340 960 1378 uersibus
994 1338 1237 1392 appellatur,
1276 1352 1376 1390 quos
1408 1339 1496 1376 Cic.
1522 1334 1551 1375 1.
1569 1333 1597 1372 l.

130 1410 180 1435 ex
222 1397 351 1435 Mario
391 1397 508 1434 nobis
544 1397 741 1435 seruauit.
810 1395 906 1435 Noli
943 1402 1077 1434 autem
1117 1410 1207 1435 cum
1249 1396 1414 1435 Mosero
1452 1397 1597 1445 putare

131 1452 325 1491 fuluam
374 1452 546 1503 aquilam
586 1453 628 1492 h.
659 1452 690 1490 l.
725 1452 828 1502 dici,
870 1458 915 1492 ut
946 1454 992 1490 ab
1027 1452 1162 1503 aquila
1191 1453 1345 1491 fusca
1377 1455 1419 1489 et
1448 1451 1598 1500 nigra

132 1509 420 1558 distinguatur.
488 1509 792 1546 Obuersabatur
822 1522 919 1547 sane
950 1512 1095 1559 poetae
1137 1511 1269 1547 animo
1300 1509 1344 1548 id
1375 1506 1597 1558 aquilarum

132 1578 275 1616 genus,
307 1566 370 1602 cui
402 1562 513 1602 color
543 1563 679 1602 suluus
713 1568 782 1603 est
821 1570 863 1603 et
903 1565 1009 1616 quod
1050 1564 1218 1616 reliquis
1250 1565 1489 1616 generosius
1523 1562 1599 1600 ha-

132 1623 262 1660 bitum
295 1633 386 1658 esse
417 1620 608 1658 Moserus
641 1622 710 1659 ait.
771 1622 839 1660 Sic
870 1621 1023 1660 factum
1048 1626 1126 1671 est,
1151 1627 1195 1659 ut
1224 1622 1488 1669 adiectiuum,
1520 1630 1596 1670 quo

131 1677 304 1728 aquilam
336 1681 526 1727 ornaret,
566 1678 605 1714 ei
636 1677 713 1715 hoc
744 1680 964 1726 tribueret3
1006 1691 1059 1716 ne
1091 1678 1143 1716 de
1174 1680 1290 1729 nigra
1321 1679 1408 1729 quis
1441 1677 1598 1727 cogita-

129 1739 211 1784 ret,
244 1745 394 1771 cauere
428 1737 540 1771 certe
571 1732 714 1773 noluit.
977 1758 981 1759 ν
1183 1765 1191 1768 ,

206 1790 246 1829 Μ
261 1791 488 1827 arianam
521 1804 577 1841 qu
592 1790 782 1841 ereum]
808 1791 1071 1829 Substantiua
1090 1790 1194 1843 apud
1208 1789 1357 1829 latinos
1377 1791 1599 1842 scriptores

128 1852 224 1899 post
254 1858 372 1897 pron.
404 1844 524 1885 relat.
568 1858 692 1896 saepe
738 1845 804 1884 uel
835 1848 1142 1899 perspicuitatis
1185 1860 1304 1885 causa
1337 1849 1472 1899 repeti
1504 1860 1600 1885 con-

132 1908 214 1940 stat
244 1901 311 1939 uel
338 1906 573 1954 propterea,
605 1907 649 1939 ut
679 1904 790 1940 notio
829 1905 902 1953 rei,
935 1917 1051 1954 quam
1093 1904 1250 1942 attendi
1278 1903 1481 1953 uolumus,
1513 1917 1599 1942 ma-

135 1960 196 2010 gis
229 1964 406 1996 acuatur.
470 1960 749 2009 Quoniamque
782 1961 820 1997 in
852 1959 1010 2010 legibus
1055 1961 1236 2011 iurisque
1275 1959 1461 1999 formulis
1502 1973 1598 2011 spe-

138 2016 239 2053 ctari
271 2014 314 2052 id
345 2014 472 2052 debet
504 2015 569 2053 uel
600 2017 788 2065 maxime,
822 2021 864 2054 ut
895 2029 979 2065 res,
1013 2030 1089 2067 qua
1119 2017 1169 2055 de
1202 2022 1368 2068 agatur,
1410 2021 1601 2056 teneatur

137 2071 393 2119 firmissime,
444 2072 486 2108 in
544 2072 607 2110 his
660 2073 862 2112 eiusmodi
911 2075 1104 2124 repetitio
1142 2074 1475 2125 frequentissima
1515 2079 1596 2113 est.

139 2128 205 2166 Cf.
252 2131 419 2179 praeter
464 2127 565 2165 alios
606 2128 733 2166 Kritz.
774 2129 825 2166 ad
861 2127 958 2169 Sall.
1002 2129 1092 2167 Cat.
1132 2131 1202 2180 51,
1242 2129 1311 2171 40.
1350 2131 1486 2168 Beier.
1525 2144 1599 2182 pro

135 2183 247 2222 Tull.
278 2197 316 2235 p.
341 2183 410 2225 61.
443 2183 628 2223 Ellendt.
663 2186 714 2223 ad
746 2186 833 2224 Cic.
867 2186 919 2223 de
950 2187 1023 2225 Or.
1046 2186 1076 2236 1,
1101 2186 1170 2227 355.
1200 2185 1293 2238 174,
1324 2188 1390 2238 qui
1422 2192 1464 2225 et
1499 2186 1599 2226 alios

135 2243 222 2280 eius
262 2242 321 2278 rei
362 2244 547 2278 auctores
586 2240 769 2280 laudauit
809 2247 851 2280 et
888 2256 1073 2293 magnam
1117 2244 1400 2296 exemplorum
1441 2246 1599 2296 copiam

133 2296 320 2346 collegit.
381 2296 466 2334 Sed
496 2297 642 2336 horum
674 2303 863 2337 neutrum
896 2300 1003 2337 hunc
1025 2301 1066 2337 in
1093 2298 1227 2339 locum
1251 2301 1400 2340 cadere
1420 2301 1600 2351 uidetur,

137 2366 213 2404 quo
245 2351 406 2403 plenior
436 2354 565 2391 oratio
595 2354 761 2394 uidetur
792 2361 985 2407 usurpata
1015 2368 1125 2408 esse,
1158 2360 1250 2409 quia
1283 2363 1396 2396 extra
1440 2371 1600 2396 sermo-

137 2411 200 2448 nis
230 2409 552 2459 perpetuitatem
583 2423 664 2449 non
688 2412 994 2463 Marianam,
1027 2414 1102 2452 sed
1133 2428 1382 2466 quercum
1415 2416 1601 2454 Maria-

136 2478 245 2505 nam
280 2464 361 2502 dici
393 2467 623 2517 oportebat,
656 2472 701 2505 ut
731 2468 914 2519 procliue
946 2483 1045 2508 sane
1078 2478 1193 2511 esset
1224 2485 1313 2511 eam
1345 2485 1491 2510 uocem
1531 2485 1601 2510 re-

135 2527 302 2576 petere,
334 2534 410 2559 nec
442 2535 561 2560 causa
593 2522 672 2561 ulla
701 2527 770 2575 sit,
802 2539 871 2564 cur
892 2526 1063 2565 alterum
1097 2528 1599 2579 quercus'uocabulum

136 2592 224 2619 cum
258 2578 370 2616 Man.
402 2579 539 2618 Lamb.
570 2579 766 2619 Ernestio
791 2582 1053 2635 expellamuS.

222 2635 428 2686 nocent]
459 2635 570 2674 Haec
602 2637 740 2676 mendi
772 2637 1000 2692 (uocant)
1034 2641 1141 2692 quod
1172 2643 1215 2680 in
1246 2641 1339 2680 cod.
1372 2643 1484 2681 arch.
1506 2643 1598 2691 suit,

139 2694 337 2731 correctio
357 2692 515 2743 pridem
539 2697 696 2732 tentata
715 2698 979 2748 omnibusque
997 2700 1165 2749 probata
1181 2712 1351 2751 prorsus
1368 2700 1601 2738 necessaria

138 2754 217 2798 est,
251 2750 286 2786 si
317 2749 480 2800 quidem
514 2762 643 2801 genus
676 2751 877 2802 quoddam
918 2765 1092 2805 quercus
1124 2756 1269 2794 Cicero
1302 2756 1461 2805 definit,
1495 2754 1601 2806 quod

139 2804 225 2842 sola
254 2807 504 2857 cogitatione
539 2808 708 2846 Romani
742 2809 1079 2863 complectuntur.
1131 2812 1194 2851 Cf.
1228 2813 1314 2851 Cic.
1346 2814 1425 2852 Off.
1461 2812 1490 2861 Ι,
1530 2811 1593 2852 11.
