1781 3192
440 181 599 220 LIBER
632 180 933 223 sizcuxutis‘
988 184 1087 220 (λιν.
1124 183 1174 221 V?
1452 181 1538 221 155

81 296 266 335 ltatliium
319 293 531 346 (probauit
581 294 702 330 etiam
745 293 874 331 ῚίιΓιι.
914 296 950 330 iu
994 290 1245 345 comment.)
1288 294 1421 331 denuo
1460 294 1534 333 de-

78 353 320 390 monstrauit
353 349 492 388 Madu.
520 351 557 386 in
583 347 818 386 Emendatt.
848 363 888 399 p.
910 350 979 387 (533.
1044 352 1170 399 Quem
1201 351 1347 387 merito
1371 357 1535 388 secutus

79 413 143 446 est
176 407 381 456 Orellius,
421 404 525 443 male
557 404 703 442 Bakius
736 404 942 454 deseruit,
975 407 1088 455 quia,
1130 406 1224 457 quid
1268 408 1536 457 perficeretur

83 467 121 501 in
170 464 365 511 homine,
413 475 491 499 non
536 459 870 510 intelligeretur3
921 475 1009 498 naui
1058 469 1234 500 mentem
1281 476 1361 500 non
1412 476 1535 513 posse

78 519 269 568 intelligi.
330 519 530 556 iNimirum
568 530 614 554 ex
647 517 911 566 praecedenti
944 531 1167 556 summae
1201 518 1335 569 legis
1368 521 1534 557 notione

76 575 246 627 speciali
278 574 440 611 auditur
470 571 673 624 generalis
711 571 865 622 legis,
930 574 1054 611 liet-te
1103 581 1234 613 autem
1281 575 1344 613 uel
1379 576 1531 613 homini

75 632 208 680 legem
249 631 370 667 tribui
410 629 621 667 declarant
672 633 713 665 et
761 629 862 666 haec
903 626 978 671 (ll.
1023 631 1055 679 ςί.
1089 630 1171 677 8);
1213 644 1266 668 ex
1307 645 1398 681 qua
1442 631 1533 670 illa

72 687 159 724 lex
200 707 251 712 --
291 691 438 723 recte
481 691 564 723 est
611 684 817 722 laudata
860 691 901 722 et
943 685 1010 723 illa
1053 684 1110 739 (l.
1155 686 1310 739 §1ss)
1354 687 1528 725 eadem

74 744 214 781 ratio
246 763 292 769 —-
331 740 410 778 lex
444 747 552 789 est3
586 742 855 791 quoniamque
893 740 979 779 lex
1020 742 1058 780 h.
1092 742 1115 781 l.
1155 743 1256 781 nihil
1297 742 1406 780 aliud
1451 750 1530 791 est,

74 811 189 850 quam
225 798 342 846 ratio,
373 811 451 834 nou
484 799 615 834 miuus
641 802 754 834 recte
778 798 972 847 persici
1000 797 1163 850 dicitur,
1199 813 1315 850 quam
1341 800 1370 838 Ι.
1404 800 1438 850 ᾗ
1468 803 1527 840 125.

72 853 377 894 confirmari
412 858 464 890 et
496 853 691 890 confici
724 853 922 891 dicitur
954 856 1105 893 ratio.
1164 857 1303 907 ltaque
1330 869 1405 894 nec
1432 869 1529 894 con-

73 913 229 949 iectura
262 908 341 947 ulla
375 914 512 960 potest
540 910 727 960 probari,
761 915 802 946 ut
834 911 1014 948 'l'urnebi
1049 912 1085 947 in
1116 914 1245 963 primo
1280 919 1527 951 commenta

70 970 140 1005 ita
172 965 303 1015 quod
337 967 384 1003 in
420 967 623 1003 homine
657 972 739 1002 est
769 966 1094 1017 perfectum,
1138 969 1310 1006 estin
1352 974 1528 1007 mente

69 1022 349 1073 sapientis3
382 1022 592 1059 Lambini:
624 1022 746 1058 item
781 1023 1029 1071 perfecta
1059 1022 1142 1061 lex
1192 1029 1298 1073 est,
1341 1027 1526 1063 cumin

69 1079 283 1117 homine
315 1083 399 1115 est
428 1078 674 1129 perfecto
707 1082 758 1114 et
789 1079 837 1114 in
871 1085 1042 1116 mente
1075 1081 1356 1130 sapientis3
1391 1080 1525 1118 Bakii:

51 1138 195 1174 ,item
227 1135 412 1172 cumin
446 1134 654 1171 homine
687 1137 789 1182 est,
823 1134 1072 1184 profecto
1098 1137 1146 1174 in
1179 1141 1355 1174 mente
1387 1139 1527 1187 sapi-

68 1191 203 1230 entis
247 1195 348 1239 est,
395 1203 471 1227 nec
522 1194 636 1227 recte
673 1189 929 1240 perfecta
969 1190 1116 1228 referri
1159 1197 1274 1242 patet
1314 1193 1364 1231 ad
1403 1194 1526 1231 uerba

69 1252 147 1287 est
178 1247 226 1284 in
255 1251 432 1284 mente
465 1247 733 1296 sapientis
765 1246 805 1282 in
837 1246 944 1284 hunc
967 1246 1156 1285 modum:
1189 1249 1312 1286 item
1347 1262 1452 1287 cum
1478 1251 1524 1286 in

66 1303 275 1343 homine
318 1305 431 1351 est,
481 1302 727 1353 perfecta
779 1306 860 1339 est
906 1303 958 1340 in
1001 1309 1174 1341 mente
1232 1306 1522 1356 sapientis,

66 1358 405 1412 quemadmodum
438 1364 533 1409 post
556 1358 662 1398 ljict.
685 1358 789 1395 haec
813 1359 935 1396 uerba
960 1359 1237 1398 distinxerunt
1260 1361 1358 1400 Ern.
1382 1362 1524 1411 VVagn.

67 1417 186 1455 Goer.
219 1416 317 1454 Sch.
346 1415 450 1452 Mos.
483 1416 662 1464 itemque
688 1415 886 1463 DauisiuS,
921 1416 986 1465 qui
1014 1421 1229 1465 praeterea
1253 1419 1327 1454 ita
1356 1419 1524 1467 scripsit

68 1486 137 1523 pro
169 1472 321 1519 item,
355 1471 465 1507 cuius
497 1469 679 1507 mutandi
711 1482 831 1507 causa
861 1469 970 1508 nulla
1009 1476 1084 1509 est.
1140 1472 1205 1510 Cf.
1247 1473 1331 1512 Cic.
1367 1475 1437 1512 Ac.
1473 1474 1521 1522 ΙΙ,

72 1528 135 1568 13,
168 1526 236 1565 42.
271 1532 323 1564 ut
355 1527 485 1563 enim
529 1524 589 1562 de
621 1526 863 1563 sensibus
897 1527 1153 1565 hesterno
1185 1541 1417 1567 sermone
1449 1532 1520 1567 ui-

67 1585 245 1631 distis,
279 1584 402 1620 item
435 1582 645 1619 faciunt
666 1581 724 1618 de
750 1582 999 1631 reliquis.
1047 1583 1337 1635 Exemplorum
1361 1588 1519 1637 copiam

65 1641 272 1690 congessit
304 1636 487 1675 Handius
518 1638 639 1675 Turs.
673 1633 752 1674 III.
787 1651 827 1688 p.
861 1638 957 1678 51¹2.

180 1696 330 1732 uarie
362 1695 388 1731 i.
425 1707 461 1732 e.
497 1693 599 1744 quod
635 1706 708 1730 nos
740 1692 911 1732 dicimus
944 1694 1035 1732 bald
1069 1708 1129 1745 so,
1162 1695 1257 1734 bald
1281 1709 1341 1747 se,
1375 1703 1518 1736 utnon

65 1755 218 1789 certam
251 1756 419 1788 naturae
451 1763 633 1788 normam
665 1752 796 1788 secuti
829 1750 1060 1789 uideantur.

176 1807 508 1856 descriptae]
570 1807 612 1843 ln
655 1805 744 1842 eod.
782 1808 890 1845 arch.
930 1808 1240 1859 descriptae
1271 1810 1399 1848 fuisse
1432 1812 1518 1848 ueri

64 1862 198 1902 simile
231 1868 310 1912 est,
342 1875 422 1900 non
448 1863 744 1912 descripta,
777 1864 885 1913 quod
910 1865 1091 1902 Uictorio
1116 1871 1288 1917 excepto
1311 1872 1352 1904 et
1375 1867 1519 1916 Lbino,

62 1931 231 1971 quorum
263 1919 331 1957 hic
362 1918 422 1956 ad
455 1923 657 1969 tempus
691 1921 952 1970 scriptae,
988 1920 1173 1971 populi
1205 1923 1405 1972 fauore,
1447 1922 1518 1960 ille

63 1976 122 2013 ad
162 1981 364 2026 tempus
397 1973 730 2025 descriptae,
758 1975 940 2026 populi
964 1977 1174 2026 fauore,
1207 1977 1352 2029 reliqui
1376 1992 1518 2016 omnes

63 2036 158 2069 sunt
196 2030 368 2082 amplexi
394 2034 449 2078 ἦ).
510 2031 664 2068 Uerum
701 2043 787 2067 cum
822 2037 863 2068 et
896 2032 1027 2083 legis
1067 2035 1180 2071 notio
1220 2035 1438 2072 antecedat
1478 2040 1519 2072 et

61 2081 156 2124 mox'
181 2086 330 2136 leges
370 2087 503 2124 denuo
544 2093 938 2137 commemorentur,
979 2102 1050 2126 cur
1087 2102 1313 2140 pronomen
1355 2104 1434 2128 non
1469 2091 1518 2128 ad

60 2148 302 2194 sequ-entem
345 2141 519 2192 legum
561 2143 771 2179 notionem
819 2143 964 2181 referri
1005 2157 1080 2183 nec
1121 2144 1171 2182 ad
1214 2146 1300 2183 eius
1342 2148 1517 2184 nominis

60 2211 188 2248 genus
220 2198 517 2248 accommodari
549 2198 700 2250 possit,
735 2210 809 2248 ego
840 2212 920 2236 non
958 2199 1158 2250 intelligo.
1222 2202 1280 2239 De
1310 2200 1517 2240 locutione

61 2253 208 2305 leges
242 2253 563 2292 describere
594 2253 690 2292 uide
722 2267 823 2304 quae
854 2269 945 2293 mox
978 2256 1249 2296 disserentur.

172 2321 361 2358 fauore
392 2322 569 2370 magis,
603 2334 744 2371 quam
779 2322 853 2372 re]
914 2323 1050 2360 Fauor
1075 2325 1108 2361 is
1134 2328 1212 2373 est,
1239 2336 1356 2375 quem
1382 2324 1515 2361 homi-

57 2389 129 2414 nes
160 2375 320 2427 legibus
352 2377 536 2414 tribuunt
567 2389 614 2413 ea
646 2377 724 2414 isto
764 2379 927 2416 nomine
970 2377 1252 2430 appellantes,
1294 2392 1394 2431 quae
1427 2393 1516 2417 cum

57 2435 147 2484 ipso
178 2434 266 2470 iure
297 2444 376 2469 non
416 2434 688 2469 consentiant.
762 2433 874 2471 Nihil
912 2435 1036 2484 igitur
1075 2441 1177 2485 erat,
1217 2449 1287 2474 cur
1322 2437 1516 2473 Krausius

56 2489 95 2526 in
128 2501 267 2540 progr.
300 2500 341 2537 p.
374 2486 411 2527 6.
446 2489 672 2538 corrigeret
703 2500 761 2525 ea
793 2501 957 2538 more3
997 2503 1075 2529 nec
1117 2491 1388 2543 probabiliter
1420 2492 1518 2530 Dau.

55 2557 129 2594 pro
161 2557 212 2582 re
244 2544 422 2582 coniecit
449 2544 584 2582 iure.
645 2543 742 2581 Res
784 2542 1119 2600 (uirklichkeit)
1150 2553 1266 2586 recte
1297 2549 1518 2600 opponitur

52 2599 265 2649 fauori,
321 2604 364 2637 ut
404 2599 456 2637 de
497 2599 593 2638 Nat.
633 2599 752 2639 Deor.
795 2600 873 2651 ill,
913 2601 981 2643 21.
1022 2601 1092 2643 53.
1135 2605 1405 2656 opinioni.
1453 2604 1515 2641 Cf.

78 2764 111 2796 ‘d
148 2721 178 2760 ⁸)
217 2722 268 2754 ad
304 2724 490 2763 tempus
526 2720 741 2763 scriptae
777 2723 971 2765 populis
1005 2725 1170 2767 Zumptio
1208 2725 1388 2767 placuisse
1425 2735 1516 2756 nunc

53 2775 88 2797 ιιι
115 2774 167 2798 eo.
