1781 3192
231 181 287 222 24
805 181 876 222 DE
909 182 1140 225 LEGIBUS

230 297 336 351 quod
373 295 518 336 Bakius
547 299 683 346 negat,
722 294 947 347 legitimum
980 303 1047 336 est
1077 295 1157 351 (cf.
1190 296 1274 336 Cic.
1296 310 1370 350 pro
1394 297 1516 339 Caec.
1538 297 1608 351 29,
1629 298 1702 341 82.

232 368 335 396 sum
369 365 427 391 ex
465 353 702 403 proximo
746 354 909 392 uicini
950 354 1109 393 fundo
1143 353 1420 405 deiectus,
1463 367 1558 406 qua
1598 356 1702 396 adi·

232 414 350 451 bam·
373 409 433 448 ad
464 409 624 447 istum
657 408 900 463 fundum)
933 416 976 448 et
1004 422 1284 463 pergamus
1314 410 1383 450 uel
1408 424 1701 464 pergemus,

238 466 346 521 quod
377 467 418 504 in
450 466 586 503 uerbis
618 477 709 503 nos
739 479 862 505 uero
894 467 1028 506 audiri
1057 479 1229 506 necesse
1252 472 1331 518 est,
1363 466 1486 506 simul
1508 467 1559 506 ad
1578 471 1703 509 uerba

232 537 328 577 per
356 523 519 574 ripam
550 527 602 560 et
631 523 855 561 umbram
887 526 1085 575 pertinet.
1145 524 1230 564 Nec
1263 523 1439 576 denique
1478 537 1595 576 pron.
1627 525 1701 565 de-

232 579 548 620 monstratiuum
590 578 712 629 hac,
755 581 850 630 quia
887 580 939 619 ad
978 586 1191 631 utramque
1234 580 1484 620 sententiam
1516 583 1702 634 pertinet

232 635 311 691 (et
350 637 441 674 hac
481 634 694 686 quidem
744 648 835 687 per
871 638 1035 689 ripam
1068 641 1120 675 et
1157 638 1381 676 umbram
1409 651 1700 690 pergemuS‚

233 695 277 733 si
321 693 412 732 hac
456 691 605 730 adire
652 690 854 746 placet)
895 706 976 733 non
1017 699 1131 733 recte
1169 695 1404 732 annectitur
1450 696 1698 745 sententiae,

237 763 339 802 quae
371 747 602 800 praecedit,
635 748 916 788 secundariae.

325 819 455 856 egon
469 801 521 842 e?
554 806 792 856 summos]
815 806 931 845 Ilaec
952 808 1147 846 orationis
1167 806 1299 846 forma
1317 806 1505 847 Ciceroni
1525 808 1700 847 maxime

232 861 450 902 familiaris
481 862 523 899 in
555 860 678 901 codd.
706 863 948 902 melioribus
980 868 1046 902 est
1073 869 1261 914 seruata3
1299 865 1340 902 in
1371 865 1512 903 multis
1545 864 1701 904 deteri-

232 932 345 959 orum
386 917 494 969 quod
539 919 737 970 scriptum
777 923 843 958 est
883 931 975 971 ego
1017 922 1225 959 memini
1270 922 1319 959 ab
1362 920 1557 959 Ernestio
1597 919 1702 960 illud

231 976 445 1030 probatum
490 978 534 1013 et
562 975 766 1027 W'agnero
807 989 852 1015 ac
890 989 1021 1028 nuper
1053 991 1075 1015 a
1105 978 1322 1029 Zumptio,
1359 976 1402 1015 id
1440 975 1702 1016 librariorum

231 1036 510 1072 commentum
541 1031 666 1071 facile
699 1033 948 1084 agnoscitur.
1014 1033 1078 1072 Cf.
1110 1030 1191 1083 III,
1223 1033 1287 1074 20.
1318 1032 1383 1074 48.
1426 1033 1478 1072 de
1515 1033 1610 1079 Diu.
1641 1030 1700 1083 II,

236 1089 298 1131 13.
330 1088 400 1129 32.
442 1087 495 1126 de
525 1089 619 1128 Nat.
659 1090 780 1129 Deor.
811 1086 847 1140 I,
880 1089 917 1129 7.
956 1090 1013 1131 16.
1049 1090 1120 1128 Ac.
1154 1087 1211 1140 ll,
1240 1088 1307 1130 47.
1340 1088 1435 1130 148.
1503 1091 1592 1140 Quo
1634 1090 1708 1128 di·

232 1145 352 1186 cendi
384 1157 538 1196 genere
569 1147 636 1197 qui
667 1147 809 1197 utitur,
843 1147 877 1183 is
910 1159 1001 1184 cum
1035 1145 1305 1185 admiratione
1327 1145 1498 1197 quadam
1524 1149 1700 1196 quaerit,

232 1217 328 1242 num
359 1202 488 1254 ipsius
529 1205 740 1242 sententia
769 1204 1025 1254 requiratur,
1057 1204 1113 1242 ita
1145 1207 1282 1241 tamen
1314 1208 1358 1240 ut
1388 1214 1588 1252 responso
1619 1215 1699 1240 non

237 1263 473 1312 exspectato
514 1260 682 1310 statim,
729 1258 826 1310 quid
870 1260 1044 1308 sentiat,
1096 1263 1287 1309 exponat.
1358 1257 1531 1296 Plenius
1574 1259 1702 1310 igitur

233 1317 335 1355 haec
360 1316 419 1353 sic
439 1315 558 1353 reddi
579 1320 773 1367 possunt:
804 1315 962 1365 Egone,
995 1315 1172 1366 quaeris,
1196 1315 1291 1365 quid
1316 1311 1522 1353 sentiam?
1554 1328 1698 1367 quem·

236 1371 455 1412 admodum
486 1373 577 1422 ipse
606 1372 693 1410 Cic.
724 1371 887 1410 locutus
915 1375 980 1409 est
1011 1370 1063 1409 de
1093 1371 1188 1409 Fin.
1220 1367 1301 1421 ΙΙΙ,
1332 1370 1373 1412 3.
1404 1370 1446 1422 8,
1487 1373 1556 1410 ubi
1586 1376 1700 1410 recte

234 1428 412 1482 pleniori
442 1428 537 1466 huic
564 1428 707 1479 generi
738 1427 904 1466 dicendi
935 1429 1212 1479 patrocinatus
1241 1432 1307 1466 est
1336 1427 1585 1479 Maduigius.

346 1485 425 1522 ius
456 1485 707 1523 ciuitatis
739 1487 826 1523 iura
855 1486 990 1523 omnia
1022 1485 1171 1523 ciuium
1193 1497 1451 1523 romanorum
1475 1489 1518 1524 et
1538 1483 1700 1537 publica

234 1547 277 1581 et
312 1542 488 1594 priuata,
519 1542 596 1579 ius
627 1540 796 1580 ciuile
826 1543 987 1594 priuata
1017 1545 1175 1580 tantum
1214 1540 1515 1594 complectitur.
1576 1542 1698 1580 Uni-

235 1610 440 1637 uersum
473 1602 610 1637 autem
640 1599 721 1638 ius
753 1604 817 1638 est
847 1599 909 1637 ius
939 1600 979 1637 in
1014 1612 1135 1637 unum
1169 1600 1282 1649 quasi
1305 1611 1453 1650 corpus
1477 1598 1697 1638 collectum

236 1655 325 1702 (das
357 1654 495 1693 Recht
538 1653 598 1693 als
632 1658 698 1695 ein
731 1657 895 1696 Ganzes
925 1654 1108 1709 gesasst)
1141 1668 1222 1694 non
1253 1656 1395 1694 habita
1424 1657 1584 1695 ratione
1610 1656 1698 1693 sin·-

233 1710 417 1764 gularum
448 1713 643 1764 partium,
674 1718 719 1753 ut
741 1714 949 1753 sententia
980 1714 1126 1751 horum
1160 1713 1375 1751 uerborum
1404 1713 1506 1751 haec
1536 1713 1613 1750 sit:
1652 1723 1697 1748 es

235 1768 371 1808 fehlte
400 1769 528 1808 ihnen
560 1770 678 1809 nicht
708 1783 756 1809 an
790 1769 1056 1821 allgemeiner
1085 1769 1478 1809 Rechtskenntniss.

350 1826 472 1878 quid
503 1831 671 1866 autem
702 1827 826 1878 tam]
867 1827 1017 1865 Bakius
1059 1839 1149 1864 cum
1186 1838 1327 1876 parum
1355 1830 1471 1863 recte
1502 1824 1555 1863 de
1583 1822 1699 1861 codi-

237 1885 349 1923 cibus
372 1885 449 1923 AB
469 1883 616 1926 11.65.
650 1885 840 1934 sentiret,
881 1896 929 1921 ex
957 1887 1141 1922 correcta
1163 1894 1302 1920 eorum
1326 1882 1529 1933 scriptura
1555 1892 1697 1932 quam

171 1986 182 1994 ,
234 1945 396 1980 autem
428 1945 528 1979 tam
561 1943 799 1993 exiguum
821 1945 981 1979 temere
997 1939 1099 1977 haec
1120 1937 1338 1977 efficienda
1353 1938 1534 1989 putauit:
1557 1948 1699 1988 quam

235 2002 407 2037 autem
441 1999 678 2050 exiguum
708 2003 793 2036 est
822 2010 1001 2035 munus
1034 1997 1127 2034 hoc
1159 2007 1350 2033 eorum.

347 2056 669 2106 quamquam]
708 2055 989 2104 Restringitur
1030 2051 1329 2103 quodammodo
1367 2050 1476 2101 quod
1511 2049 1564 2087 de
1609 2062 1699 2088 mu-

235 2124 339 2150 nere
379 2123 543 2160 eorum,
587 2113 655 2162 qui
693 2109 986 2158 consuluntur,
1017 2108 1234 2146 fastidiose
1272 2106 1488 2145 iudicauit.
1555 2103 1701 2158 Itaque

234 2168 467 2206 necessaria
510 2173 574 2205 est
615 2168 799 2206 Turnebi
837 2171 879 2203 et
917 2167 1082 2203 Canteri
1125 2164 1361 2201 coniectura
1402 2175 1699 2214 quamquam

235 2238 283 2263 ex
314 2224 471 2262 duobus
502 2235 611 2262 nunc
642 2223 850 2262 codicibus
882 2225 1075 2273 excerpta
1117 2224 1158 2259 et
1189 2233 1210 2258 a
1239 2220 1436 2259 Lambino
1476 2219 1575 2258 inde
1603 2232 1700 2271 pro-

238 2282 332 2319 bata
363 2280 412 2317 ab
445 2281 648 2319 omnibus.

346 2336 515 2374 fuisse
547 2336 819 2388 expertes]
854 2336 974 2373 liunc
997 2334 1210 2372 uerborum
1229 2332 1415 2371 ordinem
1439 2337 1535 2385 post
1556 2332 1702 2384 Steph.

238 2398 280 2431 et
308 2393 539 2431 Manutium
572 2407 659 2431 cum
694 2393 820 2431 Bakio
854 2397 896 2430 et
925 2390 1125 2443 plurimos
1156 2393 1198 2427 et
1229 2390 1406 2442 optimos
1440 2388 1604 2428 codices
1635 2401 1700 2427 se-

242 2454 359 2488 cutus
390 2450 541 2500 recepi.

349 2505 513 2556 quoad
541 2504 732 2557 populo
771 2503 1072 2558 praestare]
1122 2500 1300 2553 Populus
1332 2503 1412 2540 etsi
1441 2513 1582 2539 omnes
1612 2510 1699 2537 om-

237 2563 335 2600 nino
353 2563 465 2600 ciues
497 2562 799 2614 complectitur,
832 2574 913 2599 non
942 2573 1033 2598 raro
1065 2565 1201 2597 tamen
1232 2561 1288 2596 ita
1319 2558 1485 2607 dicitur,
1517 2560 1563 2594 ut
1592 2553 1698 2593 mul-

239 2617 459 2657 titudinem
501 2621 713 2657 contineat
751 2631 918 2667 eorum,
963 2618 1029 2667 qui
1071 2616 1206 2666 aliqua
1251 2627 1297 2652 re
1336 2618 1503 2667 praeter
1539 2617 1700 2650 ceteros

238 2688 319 2713 non
353 2676 576 2714 emineant.
637 2674 990 2725 Quemadmodum
1021 2674 1145 2723 igitur
1177 2668 1234 2721 Il,
1272 2671 1337 2711 12.
1379 2673 1600 2722 opponitur
1627 2680 1701 2719 op-

241 2732 475 2780 timatibus,
516 2733 574 2770 sic
613 2733 691 2770 hoc
732 2731 822 2769 loco
864 2732 1085 2783 opponitur
1114 2730 1215 2766 iuris
1246 2725 1445 2766 consultis
1477 2735 1701 2776 omnesque

241 2801 310 2826 eos
343 2786 656 2841 complectitur,
695 2789 760 2838 qui
800 2789 898 2826 iuris
940 2787 1061 2839 periti
1101 2797 1181 2824 non
1213 2789 1324 2823 sunt.
1384 2781 1700 2822 Discedendum
