1743 3202
659 199 944 235 PRAlarwrlo.
1417 198 1534 231 XLIII

6 295 21 315 ⁸
53 305 254 344 serantur.
313 304 346 354 ξ.
383 301 503 343 1-5.
576 303 663 352 Qua
692 302 889 339 historiae
922 300 1312 339 commemoratione
1340 299 1529 339 inductus

53 372 215 410 Atticus
255 373 335 409 iam
375 369 442 408 diu
471 383 493 408 a
531 369 671 408 Marco
715 369 928 406 historiam
971 369 1146 418 flagitari
1188 366 1313 416 dicit,
1356 381 1527 417 eamque

55 442 101 477 ut
132 440 347 490 suscipiat,
378 437 582 487 hortatur,
614 437 706 487 quia
739 449 761 472 a
784 436 978 473 Romanis
1008 441 1077 473 aut
1106 437 1290 486 ignorata
1318 436 1371 472 sit
1395 435 1526 472 histo-

53 507 113 543 ria
156 509 224 544 aut
263 503 431 554 relicta,
483 508 525 542 et
561 505 652 556 ipse
692 507 864 556 propter
904 504 1121 541 oratoriam
1164 504 1252 540 eius
1284 501 1524 540 facultatem

49 577 218 624 praeter
259 575 420 611 ceteros
467 573 506 609 in
553 584 601 609 ea
639 573 773 623 possit
820 570 1090 619 satisfacere3
1141 582 1313 619 cumque
1351 570 1523 618 Quintus

51 640 277 679 dissentire
307 652 353 677 se
383 652 473 677 cum
503 639 642 677 Marco
673 638 724 676 de
755 643 944 690 tempore
976 638 1108 687 dicat,
1151 636 1258 688 quod
1298 636 1517 674 scribendo

50 707 364 761 complectatur,
399 708 433 744 si
465 705 629 757 quidem
660 706 750 757 ipse
780 707 828 743 ab
855 705 1009 744 ultimis
1035 705 1288 756 temporibus
1314 704 1523 741 scribendi

48 774 294 829 capiendum
326 772 537 811 exordium
566 774 789 824 existimet,
823 774 986 812 Marcus
1019 784 1115 811 suae
1150 772 1226 809 sibi
1254 771 1400 808 aetatis
1434 784 1521 808 me-

47 845 218 883 moriam
253 841 476 892 deposcat:
507 842 670 880 Atticus
700 842 945 891 rationibus,
979 853 1050 879 cur
1081 839 1122 877 id
1143 840 1282 888 faciat,
1316 839 1519 877 adiunctis

46 912 189 949 Marco
230 909 470 947 assentitur.
531 909 649 946 Hunc
691 913 825 947 autem
868 907 1076 958 laborem,
1117 920 1236 959 quem
1276 908 1356 945 iam
1393 907 1461 945 diu
1496 921 1517 944 a

48 991 92 1016 se
120 975 317 1029 postulari
346 976 513 1026 sentiat,
549 976 712 1014 Marcus
743 981 921 1026 recusat,
956 990 1038 1014 non
1060 976 1150 1027 quia
1174 975 1337 1013 omnino
1362 976 1521 1012 animus

46 1046 94 1082 ab
128 1058 175 1082 eo
209 1044 453 1091 abhorreat,
487 1042 560 1080 sed
593 1044 684 1093 quia
715 1046 841 1082 otium
872 1045 951 1082 sibi
980 1043 1090 1081 desit
1121 1042 1352 1080 diuturnius
1387 1042 1518 1093 quod-

51 1109 142 1148 dam
187 1123 232 1147 ac
273 1114 589 1160 praeparatum,
631 1112 719 1148 sine
760 1124 836 1161 quo
877 1124 954 1148 nec
994 1110 1156 1148 institui
1187 1110 1320 1160 possit
1347 1110 1521 1148 historia

40 1191 117 1216 nec
149 1175 322 1226 absolui,
355 1177 396 1213 in
430 1178 739 1228 senectutisque
782 1182 945 1229 tempus
977 1178 1139 1227 reiicit,
1174 1189 1251 1227 quo
1283 1175 1391 1214 liber
1421 1190 1518 1215 cau-

42 1258 179 1283 sarum
213 1257 336 1296 opera
378 1256 493 1282 more
531 1246 665 1296 patrio
708 1244 861 1282 sedens
902 1246 943 1282 in
973 1243 1078 1282 solio
1111 1242 1420 1282 consulentibus
1451 1246 1515 1283 ius

38 1314 172 1364 possit
203 1311 471 1363 respondere.
534 1311 651 1362 Quod
683 1325 772 1349 cum
804 1313 966 1350 Atticus
1001 1324 1081 1349 non
1111 1312 1202 1350 sore
1237 1312 1437 1363 dixisset,
1470 1320 1515 1351 ut

38 1382 129 1419 seni
158 1382 193 1418 ei
218 1394 239 1418 a
262 1381 393 1418 causis
417 1381 575 1418 uacatio
600 1379 785 1430 daretur,
819 1381 909 1430 quia
934 1393 955 1417 a
980 1381 1330 1432 contentionibus,
1367 1384 1511 1434 quibus

39 1449 206 1486 summis
236 1448 296 1484 uti
328 1445 472 1485 solitus
505 1455 640 1497 esset,
682 1447 865 1498 quotidie
907 1445 1110 1484 relaxaret
1142 1446 1296 1499 aliquid
1337 1455 1378 1487 et
1409 1449 1514 1488 illud

35 1514 190 1553 leniter
226 1513 390 1553 dicendi
425 1527 554 1565 genus
594 1513 661 1552 uel
703 1528 861 1553 summa
908 1519 1101 1553 senectus
1130 1522 1274 1567 posset
1306 1519 1511 1556 sustinere

37 1584 293 1633 Quintusque
333 1580 385 1619 ad
425 1581 524 1618 iuris
554 1583 866 1633 responsionem
896 1584 1192 1634 experiundam
1224 1584 1396 1623 fratrem
1437 1586 1510 1623 ad-

36 1651 286 1700 hortaretur,
319 1650 407 1700 ipse
441 1652 575 1686 autem
600 1649 643 1687 id
665 1655 877 1688 recusaret
897 1655 1132 1702 propterea,
1166 1653 1258 1702 quia
1280 1653 1503 1691 uerendum

34 1721 169 1768 esset,
211 1730 264 1755 ne
302 1715 352 1754 ad
392 1729 601 1755 causarum
635 1730 801 1769 operam
834 1718 1024 1756 adiuncta
1054 1721 1152 1757 iuris
1185 1722 1400 1770 responsio
1435 1721 1508 1758 di-

33 1783 154 1822 cendi
183 1786 474 1836 cogitationem
511 1785 716 1823 auferret:
750 1786 907 1824 Atticus
942 1800 1032 1824 eum
1065 1793 1197 1838 rogat,
1230 1792 1274 1824 ut
1303 1788 1506 1826 subsiciuo

30 1849 102 1889 illo
147 1855 335 1903 tempore
378 1853 441 1889 ius
485 1852 664 1903 explicet
703 1866 751 1891 ac
792 1853 944 1892 deinde
985 1855 1037 1892 de
1077 1856 1165 1893 iure
1203 1853 1313 1892 ciuili
1353 1856 1506 1893 s‹·ribat

32 1916 248 1967 subtilius,
296 1932 412 1969 quam
460 1921 604 1957 ceteri.
656 1921 690 1970 ξ.
730 1921 883 1961 5-13.
944 1922 1034 1960 Hoc
1076 1926 1267 1972 suscepto
1312 1935 1503 1962 sermone

31 1985 193 2023 Marcus
238 1988 413 2037 primum
456 1986 507 2023 de
548 1987 636 2025 iure
674 1987 785 2026 ciuili
826 1989 922 2040 quid
961 1991 1114 2027 sentiat
1157 1989 1373 2040 disputans
1414 2004 1501 2041 eos,

30 2053 96 2103 qui
129 2054 192 2090 ius
224 2055 503 2105 responsitare
535 2053 647 2092 soliti
681 2057 777 2105 sint,
812 2058 947 2095 omnia
979 2058 1029 2096 ad
1062 2070 1177 2095 usum
1209 2056 1371 2095 ciuilem
1400 2072 1498 2097 cou-

29 2118 172 2157 tulisse
224 2120 325 2159 dicit
371 2126 412 2159 et
459 2134 604 2172 magna
650 2123 863 2173 professos
905 2127 946 2163 in
987 2127 1124 2177 paruis
1167 2138 1260 2164 esse
1297 2132 1498 2165 uersatos.

27 2186 180 2235 Quibus
213 2200 235 2225 a
267 2201 312 2226 se
343 2190 496 2227 maiora
528 2193 758 2242 exspectari
788 2197 927 2243 ratus,
962 2206 1054 2232 cum
1086 2195 1267 2243 Atticus,
1309 2197 1497 2245 quoniam

26 2253 79 2292 de
116 2257 270 2306 optimo
312 2257 374 2294 rei
410 2256 601 2308 publicae
643 2263 751 2296 statu
784 2261 1050 2312 scripsisset,
1099 2273 1358 2312 consequens
1404 2277 1496 2301 esse

25 2321 220 2374 dixisset,
253 2328 296 2362 ut
325 2322 377 2361 de
408 2322 568 2374 legibus
601 2320 688 2363 eius
722 2329 940 2379 scriberet,
974 2329 1025 2366 de
1060 2331 1147 2367 iure
1181 2330 1344 2367 uberius
1379 2345 1496 2383 quam

23 2390 203 2429 forensis
234 2405 332 2429 usus
364 2391 578 2431 desideret
604 2406 649 2432 se
682 2397 963 2444 quaesiturum
994 2410 1087 2435 esse
1112 2397 1224 2436 dicit.
1260 2398 1293 2447 ξ.
1316 2397 1494 2443 13-16.

23 2458 66 2496 ln
100 2472 178 2509 quo
213 2457 457 2512 explicando
486 2474 564 2498 nec
595 2475 616 2499 a
647 2465 848 2512 praetoris
890 2464 1028 2503 edicto
1060 2477 1137 2503 nec
1166 2479 1187 2503 a
1220 2461 1309 2503 ΧΠ
1343 2468 1492 2506 tabulis

21 2526 367 2577 proficiscendum
402 2541 493 2568 esse
525 2534 652 2580 ratus,
687 2531 762 2569 sed
791 2534 957 2585 penitus
990 2546 1038 2571 ex
1060 2534 1206 2570 intima
1229 2532 1493 2587 philosophia

20 2592 122 2632 iuris
173 2594 432 2647 disciplinam
478 2597 746 2638 hauriendam
794 2614 887 2641 esse
936 2602 1176 2639 existimans
1224 2601 1352 2652 ipsius
1391 2604 1490 2643 iuris

21 2664 206 2699 naturam
238 2662 521 2716 explicandam
556 2670 765 2718 totamque
795 2669 895 2708 iuris
925 2669 1112 2708 uniuersi
1149 2681 1310 2707 causam
1352 2684 1397 2709 ac
1426 2670 1490 2710 le-

23 2738 114 2775 gum
146 2729 499 2783 complectendam
532 2739 665 2786 putat,
697 2736 752 2775 ita
785 2741 829 2776 ut
857 2739 917 2776 ius
948 2736 1084 2787 ciuile,
1126 2738 1233 2787 quod
1262 2738 1411 2789 dicant,
1446 2742 1483 2776 in
