1781 3192
493 161 653 199 LIBER
687 159 946 200 TERTIUS.
995 159 1095 198 CAP.
1127 157 1178 197 X.
1477 153 1567 193 293

108 275 227 312 tiam
260 274 506 311 maiorum
538 270 771 310 hocloco
797 271 916 309 uide
941 269 1073 321 (Phil.
1096 271 1122 310 l.
1145 284 1184 322 p.
1213 266 1347 321 178),
1380 271 1568 318 praeter-

109 343 227 380 quam
274 329 382 379 quod
423 328 583 377 lougius
622 342 642 365 a
683 327 800 366 codd.
837 329 1024 378 uestigiis
1056 327 1241 377 recedit,
1280 339 1332 364 ne
1363 323 1443 362 loci
1477 324 1567 374 qui-

110 386 204 424 dem
235 387 566 423 commemoratio
600 384 815 421 admodum
849 383 996 434 placet.

224 455 317 491 quo
347 464 401 469 -—
432 445 703 492 putarent,
737 453 814 476 nou
849 440 953 490 quod
987 441 1121 477 omnia
1153 440 1227 475 sibi
1261 450 1350 475 cum
1384 435 1568 487 patriciis

111 499 197 535 iura
229 503 402 546 aequata
435 503 627 547 putarent
657 496 772 548 (nam
806 496 882 533 hoc
915 502 996 533 tum
1031 510 1081 533 ne
1108 495 1341 544 flagitabant
1364 486 1570 542 quidem),

113 552 188 591 sed
220 554 311 602 quia
342 552 505 602 plebeia
538 552 607 589 illa
645 557 852 602 potestate
896 565 1090 589 concessa
1123 551 1163 588 id
1195 564 1238 587 se
1272 549 1443 600 adeptos
1477 558 1571 584 esse

116 609 424 658 existimabant,
460 615 501 646 ut
534 622 604 646 suo
638 610 724 645 iure
753 621 831 645 non
867 609 999 645 minus
1034 609 1135 659 ipsi,
1169 619 1283 657 qnam
1317 604 1477 655 patricii
1514 603 1570 640 uti

113 669 286 716 possent
318 676 394 701 nec
425 667 501 702 iam
537 678 583 702 ex
615 665 756 701 horum
790 666 956 701 arbitrio
978 665 1224 715 penderent.
1284 662 1572 698 Ernestianam

113 720 252 759 mendi
293 723 538 770 putarint
582 722 882 758 correctionem
934 723 1080 758 merito
1134 718 1278 769 reliqui
1331 718 1572 768 probarunt,

113 790 215 815 nnus
258 776 406 813 Bakius
446 776 637 828 reliquit,
688 779 752 826 qui
797 782 995 827 putant
1035 777 1211 814 coniecit
1249 778 1509 826 praesentem
1551 784 1574 807 a

112 834 315 872 Cicerone
347 833 579 883 opinionem
614 832 811 870 declarari
846 835 1096 872 existimans.
1157 831 1273 880 Quod
1317 842 1434 867 secus
1476 839 1572 865 esse

114 890 236 927 uerba
290 889 536 926 ostendunt:
587 891 636 926 in
689 903 780 939 quo
830 902 927 926 uno
974 891 1079 927 suit
1119 888 1364 925 ciuitatis
1415 882 1574 922 salus.

113 945 214 983 Cum
257 946 381 994 igitur
418 952 588 996 propter
625 946 725 983 haec
767 958 868 996 opus
902 947 957 983 sit
986 951 1172 996 tempore
1204 943 1445 994 praeterito,
1488 946 1572 977 tum

114 1002 398 1040 coniunctiuus
437 1002 665 1051 flagitatur,
719 1007 762 1038 ut
803 1014 932 1051 genus
976 1001 1290 1052 temperamenti
1342 997 1576 1035 declaretur

114 1059 363 1109 cogitatione
396 1063 639 1108 conceptum
673 1054 782 1110 (talc
814 1062 1208 1109 temperamentum,
1249 1062 1292 1093 ut
1325 1053 1448 1107 ceu),
1511 1051 1574 1090 Cf.

114 1128 214 1167 quae
247 1113 328 1150 dixi
361 1115 391 1151 1.
426 1113 460 1163 {u
494 1113 533 1153 2.
566 1113 612 1153 ll.
647 1113 681 1162 ξ.
714 1112 783 1151 30.

228 1175 280 1206 et
325 1174 546 1219 praeter
594 1181 680 1205 eos
735 1167 835 1216 cet.]
913 1167 1158 1205 Aduersario
1216 1166 1319 1203 duos
1364 1163 1576 1202 Gracchos

114 1227 242 1265 fuisse
270 1223 424 1261 dicenti
457 1236 538 1260 non
571 1222 699 1261 solum
731 1223 825 1271 hoc,
860 1223 932 1260 sed
959 1224 1079 1260 etiam
1105 1222 1207 1261 illud
1233 1220 1424 1260 concedit
1447 1220 1576 1257 Grac-

115 1283 284 1321 chorum
328 1278 486 1316 similes
516 1284 558 1317 et
589 1278 883 1329 uituperabiles
917 1278 1020 1333 (non
1052 1281 1335 1330 perniciosos,
1379 1284 1422 1315 ut
1451 1275 1576 1313 Bakio

116 1340 249 1378 uisum
284 1332 372 1388 est)
401 1337 584 1385 quamuis
616 1334 765 1372 multos
796 1348 920 1386 posse
959 1336 1210 1384 enumerari3
1252 1334 1375 1384 idque
1413 1335 1469 1370 ita
1498 1344 1574 1368 ne-

116 1406 234 1434 cesse
256 1404 350 1428 esse
385 1390 571 1440 adiungit
603 1396 705 1440 tum,
739 1403 827 1428 cnm
862 1392 955 1428 deni
989 1393 1138 1429 tribuni
1173 1396 1379 1428 creentur.
1440 1389 1578 1425 Gene-

114 1448 258 1487 raliter
305 1447 431 1496 igitur
478 1447 659 1496 loquitur
710 1446 761 1483 de
812 1449 984 1485 tribunis
1038 1449 1145 1484 omni
1199 1452 1334 1484 aetate
1385 1443 1576 1482 creandis

116 1505 259 1559 (wcnu
294 1502 399 1539 zehn
436 1503 508 1539 aus
535 1501 685 1539 einmal
727 1502 897 1541 erwahlt
932 1501 1137 1557 werden).
1199 1504 1264 1541 (js.
1305 1498 1397 1551 Ill,
1440 1501 1473 1551 §-
1507 1498 1577 1539 34'-

116 1575 221 1599 cnm
266 1557 470 1607 aliquid
503 1571 676 1596 uerum
711 1563 763 1596 et
793 1565 989 1598 rectum
1024 1572 1146 1597 esse
1182 1559 1404 1597 dicitur.
1466 1555 1579 1595 Male

116 1619 241 1669 igitur
272 1613 451 1652 Orellius
484 1614 694 1665 Maduigio
727 1620 892 1653 auctore
925 1617 1012 1653 siue
1044 1617 1149 1654 iusta
1181 1615 1302 1653 codd.
1333 1615 1578 1652 auctoritate

117 1673 285 1724 scripsit
317 1676 596 1720 creentur,
639 1671 746 1709 Uict.
780 1672 891 1710 Man.
924 1673 1067 1710 Lamb.
1101 1676 1441 1719 crearentur,
1471 1666 1579 1720 quod

118 1732 165 1768 ab
197 1730 273 1766 hac
308 1725 490 1777 generali
524 1728 731 1764 sententia
770 1741 936 1779 prorsus
974 1729 1183 1766 abhorret.
1255 1728 1336 1765 Sed
1375 1728 1415 1764 in
1458 1738 1578 1763 causa

117 1784 325 1824 afferenda
357 1784 449 1833 qnia
481 1782 581 1820 dicit
608 1783 779 1833 leues,
813 1786 966 1822 etiam
999 1798 1096 1823 non
1130 1786 1294 1823 bonos
1319 1781 1366 1836 ᾗ)
1399 1784 1578 1821 fortasse

115 1842 256 1895 plures
288 1840 477 1890 reperiri,
508 1839 649 1877 hercle
683 1846 777 1877 ante
809 1840 890 1879 dici
921 1854 1093 1879 necesse
1125 1846 1203 1890 est,
1234 1841 1577 1892 perniciosos

116 1901 302 1938 tribunos
341 1894 630 1933 nonnullos
673 1898 858 1947 reperiri.
928 1898 1059 1948 Atque
1099 1898 1204 1935 lianc
1240 1895 1402 1934 facilem
1441 1893 1579 1932 mendi

117 1954 301 1994 nullos
332 1953 630 1990 correctionem
664 1953 821 2003 pridem
853 1954 1006 1992 Lbinus
1042 1954 1271 2005 proposuit,
1305 1964 1421 2003 quam
1452 1949 1579 2002 pleri-

119 2025 195 2062 que
232 2013 328 2061 post
369 2021 459 2045 eum
494 2009 745 2058 interpretes
776 2016 1013 2048 tenuerunt.
1073 2009 1280 2059 Nullos,
1310 2008 1417 2060 quod
1450 2007 1577 2045 Gzius

118 2068 303 2114 retinuit,
337 2066 586 2102 sententiam
618 2076 857 2115 peruersam
890 2066 1044 2105 reddit.
1105 2069 1232 2116 Quam
1259 2066 1577 2117 peruersitatem

118 2125 183 2175 qui
225 2121 373 2160 tollere
411 2121 547 2157 conati
588 2126 683 2158 sunt
720 2122 1001 2172 interrogandi
1041 2124 1157 2173 signo
1197 2128 1291 2173 post
1332 2122 1578 2159 tribunos

117 2182 268 2232 posito,
302 2183 345 2215 ut
372 2175 601 2214 Gulielmus
632 2182 674 2214 et
706 2178 921 2227 Gruterus,
962 2180 989 2216 ii
1017 2192 1099 2217 non
1139 2179 1407 2216 attenderunt
1446 2178 1577 2214 inter-

119 2237 376 2285 rogationem
406 2237 576 2283 propter
600 2240 841 2284 sequentem
863 2235 1176 2274 affirmationem
1206 2236 1253 2272 ab
1280 2236 1319 2274 Ιι.
1343 2234 1370 2274 l.
1404 2233 1577 2271 alienam

121 2303 228 2329 esse.
290 2289 439 2326 Bakius
471 2301 686 2339 perperam
719 2291 770 2328 de
800 2293 1009 2329 uniuersis
1042 2293 1370 2343 magistratibus,
1412 2303 1491 2327 non
1525 2289 1577 2326 de

120 2346 219 2386 solis
260 2345 433 2382 tribunis
475 2357 704 2383 sermonem
747 2360 840 2385 esse
877 2354 990 2385 ratus
1030 2351 1179 2387 omisso
1233 2346 1429 2386 uocabulo
1481 2348 1577 2383 tri-

121 2406 288 2443 bunos
319 2400 426 2438 male
457 2400 563 2437 haec
596 2403 794 2441 coniecit:
835 2417 942 2441 cum
975 2404 1099 2443 deni
1140 2410 1416 2453 creantur,
1455 2400 1611 2440 mul-⁴

121 2467 203 2500 tos
234 2461 285 2497 in
320 2458 451 2495 omni
482 2459 727 2495 memoria
748 2462 989 2511 reperies
1013 2463 1377 2512 perniciosos,
1410 2458 1577 2506 leues3

121 2516 216 2556 sed
248 2517 411 2553 bonos
443 2514 684 2553 fortasse
714 2515 908 2569 plureS.
968 2518 1054 2557 Nec
1090 2516 1358 2572 probabiliter
1388 2516 1578 2555 Halmius

215 2663 247 2705 ⁸)
273 2661 391 2695 maius
416 2661 513 2694 enim
539 2664 593 2694 est
618 2660 747 2695 uitium
773 2673 860 2695 non
885 2663 1055 2697 bonum
1092 2665 1116 2697 i.
1143 2675 1176 2697 e.
1207 2665 1344 2697 malum
1377 2659 1578 2704 (unpatrio-

123 2708 243 2748 tisch),
268 2719 375 2751 quam
403 2709 444 2740 le
460 2719 558 2740 nem
586 2719 689 2747 csse3
724 2721 788 2741 nec
824 2713 943 2742 tamen
969 2721 1057 2744 nou
1092 2712 1262 2744 bonum
1297 2719 1403 2742 esse
1439 2710 1579 2741 tantum

122 2755 234 2795 ualet,
261 2758 431 2798 quantum
459 2766 480 2798 p
492 2765 510 2786 c
521 2765 568 2787 rn
582 2753 644 2786 ici
658 2765 678 2787 o
689 2767 705 2787 s
719 2766 787 2788 um
812 2766 830 2788 c
842 2767 859 2788 s
871 2766 930 2789 se.
