1781 3192
192 173 220 210 8
758 172 828 211 DE
860 171 1095 212 LEGlBUS

195 287 436 326 auctoritate
471 282 537 322 uel
568 285 741 322 maxime
772 286 938 336 nititur,
971 298 1187 338 perperam
1232 298 1321 323 cum
1355 286 1550 325 Lambino
1582 287 1661 324 na-

195 343 284 381 kius
317 341 584 380 indicatiu
597 353 673 378 um
708 352 756 379 ex
787 344 925 393 paucis
958 342 1200 392 quibusdam
1234 341 1353 381 codd.
1387 343 1659 382 deterioribus

195 400 392 447 restituit,
424 397 686 435 coniunctiuo
725 399 946 449 significari
988 397 1130 437 dicens
1163 411 1284 437 esse
1315 411 1500 450 posse,
1538 412 1660 450 quae

193 457 298 494 isto
341 453 489 492 modo
530 452 733 492 tradita
773 459 968 494 essent.
1031 457 1086 494 At
1125 467 1224 494 uero
1255 467 1384 506 genus
1416 454 1664 493 describitur

195 524 330 550 rerum
365 510 590 548 memoriae
621 509 900 561 proditarum,
943 525 1024 551 non
1056 524 1122 550 res
1164 515 1304 550 certae
1337 511 1534 563 quaedam
1564 523 1661 563 spe·

195 571 368 607 ctantur.
415 565 478 605 cf.
514 578 618 616 quae
651 564 731 603 dixi
765 566 814 604 ad
847 568 876 617 ξ.
907 567 946 608 2.

302 627 352 661 et
382 635 404 660 a
434 621 730 673 nonnullis]
759 623 974 663 Sententia
1005 626 1260 677 peruertitur
1290 625 1442 661 omissa
1463 622 1663 676 particula

198 684 266 730 et,
299 692 415 730 quam
446 679 576 718 Turn.
598 680 638 716 in
672 684 892 719 comment.
923 683 1055 732 primo
1082 679 1351 719 omittendam
1372 693 1466 718 esse
1487 680 1660 718 dixerat.

199 738 289 775 Non
331 737 437 774 enim
478 749 648 785 omnes,
689 736 754 786 qui
787 737 935 775 fictane
977 751 1026 776 an
1059 750 1155 775 uera
1186 739 1270 775 sint
1296 741 1520 787 quaerunt,
1560 749 1662 787 quae

193 796 274 832 isto
305 792 425 831 modo
466 793 688 830 memoriae
724 793 808 830 sint
843 793 1031 844 prodita,
1064 795 1104 831 in
1137 794 1292 831 recenti
1325 795 1519 831 memoria
1552 798 1594 831 et
1624 794 1664 830 in

198 851 366 888 homine
398 850 572 900 arpinati
604 848 672 886 uel
705 850 970 888 seueritatem
1002 849 1213 902 postulare
1241 850 1355 899 dicit,
1389 850 1462 888 sed
1485 849 1664 887 nonnul-

196 906 258 944 los
289 911 446 944 tantum
481 918 529 943 eo
562 904 789 956 procedere
816 907 1010 957 affirmat,
1040 912 1082 944 ut
1114 905 1195 944 uel
1234 907 1442 944 minima
1472 905 1522 944 ad
1555 908 1664 944 ueri-

195 968 320 1001 tatem
362 963 468 1012 exigi
509 961 656 1000 uelint.
717 962 761 1000 In
802 963 880 1000 hoc
929 965 1038 1001 enim
1081 963 1351 1001 seueritatem
1394 977 1415 999 a
1456 961 1664 1000 nonnullis

195 1017 440 1073 postulatam
465 1020 577 1057 cerni
599 1023 709 1070 put0.
769 1019 842 1058 Cui
869 1022 1199 1071 interpretationi
1222 1020 1377 1070 optime
1399 1020 1662 1066 conueniunt,

197 1089 298 1129 quae
345 1075 544 1128 deinceps
583 1088 604 1112 a
645 1075 785 1114 Marco
833 1075 1108 1127 disputantur.
1179 1077 1377 1114 Nimirum
1412 1088 1554 1113 omnes
1596 1087 1662 1112 res

195 1135 371 1171 maiores
412 1133 467 1170 ita
498 1144 543 1170 se
572 1130 807 1183 prodidisse
841 1134 1070 1183 significat,
1103 1137 1148 1170 ut
1179 1134 1420 1181 euenerint,
1452 1133 1492 1169 in
1523 1131 1662 1181 paruis

197 1202 242 1228 ac
291 1190 470 1227 minimis
521 1191 669 1241 poetae
725 1189 904 1239 fingendi
962 1189 1160 1239 quandam
1208 1187 1445 1226 libertatem
1491 1185 1662 1225 concedi

200 1251 406 1298 oportere.
472 1245 532 1283 lta
573 1246 790 1283 ueritatem
834 1258 879 1283 se
920 1246 1083 1295 quidem
1117 1248 1300 1282 secutum
1334 1256 1425 1282 esse
1459 1243 1558 1281 dicit
1588 1256 1664 1281 nec

200 1316 288 1341 eam
314 1307 467 1351 tamen,
497 1314 614 1353 quam
644 1315 665 1338 a
691 1306 797 1339 teste
825 1303 1023 1352 requiras,
1058 1302 1122 1352 qui
1152 1302 1287 1338 omnia
1307 1301 1481 1338 maxima
1499 1300 1666 1337 minima

199 1359 249 1398 ad
271 1360 491 1396 ueritatem
522 1358 699 1407 dirigere
730 1370 806 1395 nec
836 1357 916 1395 ulla
947 1359 988 1394 in
1020 1369 1065 1395 re
1091 1356 1273 1408 fingendi
1295 1354 1486 1395 libertate
1510 1357 1567 1394 uti
1590 1355 1664 1393 de-

197 1417 304 1455 beat.
365 1412 567 1451 Similiter
600 1413 922 1451 iudiciorum
955 1414 1302 1451 seueritatem
1335 1425 1424 1450 eam
1458 1412 1537 1450 dici
1565 1424 1665 1450 con-

197 1475 279 1510 stat
309 1468 406 1524 (pro
437 1469 538 1508 Sull.
569 1467 639 1519 33,
671 1466 737 1509 92.
772 1470 895 1507 Uerr.
925 1470 954 1519 l,
993 1468 1025 1509 1.
1061 1466 1143 1523 3.),
1175 1481 1278 1520 quae
1315 1481 1391 1507 nec
1410 1471 1565 1519 gratiae
1590 1480 1666 1506 nec

197 1529 383 1579 ignauiae
414 1539 490 1564 nec
521 1527 775 1577 corruptioni
805 1525 941 1563 locum
973 1524 1193 1577 relinquat,
1227 1524 1301 1563 sed
1335 1527 1470 1564 omnia
1491 1526 1666 1563 maxima

196 1586 364 1623 minima
394 1581 714 1633 diligentissime
754 1580 962 1633 explorata
993 1582 1043 1621 ad
1074 1582 1189 1633 leges
1228 1581 1387 1633 dirigat.
1452 1583 1667 1634 Quaprop-

199 1647 266 1680 ter
296 1653 377 1679 non
410 1652 511 1692 opus
550 1646 616 1677 est
655 1640 889 1677 coniectura
930 1638 1008 1677 ulla
1046 1652 1126 1677 nec
1158 1639 1311 1677 Dauisii
1348 1651 1467 1689 quam
1497 1638 1593 1676 Ern.
1624 1642 1667 1674 et

198 1698 328 1750 wytt.
364 1698 589 1749 probarunt
637 1697 865 1746 ueritas,
928 1709 1005 1734 nec
1044 1695 1156 1734 Bakii
1197 1694 1268 1733 nil
1304 1695 1403 1732 nisi
1442 1695 1664 1742 ueritas,

199 1769 277 1795 nec
311 1756 493 1806 Zumptii
524 1758 567 1792 et
596 1754 766 1805 Hauptii
797 1754 836 1790 in
869 1765 971 1793 mus.
1003 1753 1119 1791 rhen.
1154 1751 1221 1790 [V.
1247 1765 1288 1803 p.
1318 1749 1411 1791 150.
1443 1749 1582 1800 quod
1613 1753 1662 1786 et

199 1815 248 1852 in
280 1812 486 1850 recenti
518 1812 766 1849 memoria
798 1811 923 1848 etin
951 1810 1181 1861 arpinati
1204 1808 1414 1845 homine
1438 1816 1665 1852 uersere,

202 1872 408 1909 ueritas
453 1881 476 1906 a
520 1872 572 1906 te
620 1866 961 1920 postulatur,
1005 1878 1123 1916 quam
1162 1863 1350 1902 Halmius
1391 1864 1433 1900 in
1465 1859 1666 1900 Schneid.

200 1925 309 1966 Phil.
342 1927 370 1966 l.
404 1939 443 1977 p.
480 1923 570 1965 173.
604 1927 661 1963 ita
689 1925 899 1973 assumsit,
933 1926 976 1960 ut
997 1936 1070 1974 pro
1102 1933 1326 1959 uersere
1359 1917 1668 1957 commendaret

202 1987 420 2023 uersetu
435 1996 468 2021 r.
530 1981 584 2019 Et
616 1985 711 2020 sunt
753 1993 852 2018 sane
890 1992 1035 2018 omnes
1074 1980 1178 2017 istae
1210 1979 1473 2016 coniecturae
1502 1974 1665 2026 langui-

207 2040 362 2090 diores,
392 2052 508 2090 quam
541 2043 585 2076 ut
615 2037 779 2090 placere
809 2038 985 2089 possint.

303 2098 351 2134 in
385 2096 592 2133 recenti
624 2094 890 2143 memoria]
928 2094 1029 2130 Cum
1048 2092 1204 2129 Marius
1226 2102 1330 2127 anno
1348 2086 1446 2129 668.
1467 2101 1500 2127 a.
1522 2100 1562 2126 u.
1580 2086 1666 2125 obi-

203 2157 308 2193 isset
348 2152 490 2203 paucis
526 2152 643 2189 annis
675 2154 771 2201 post
812 2150 1019 2199 augurium
1060 2152 1311 2198 susceptum,
1345 2146 1499 2183 Marius
1531 2150 1667 2182 autem

202 2211 386 2263 proximo
431 2207 698 2258 quadriennio
748 2220 769 2243 a
816 2206 1015 2243 Cicerone
1056 2205 1230 2254 scriptus
1270 2207 1382 2240 esset
1424 2199 1499 2255 (cf.
1536 2201 1569 2250 ᾗ.
1604 2199 1667 2246 2.)

203 2276 420 2316 sermoque
451 2264 516 2302 hic
546 2264 769 2301 haberetur
791 2275 828 2300 a.
853 2261 958 2302 702:
989 2265 1031 2299 et
1051 2261 1171 2299 Marii
1202 2265 1244 2297 et
1270 2259 1445 2310 augurii,
1477 2268 1670 2309 praeser-

202 2325 276 2362 tim
309 2321 358 2360 ad
388 2321 689 2371 antiquissimas
723 2317 813 2357 illas
844 2317 1017 2368 fabulas,
1049 2328 1147 2355 sane
1170 2327 1316 2354 recens
1342 2315 1537 2353 memoria
1565 2317 1668 2361 erat,

205 2385 248 2418 ut
280 2390 421 2418 uerum
453 2376 578 2415 facile
610 2376 763 2426 exquiri
796 2380 952 2426 posset.

305 2437 353 2473 in
386 2434 617 2485 arpinati
648 2431 877 2482 homine]
911 2433 933 2470 i.
965 2442 1002 2468 e.
1028 2430 1068 2466 in
1100 2428 1280 2477 homine,
1308 2428 1375 2478 qui
1395 2426 1580 2464 eiusdem
1603 2431 1668 2463 te-

207 2505 296 2530 cum
336 2490 545 2541 municipii
587 2494 675 2539 est,
719 2493 762 2526 ut
801 2488 866 2526 uel
898 2492 1120 2539 propterea
1160 2497 1225 2522 res
1258 2484 1561 2523 accuratissime
1598 2493 1667 2519 ex-

207 2548 370 2601 plorare
403 2550 445 2584 et
476 2546 527 2584 ad
556 2547 773 2584 ueritatem
808 2546 971 2595 exigere
1002 2543 1201 2594 potueris.

312 2608 364 2642 et
402 2601 722 2652 mehercule]
764 2599 971 2640 Particula
1009 2603 1080 2648 et,
1124 2611 1199 2648 qua
1239 2602 1303 2635 est
1333 2593 1580 2634 annectendi
1611 2595 1667 2643 ui,

208 2659 463 2714 popularium
487 2661 717 2699 auctoritati
732 2659 911 2696 Marcum
933 2654 1133 2695 accedere
1155 2654 1370 2705 significat,
1392 2651 1512 2689 modo
1534 2663 1603 2700 ne,
1625 2656 1668 2688 ut

210 2715 395 2756 nonnulli
427 2717 518 2765 isti,
558 2717 696 2767 iniqua
735 2714 962 2766 postulent.
1025 2711 1224 2750 Similiter
1255 2714 1305 2747 et
1342 2707 1566 2746 scilicet
1603 2707 1667 2745 di-

211 2777 315 2814 citur
345 2768 401 2824 (I,
438 2772 502 2813 13.
536 2772 606 2814 36.
638 2772 690 2810 de
721 2772 813 2810 Fin.
847 2767 905 2822 ll,
938 2768 1007 2809 31.
1044 2765 1177 2821 102),
1209 2779 1298 2804 cum
1322 2764 1474 2816 aliquid
1496 2776 1667 2816 respon-
