1781 3192
457 203 616 242 LlBER
650 201 909 242 TERTIUS.
958 202 1058 242 Car.
1091 202 1159 241 ΙΙΙ.
1450 199 1540 238 259

78 322 120 355 et
159 317 309 355 Bakius
356 317 626 354 restituerunt
666 311 836 352 aliorum
879 314 1001 354 codd.
1045 316 1289 366 scripturam
1327 311 1532 351 descri-

76 375 98 411 b
113 388 134 411 u
150 380 263 423 nto,
296 374 573 412 confirmatam
607 367 714 408 illam
748 369 961 409 meliorum
995 370 1116 410 codd.
1150 369 1299 408 mendo
1335 369 1530 408 discri-

75 432 251 468 bunt0.
312 429 419 467 Uidc
451 426 623 466 similem
657 426 927 476 corruptelam
961 429 1000 464 in
1034 426 1272 465 melioribus
1304 425 1531 477 discrip-

75 487 216 524 tione
251 498 325 536 pro
367 484 744 535 descriptione
776 479 853 522 ΙΙΙ.
894 483 927 533 ᾗ.
966 483 1015 523 12
1056 482 1188 521 etde
1231 484 1334 534 ltep.
1372 478 1429 532 ll,
1462 482 1531 522 22.

75 542 206 581 Recte
239 541 403 590 quidem
435 539 609 592 populus
640 552 740 578 rom.
774 537 884 592 (Cic.
918 539 971 577 de
994 540 1098 591 Rep.
1125 539 1172 589 ll,
1206 538 1301 593 22.)
1332 540 1372 576 in
1403 539 1532 577 tribus

75 597 262 635 distribui
323 596 504 646 dicitur,
550 609 629 633 non
674 597 770 633 item
817 600 929 633 recte
973 595 1111 647 populi
1159 601 1297 646 partes
1342 595 1533 633 distribui

0 671 2 680 ι
72 653 266 690 dicuntur
296 653 334 689 in
369 654 509 691 tribus.
572 653 660 690 Non
695 658 789 690 sunt
822 653 927 689 enim
962 651 1099 704 populi
1132 657 1286 703 parteS,
1321 656 1364 689 ut
1396 651 1430 701 ᾗ.
1468 651 1531 691 11.

70 707 254 758 classes,
297 708 637 759 quemadmodum
681 709 846 746 Mosero
897 710 1025 747 uisum
1075 714 1164 758 est,
1215 707 1288 745 scd
1337 709 1532 745 uniuerse

71 764 284 814 dicuntur,
327 771 371 802 ut
409 766 615 803 sententia
658 765 759 803 llaec
808 766 888 802 sit:
938 765 1113 816 „populi
1159 768 1296 816 partes
1348 765 1532 802 tributim

69 820 384 859 descril›unto“.
447 820 650 858 Similiter
682 821 822 872 populi
855 827 993 872 partes
1027 822 1209 859 tributim
1239 826 1282 858 et
1323 821 1531 858 centuria-

69 878 139 914 tim
174 875 352 915 describi
393 877 583 915 dicuntur
626 890 698 929 pro
743 877 878 916 Flacc.
916 879 954 928 7,
994 878 1055 919 15.
1096 890 1220 928 quae
1263 878 1533 915 scisceret

66 931 253 984 plebes
286 939 371 972 aut
410 948 539 984 quae
580 933 803 985 populus
847 936 1080 984 iuberet,
1122 939 1377 972 summota
1414 946 1532 972 con-

67 990 234 1039 cione,
268 989 588 1028 distributis
622 992 860 1041 partibus
896 992 1144 1029 tributim
1183 996 1235 1028 et
1266 991 1533 1028 centuria-

66 1047 157 1083 tim
197 1046 499 1098 descriptis
541 1047 850 1096 ordinibus,
903 1047 1190 1097 classibus,
1238 1047 1532 1095 aetatibus,

66 1101 276 1140 auditis
309 1104 636 1152 auctoribus,
670 1117 723 1141 re
756 1103 943 1141 multos
977 1103 1094 1141 dies
1118 1102 1456 1154 promulgata
1480 1107 1532 1141 et

65 1160 276 1208 cognita
320 1160 492 1198 iuberi
538 1161 824 1210 uetarique
864 1159 1164 1197 uoluerunt.
1237 1160 1355 1208 Quod
1393 1163 1530 1197 autem

67 1219 110 1252 et
138 1216 181 1253 h.
214 1214 244 1252 l.
277 1221 417 1266 partes
450 1217 631 1253 tributim
665 1219 707 1253 et
738 1217 997 1253 centuriatim
1032 1215 1265 1267 descriptae
1297 1216 1321 1255 i.
1342 1227 1377 1255 e.
1401 1217 1532 1253 tribus

65 1278 108 1309 et
141 1273 355 1309 centuriae
386 1275 427 1310 et
457 1272 544 1309 Cic.
577 1271 668 1309 Cat.
693 1272 724 1322 l,
757 1271 797 1311 4.
829 1270 867 1310 9.
901 1277 1084 1323 partes
1119 1268 1313 1310 Italiae
1341 1270 1531 1310 distribui

64 1327 279 1377 dicuntur,
315 1330 403 1366 eius
442 1330 501 1366 rei
544 1341 710 1379 prorsus
753 1327 830 1366 alia
869 1333 933 1366 est
964 1330 1084 1367 ratio.
1145 1330 1246 1367 Nam
1285 1341 1357 1380 pro
1389 1329 1530 1369 Flacc.

63 1389 202 1435 partes
236 1383 374 1435 populi
408 1384 597 1422 distribui
628 1386 683 1421 ita
718 1384 934 1434 dicuntur,
969 1389 1013 1423 ut
1044 1384 1192 1435 singuli
1233 1387 1273 1422 in
1317 1397 1411 1422 suas
1454 1386 1530 1422 tri-

64 1441 138 1477 bus
182 1444 224 1476 et
267 1442 472 1477 centurias
513 1440 730 1477 discedere
769 1441 987 1479 iubeantur
1028 1443 1138 1479 etin
1172 1439 1409 1479 Catilinaria
1439 1454 1531 1479 ora-

64 1496 178 1533 tione
219 1508 355 1533 sermo
395 1501 460 1534 est
501 1496 552 1534 de
591 1497 773 1547 partibus
808 1493 953 1535 Italiae
993 1500 1105 1536 inter
1134 1497 1400 1536 Catilinariae
1431 1510 1530 1536 con-

64 1552 281 1589 iurationis
310 1553 444 1590 socios
478 1552 788 1593 distribuendis.

173 1621 430 1670 pecunias
463 1621 755 1672 —5partiun
774 1620 847 1671 to]
897 1619 1039 1659 Paullo
1064 1625 1159 1660 ante
1180 1634 1373 1660 censores
1394 1622 1531 1659 aeui-

61 1677 216 1724 tates,
247 1677 505 1726 pecunias
539 1689 765 1714 censere
796 1679 825 1715 i.
857 1690 892 1717 e.
928 1690 1004 1728 qua
1031 1680 1199 1729 quisque
1222 1682 1371 1727 aetate,
1401 1690 1530 1729 pecu-

61 1732 130 1768 nia
171 1732 251 1780 sit,
295 1730 532 1770 describere
566 1731 782 1782 dicuntur3
823 1733 901 1771 hoc
939 1733 1030 1772 loco
1070 1733 1261 1786 populum
1306 1733 1531 1773 secundum

62 1791 222 1825 aetates
257 1793 299 1825 et
329 1790 525 1839 pecunias
557 1789 596 1826 in
620 1789 787 1859 ‘lasses
821 1794 863 1827 et
894 1792 1102 1828 centurias
1136 1790 1325 1829 diuidere
1348 1792 1531 1841 itemque

61 1842 228 1882 ordines
269 1845 297 1882 i.
331 1857 368 1882 e.
408 1850 624 1883 senatores
668 1850 710 1883 et
743 1847 902 1897 equites
937 1845 1078 1897 legere
1110 1849 1318 1898 iubentur.
1379 1848 1530 1886 Parum

61 1904 176 1939 recte
203 1901 395 1938 Moserus
428 1903 680 1952 pecunias
713 1904 912 1953 partiri
948 1903 1029 1941 dici
1063 1905 1271 1942 existimat
1301 1903 1353 1941 de
1377 1905 1528 1942 tributo

59 1957 206 2008 cuique
234 1970 307 2008 pro
341 1956 604 1996 facultatibus
637 1959 901 2010 imponendo.

175 2026 408 2074 equitum
440 2026 804 2078 peditumque]
876 2027 966 2065 Hoc
1011 2040 1090 2065 non
1130 2028 1208 2064 iam
1248 2026 1300 2065 ad
1339 2026 1528 2066 ordinum

59 2079 406 2131 descriptionem,
440 2082 515 2120 sed
548 2082 598 2119 ad
646 2096 732 2120 rem
779 2083 1003 2121 militarem
1047 2087 1231 2134 spectat,
1270 2085 1304 2121 si
1346 2084 1528 2135 quidem,

58 2138 127 2188 qui
173 2134 332 2187 equites
373 2140 521 2190 quique
562 2138 726 2190 pedites
758 2139 1012 2190 militarent,
1047 2154 1067 2177 a
1100 2142 1338 2178 censoribus
1371 2142 1528 2179 consti-

0 2197 1 2230 ἶ
59 2194 247 2232 tuebatur
276 2194 425 2232 tabulis
457 2197 667 2235 censoriis.

174 2260 432 2311 caelibes]
512 2263 630 2314 Apud
680 2263 885 2301 Romanos
947 2269 1043 2302 ante
1094 2262 1232 2314 legem
1281 2262 1431 2302 Juliam
1485 2270 1527 2303 et·

64 2312 227 2364 Papiam
260 2315 491 2367 Poppaeam
537 2319 589 2355 de
634 2319 872 2357 maritandis
915 2320 1125 2358 ordinibus
1158 2320 1259 2358 nihil
1290 2321 1366 2358 hac
1399 2321 1450 2359 de
1482 2334 1528 2359 re

62 2368 157 2420 lege
199 2377 381 2409 sanctum
424 2373 526 2422 suit,
569 2374 641 2412 scd
682 2388 778 2412 cura
816 2381 952 2413 tamen
993 2379 1079 2415 eius
1118 2378 1177 2414 rei
1219 2377 1407 2415 mandata
1439 2381 1528 2416 erat

64 2428 303 2464 censoribus
335 2427 463 2473 (Gell.
495 2430 542 2469 N.
577 2431 622 2469 A.
657 2427 693 2479 I,
723 2431 803 2480 6.),
848 2433 917 2482 qui
960 2446 1028 2470 aes
1067 2446 1225 2484 poenae
1257 2435 1424 2472 nominc
1454 2447 1526 2473 eos

0 2493 1 2526 j
60 2484 101 2520 in
146 2485 346 2521 aerarium
381 2484 547 2523 deferre
580 2484 808 2537 iusserunt,
852 2489 918 2538 qui
956 2489 1136 2528 caelibes
1176 2489 1226 2527 ad
1266 2496 1526 2529 senectutem

59 2541 364 2591 peruenissent.
396 2541 486 2580 Ual.
521 2543 625 2583 Max.
660 2543 708 2593 ll,
741 2541 781 2583 9.
819 2543 856 2583 1.
928 2545 1175 2585 Uxorium
1216 2547 1294 2585 hoc
1334 2560 1402 2586 aes
1433 2560 1527 2586 esse

61 2594 311 2648 appellatum
344 2598 461 2637 Fest.
494 2598 621 2637 tradit
651 2612 686 2639 S.
724 2613 763 2638 u.
799 2602 1045 2644 uxorium.

173 2687 341 2714 mores
372 2690 487 2729 pop.
519 2678 643 2729 reg]
717 2678 777 2716 De
825 2691 982 2719 morum
1017 2682 1219 2733 regimine
1257 2682 1312 2723 cf.
1354 2682 1526 2721 Beckeri

55 2731 158 2769 Ant.
189 2744 292 2770 rom.
324 2728 383 2784 ΙΙ,
417 2734 457 2776 2.
489 2748 530 2786 p.
561 2734 657 2775 208.
691 2748 797 2786 sqq.,
829 2734 881 2774 de
919 2740 1175 2777 senatoribus
1215 2753 1289 2791 per
1330 2750 1525 2777 censores

67 2791 208 2826 senatu
240 2790 454 2829 mouendis
486 2791 660 2830 eundem
692 2805 733 2843 p.
766 2791 864 2832 230.
912 2793 977 2834 Cf.
1012 2795 1047 2845 ξ.
1075 2795 1139 2836 10.

1224 2864 1307 2901 17*
