<?xml version="1.0" encoding="UTF-8"?>
<!DOCTYPE html PUBLIC "-//W3C//DTD XHTML 1.0 Transitional//EN"
    "http://www.w3.org/TR/xhtml1/DTD/xhtml1-transitional.dtd">
<html xmlns="http://www.w3.org/1999/xhtml" xml:lang="en" lang="en">
 <head>
  <title>
</title>
<meta http-equiv="Content-Type" content="text/html;charset=utf-8" />
  <meta name='ocr-system' content='tesseract 3.04.00' />
  <meta name='ocr-capabilities' content='ocr_page ocr_carea ocr_par ocr_line ocrx_word'/>
</head>
<body>
  <div class='ocr_page' id='page_1' title='image "./delegibuslibritr0102ciceuoft_0478.png"; bbox 0 0 1781 3192; ppageno 0'>
   <div class='ocr_carea' id='block_1_1' title="bbox 228 173 1133 217">
    <p class='ocr_par' dir='ltr' id='par_1_1' title="bbox 228 173 1133 217">
     <span class='ocr_line' id='line_1_1' title="bbox 228 173 1133 217; baseline -0.006 0"><span class='ocrx_word' id='word_1_1' title='bbox 228 177 318 217; x_wconf 75' lang='lat'><strong>272</strong></span> <span class='ocrx_word' id='word_1_2' title='bbox 800 174 871 213; x_wconf 87' lang='lat' dir='ltr'><strong>DE</strong></span> <span class='ocrx_word' id='word_1_3' title='bbox 901 173 1133 213; x_wconf 77' lang='lat' dir='ltr'>LEGIBUS</span> 
     </span>
    </p>
   </div>
   <div class='ocr_carea' id='block_1_2' title="bbox 231 285 1705 2820">
    <p class='ocr_par' dir='ltr' id='par_1_2' title="bbox 231 285 1699 779">
     <span class='ocr_line' id='line_1_2' title="bbox 232 285 1697 342; baseline -0.001 -12"><span class='ocrx_word' id='word_1_4' title='bbox 232 292 349 342; x_wconf 86' lang='lat' dir='ltr'><strong>lege</strong></span> <span class='ocrx_word' id='word_1_5' title='bbox 382 289 587 336; x_wconf 81' lang='lat' dir='ltr'>fecisti,</span> <span class='ocrx_word' id='word_1_6' title='bbox 621 287 699 324; x_wconf 89' lang='lat' dir='ltr'><strong>sic</strong></span> <span class='ocrx_word' id='word_1_7' title='bbox 731 285 792 324; x_wconf 93' lang='lat' dir='ltr'><strong>de</strong></span> <span class='ocrx_word' id='word_1_8' title='bbox 824 287 1240 337; x_wconf 76' lang='lat' dir='ltr'><strong>magistratibus,</strong></span> <span class='ocrx_word' id='word_1_9' title='bbox 1273 288 1458 339; x_wconf 90' lang='lat' dir='ltr'><strong>quibus</strong></span> <span class='ocrx_word' id='word_1_10' title='bbox 1490 289 1552 329; x_wconf 91' lang='lat' dir='ltr'><strong>de</strong></span> <span class='ocrx_word' id='word_1_11' title='bbox 1581 304 1697 330; x_wconf 86' lang='lat' dir='ltr'><strong>cau-</strong></span> 
     </span>
     <span class='ocr_line' id='line_1_3' title="bbox 234 340 1697 395; baseline 0 -9"><span class='ocrx_word' id='word_1_12' title='bbox 234 349 311 386; x_wconf 90' lang='lat' dir='ltr'><strong>sis</strong></span> <span class='ocrx_word' id='word_1_13' title='bbox 342 346 556 383; x_wconf 85' lang='lat' dir='ltr'>maxime</span> <span class='ocrx_word' id='word_1_14' title='bbox 582 340 800 394; x_wconf 87' lang='lat' dir='ltr'><strong>placeat</strong></span> <span class='ocrx_word' id='word_1_15' title='bbox 826 343 934 380; x_wconf 83' lang='lat' dir='ltr'><strong>ista</strong></span> <span class='ocrx_word' id='word_1_16' title='bbox 956 342 1276 395; x_wconf 79' lang='lat' dir='ltr'><strong>descriptio.</strong></span> <span class='ocrx_word' id='word_1_17' title='bbox 1327 344 1409 383; x_wconf 87' lang='lat' dir='ltr'><strong>Sed</strong></span> <span class='ocrx_word' id='word_1_18' title='bbox 1439 346 1697 386; x_wconf 88' lang='lat' dir='ltr'><strong>reddendi</strong></span> 
     </span>
     <span class='ocr_line' id='line_1_4' title="bbox 232 398 1696 452; baseline 0 -10"><span class='ocrx_word' id='word_1_19' title='bbox 232 404 400 442; x_wconf 85' lang='lat' dir='ltr'><strong>notione</strong></span> <span class='ocrx_word' id='word_1_20' title='bbox 439 398 622 450; x_wconf 89' lang='lat' dir='ltr'><strong>pluribus</strong></span> <span class='ocrx_word' id='word_1_21' title='bbox 674 399 812 437; x_wconf 89' lang='lat' dir='ltr'><strong>uerbis</strong></span> <span class='ocrx_word' id='word_1_22' title='bbox 865 399 1095 438; x_wconf 86' lang='lat' dir='ltr'><strong>interiectis</strong></span> <span class='ocrx_word' id='word_1_23' title='bbox 1145 398 1442 452; x_wconf 75' lang='lat' dir='ltr'>aliquantisper</span> <span class='ocrx_word' id='word_1_24' title='bbox 1480 403 1696 442; x_wconf 82' lang='lat' dir='ltr'><strong>obscurata</strong></span> 
     </span>
     <span class='ocr_line' id='line_1_5' title="bbox 233 454 1698 510; baseline 0 -12"><span class='ocrx_word' id='word_1_25' title='bbox 233 459 367 498; x_wconf 88' lang='lat' dir='ltr'><strong>omnia</strong></span> <span class='ocrx_word' id='word_1_26' title='bbox 414 454 509 494; x_wconf 85' lang='lat' dir='ltr'><strong>ilia:</strong></span> <span class='ocrx_word' id='word_1_27' title='bbox 563 460 617 494; x_wconf 92' lang='lat' dir='ltr'><strong>ut</strong></span> <span class='ocrx_word' id='word_1_28' title='bbox 667 455 938 507; x_wconf 83' lang='lat' dir='ltr'><strong>disputes,</strong></span> <span class='ocrx_word' id='word_1_29' title='bbox 991 458 1175 506; x_wconf 89' lang='lat' dir='ltr'><strong>quibus</strong></span> <span class='ocrx_word' id='word_1_30' title='bbox 1214 479 1270 486; x_wconf 90' lang='lat'>—</span> <span class='ocrx_word' id='word_1_31' title='bbox 1309 457 1610 510; x_wconf 81' lang='lat' dir='ltr'><strong>descriptio</strong></span> <span class='ocrx_word' id='word_1_32' title='bbox 1649 471 1698 498; x_wconf 76' lang='lat' dir='ltr'><strong>ex</strong></span> 
     </span>
     <span class='ocr_line' id='line_1_6' title="bbox 232 511 1697 553; baseline 0 0"><span class='ocrx_word' id='word_1_33' title='bbox 232 511 472 553; x_wconf 86' lang='lat' dir='ltr'><strong>faciendi</strong></span> <span class='ocrx_word' id='word_1_34' title='bbox 504 513 674 551; x_wconf 88' lang='lat' dir='ltr'><strong>notione</strong></span> <span class='ocrx_word' id='word_1_35' title='bbox 705 516 928 549; x_wconf 80' lang='lat' dir='ltr'><strong>nectuntur</strong></span> <span class='ocrx_word' id='word_1_36' title='bbox 960 513 1084 550; x_wconf 81' lang='lat' dir='ltr'><strong>Attici</strong></span> <span class='ocrx_word' id='word_1_37' title='bbox 1116 514 1154 550; x_wconf 91' lang='lat' dir='ltr'><strong>in</strong></span> <span class='ocrx_word' id='word_1_38' title='bbox 1189 519 1325 552; x_wconf 89' lang='lat' dir='ltr'><strong>mente</strong></span> <span class='ocrx_word' id='word_1_39' title='bbox 1367 516 1601 553; x_wconf 77' lang='lat' dir='ltr'><strong>etiamnunc</strong></span> <span class='ocrx_word' id='word_1_40' title='bbox 1630 517 1697 553; x_wconf 89' lang='lat' dir='ltr'><strong>in-</strong></span> 
     </span>
     <span class='ocr_line' id='line_1_7' title="bbox 232 569 1697 619; baseline 0.001 -10"><span class='ocrx_word' id='word_1_41' title='bbox 232 572 446 609; x_wconf 79' lang='lat' dir='ltr'><strong>haerente.</strong></span> <span class='ocrx_word' id='word_1_42' title='bbox 506 570 615 607; x_wconf 84' lang='lat' dir='ltr'><strong>Ilinc</strong></span> <span class='ocrx_word' id='word_1_43' title='bbox 648 571 687 607; x_wconf 92' lang='lat' dir='ltr'><strong>in</strong></span> <span class='ocrx_word' id='word_1_44' title='bbox 721 582 921 619; x_wconf 83' lang='lat' dir='ltr'><strong>responso</strong></span> <span class='ocrx_word' id='word_1_45' title='bbox 954 569 1117 607; x_wconf 81' lang='lat' dir='ltr'><strong>Marcus</strong></span> <span class='ocrx_word' id='word_1_46' title='bbox 1155 582 1234 608; x_wconf 90' lang='lat' dir='ltr'><strong>non</strong></span> <span class='ocrx_word' id='word_1_47' title='bbox 1278 570 1538 609; x_wconf 92' lang='lat' dir='ltr'><strong>reddendi</strong></span> <span class='ocrx_word' id='word_1_48' title='bbox 1572 573 1697 610; x_wconf 90' lang='lat' dir='ltr'><strong>uerbo</strong></span> 
     </span>
     <span class='ocr_line' id='line_1_8' title="bbox 231 622 1699 680; baseline 0.004 -19"><span class='ocrx_word' id='word_1_49' title='bbox 231 628 384 676; x_wconf 82' lang='lat' dir='ltr'><strong>utitur,</strong></span> <span class='ocrx_word' id='word_1_50' title='bbox 428 631 472 664; x_wconf 88' lang='lat' dir='ltr'><strong>ut</strong></span> <span class='ocrx_word' id='word_1_51' title='bbox 511 622 568 664; x_wconf 79' lang='grc' dir='ltr'><strong>ΙΙ.</strong></span> <span class='ocrx_word' id='word_1_52' title='bbox 611 626 645 676; x_wconf 55' lang='grc' dir='ltr'><strong>ἧ.</strong></span> <span class='ocrx_word' id='word_1_53' title='bbox 679 623 747 675; x_wconf 66' lang='grc'><strong>34,</strong></span> <span class='ocrx_word' id='word_1_54' title='bbox 789 624 864 663; x_wconf 87' lang='lat' dir='ltr'><strong>sed</strong></span> <span class='ocrx_word' id='word_1_55' title='bbox 906 625 1157 666; x_wconf 83' lang='lat' dir='ltr'><strong>faciendi.</strong></span> <span class='ocrx_word' id='word_1_56' title='bbox 1230 627 1521 679; x_wconf 86' lang='lat' dir='ltr'><strong>Macrologiam</strong></span> <span class='ocrx_word' id='word_1_57' title='bbox 1573 628 1699 680; x_wconf 85' lang='lat' dir='ltr'><strong>igitur</strong></span> 
     </span>
     <span class='ocr_line' id='line_1_9' title="bbox 232 682 1697 736; baseline 0.002 -15"><span class='ocrx_word' id='word_1_58' title='bbox 232 688 348 721; x_wconf 89' lang='lat' dir='ltr'><strong>recte</strong></span> <span class='ocrx_word' id='word_1_59' title='bbox 380 682 526 720; x_wconf 83' lang='lat' dir='ltr'><strong>Bakius</strong></span> <span class='ocrx_word' id='word_1_60' title='bbox 560 682 683 730; x_wconf 78' lang='lat' dir='ltr'><strong>dixit3</strong></span> <span class='ocrx_word' id='word_1_61' title='bbox 715 683 781 732; x_wconf 91' lang='lat' dir='ltr'><strong>qui</strong></span> <span class='ocrx_word' id='word_1_62' title='bbox 814 686 951 719; x_wconf 88' lang='lat' dir='ltr'><strong>tamen</strong></span> <span class='ocrx_word' id='word_1_63' title='bbox 984 683 1107 720; x_wconf 87' lang='lat' dir='ltr'><strong>uerba</strong></span> <span class='ocrx_word' id='word_1_64' title='bbox 1139 688 1190 720; x_wconf 88' lang='lat' dir='ltr'><strong>ut</strong></span> <span class='ocrx_word' id='word_1_65' title='bbox 1222 683 1473 736; x_wconf 85' lang='lat' dir='ltr'><strong>disputes</strong></span> <span class='ocrx_word' id='word_1_66' title='bbox 1520 698 1568 723; x_wconf 86' lang='lat' dir='ltr'><strong>ex</strong></span> <span class='ocrx_word' id='word_1_67' title='bbox 1599 684 1697 724; x_wconf 91' lang='lat' dir='ltr'><strong>red-</strong></span> 
     </span>
     <span class='ocr_line' id='line_1_10' title="bbox 233 738 1226 779; baseline 0 -1"><span class='ocrx_word' id='word_1_68' title='bbox 233 739 356 779; x_wconf 86' lang='lat' dir='ltr'><strong>dendi</strong></span> <span class='ocrx_word' id='word_1_69' title='bbox 390 740 514 777; x_wconf 88' lang='lat' dir='ltr'><strong>uerbo</strong></span> <span class='ocrx_word' id='word_1_70' title='bbox 546 743 719 777; x_wconf 87' lang='lat' dir='ltr'><strong>nectens</strong></span> <span class='ocrx_word' id='word_1_71' title='bbox 751 751 772 775; x_wconf 90' lang='lat' dir='ltr'><strong>a</strong></span> <span class='ocrx_word' id='word_1_72' title='bbox 803 743 917 776; x_wconf 89' lang='lat' dir='ltr'><strong>recta</strong></span> <span class='ocrx_word' id='word_1_73' title='bbox 947 740 1011 776; x_wconf 90' lang='lat' dir='ltr'><strong>uia</strong></span> <span class='ocrx_word' id='word_1_74' title='bbox 1047 738 1226 779; x_wconf 78' lang='lat' dir='ltr'><strong>deflexit.</strong></span> 
     </span>
    </p>

    <p class='ocr_par' dir='ltr' id='par_1_3' title="bbox 233 794 1698 1063">
     <span class='ocr_line' id='line_1_11' title="bbox 349 794 1697 846; baseline 0.001 -13"><span class='ocrx_word' id='word_1_75' title='bbox 349 794 487 846; x_wconf 76' lang='lat' dir='ltr'><strong>quod</strong></span> <span class='ocrx_word' id='word_1_76' title='bbox 518 794 820 834; x_wconf 88' lang='lat' dir='ltr'><strong>faciendum</strong></span> <span class='ocrx_word' id='word_1_77' title='bbox 853 794 978 845; x_wconf 89' lang='lat' dir='ltr'><strong>fuit]</strong></span> <span class='ocrx_word' id='word_1_78' title='bbox 1042 794 1152 833; x_wconf 86' lang='lat' dir='ltr'><strong>Male</strong></span> <span class='ocrx_word' id='word_1_79' title='bbox 1182 797 1283 834; x_wconf 82' lang='lat' dir='ltr'><strong>haec</strong></span> <span class='ocrx_word' id='word_1_80' title='bbox 1308 798 1429 835; x_wconf 85' lang='lat' dir='ltr'><strong>uerba</strong></span> <span class='ocrx_word' id='word_1_81' title='bbox 1452 797 1697 836; x_wconf 82' lang='lat' dir='ltr'><strong>tenuissima</strong></span> 
     </span>
     <span class='ocr_line' id='line_1_12' title="bbox 233 851 1698 905; baseline 0.002 -15"><span class='ocrx_word' id='word_1_82' title='bbox 233 866 452 905; x_wconf 76' lang='lat' dir='ltr'><strong>paucorusu</strong></span> <span class='ocrx_word' id='word_1_83' title='bbox 487 851 605 892; x_wconf 88' lang='lat' dir='ltr'><strong>codd.</strong></span> <span class='ocrx_word' id='word_1_84' title='bbox 640 852 885 890; x_wconf 87' lang='lat' dir='ltr'><strong>auctoritate</strong></span> <span class='ocrx_word' id='word_1_85' title='bbox 917 851 1033 891; x_wconf 90' lang='lat' dir='ltr'><strong>Grut.</strong></span> <span class='ocrx_word' id='word_1_86' title='bbox 1065 852 1166 890; x_wconf 82' lang='lat' dir='ltr'><strong>Dan.</strong></span> <span class='ocrx_word' id='word_1_87' title='bbox 1193 853 1295 891; x_wconf 84' lang='lat' dir='ltr'><strong>Ern.</strong></span> <span class='ocrx_word' id='word_1_88' title='bbox 1320 853 1546 904; x_wconf 77' lang='lat' dir='ltr'><strong>Wagnerus</strong></span> <span class='ocrx_word' id='word_1_89' title='bbox 1581 852 1698 893; x_wconf 86' lang='lat' dir='ltr'><strong>dele-</strong></span> 
     </span>
     <span class='ocr_line' id='line_1_13' title="bbox 235 909 1698 961; baseline 0.001 -14"><span class='ocrx_word' id='word_1_90' title='bbox 235 913 342 948; x_wconf 84' lang='lat' dir='ltr'><strong>runt.</strong></span> <span class='ocrx_word' id='word_1_91' title='bbox 406 909 583 957; x_wconf 79' lang='lat' dir='ltr'><strong>Quorum</strong></span> <span class='ocrx_word' id='word_1_92' title='bbox 617 909 816 946; x_wconf 87' lang='lat' dir='ltr'><strong>rationem</strong></span> <span class='ocrx_word' id='word_1_93' title='bbox 849 913 988 945; x_wconf 88' lang='lat' dir='ltr'><strong>nostra</strong></span> <span class='ocrx_word' id='word_1_94' title='bbox 1021 912 1154 946; x_wconf 89' lang='lat' dir='ltr'><strong>aetate</strong></span> <span class='ocrx_word' id='word_1_95' title='bbox 1187 910 1332 947; x_wconf 80' lang='lat' dir='ltr'><strong>Bakius</strong></span> <span class='ocrx_word' id='word_1_96' title='bbox 1364 911 1575 961; x_wconf 83' lang='lat' dir='ltr'><strong>probauit,</strong></span> <span class='ocrx_word' id='word_1_97' title='bbox 1607 912 1698 961; x_wconf 84' lang='lat' dir='ltr'><strong>quia</strong></span> 
     </span>
     <span class='ocr_line' id='line_1_14' title="bbox 235 964 1697 1017; baseline 0.001 -13"><span class='ocrx_word' id='word_1_98' title='bbox 235 966 540 1017; x_wconf 79' lang='lat' dir='ltr'><strong>excusationem</strong></span> <span class='ocrx_word' id='word_1_99' title='bbox 583 964 780 1016; x_wconf 88' lang='lat' dir='ltr'><strong>quandam</strong></span> <span class='ocrx_word' id='word_1_100' title='bbox 823 964 924 1002; x_wconf 89' lang='lat' dir='ltr'><strong>haec</strong></span> <span class='ocrx_word' id='word_1_101' title='bbox 964 966 1178 1002; x_wconf 86' lang='lat' dir='ltr'><strong>continere</strong></span> <span class='ocrx_word' id='word_1_102' title='bbox 1218 965 1459 1004; x_wconf 80' lang='lat' dir='ltr'><strong>uiderentur</strong></span> <span class='ocrx_word' id='word_1_103' title='bbox 1505 968 1552 1005; x_wconf 91' lang='lat' dir='ltr'><strong>ab</strong></span> <span class='ocrx_word' id='word_1_104' title='bbox 1593 968 1634 1006; x_wconf 90' lang='lat' dir='ltr'><strong>h.</strong></span> <span class='ocrx_word' id='word_1_105' title='bbox 1667 966 1697 1007; x_wconf 91' lang='lat' dir='ltr'><strong>l.</strong></span> 
     </span>
     <span class='ocr_line' id='line_1_15' title="bbox 235 1019 1492 1063; baseline 0.002 -2"><span class='ocrx_word' id='word_1_106' title='bbox 235 1021 425 1061; x_wconf 83' lang='lat' dir='ltr'><strong>alienam.</strong></span> <span class='ocrx_word' id='word_1_107' title='bbox 486 1022 689 1060; x_wconf 79' lang='lat' dir='ltr'><strong>Nimirum</strong></span> <span class='ocrx_word' id='word_1_108' title='bbox 724 1019 805 1059; x_wconf 91' lang='lat' dir='ltr'><strong>loci</strong></span> <span class='ocrx_word' id='word_1_109' title='bbox 836 1019 945 1058; x_wconf 87' lang='lat' dir='ltr'><strong>illius</strong></span> <span class='ocrx_word' id='word_1_110' title='bbox 976 1021 1054 1058; x_wconf 90' lang='lat' dir='ltr'><strong>ista</strong></span> <span class='ocrx_word' id='word_1_111' title='bbox 1085 1022 1216 1060; x_wconf 86' lang='lat' dir='ltr'><strong>fuisse</strong></span> <span class='ocrx_word' id='word_1_112' title='bbox 1248 1021 1492 1063; x_wconf 81' lang='lat' dir='ltr'><strong>declaratur.</strong></span> 
     </span>
    </p>

    <p class='ocr_par' dir='ltr' id='par_1_4' title="bbox 233 1075 1701 1296">
     <span class='ocr_line' id='line_1_16' title="bbox 349 1075 1698 1131; baseline -0.001 -14"><span class='ocrx_word' id='word_1_113' title='bbox 349 1079 383 1128; x_wconf 56' lang='grc' dir='ltr'><strong>ξ.</strong></span> <span class='ocrx_word' id='word_1_114' title='bbox 420 1075 483 1117; x_wconf 70' lang='grc'><strong>14.</strong></span> <span class='ocrx_word' id='word_1_115' title='bbox 536 1092 558 1116; x_wconf 88' lang='lat' dir='ltr'><strong>a</strong></span> <span class='ocrx_word' id='word_1_116' title='bbox 586 1077 965 1129; x_wconf 85' lang='lat' dir='ltr'><strong>Theophrasto</strong></span> <span class='ocrx_word' id='word_1_117' title='bbox 998 1078 1272 1128; x_wconf 83' lang='lat' dir='ltr'><strong>Peripatetico</strong></span> <span class='ocrx_word' id='word_1_118' title='bbox 1306 1078 1526 1117; x_wconf 89' lang='lat' dir='ltr'><strong>de-rerum</strong></span> <span class='ocrx_word' id='word_1_119' title='bbox 1563 1077 1698 1131; x_wconf 78' lang='lat' dir='ltr'><strong>publi-</strong></span> 
     </span>
     <span class='ocr_line' id='line_1_17' title="bbox 236 1133 1700 1186; baseline 0.001 -13"><span class='ocrx_word' id='word_1_120' title='bbox 236 1147 370 1174; x_wconf 89' lang='lat' dir='ltr'><strong>carum</strong></span> <span class='ocrx_word' id='word_1_121' title='bbox 404 1133 561 1184; x_wconf 79' lang='lat' dir='ltr'><strong>legibus</strong></span> <span class='ocrx_word' id='word_1_122' title='bbox 604 1139 725 1185; x_wconf 88' lang='lat' dir='ltr'><strong>atque</strong></span> <span class='ocrx_word' id='word_1_123' title='bbox 766 1134 967 1171; x_wconf 82' lang='lat' dir='ltr'><strong>institutis</strong></span> <span class='ocrx_word' id='word_1_124' title='bbox 1008 1133 1180 1172; x_wconf 89' lang='lat' dir='ltr'><strong>multum</strong></span> <span class='ocrx_word' id='word_1_125' title='bbox 1222 1148 1316 1173; x_wconf 92' lang='lat' dir='ltr'><strong>esse</strong></span> <span class='ocrx_word' id='word_1_126' title='bbox 1348 1137 1574 1186; x_wconf 87' lang='lat' dir='ltr'><strong>quaesitum</strong></span> <span class='ocrx_word' id='word_1_127' title='bbox 1608 1148 1700 1174; x_wconf 84' lang='lat' dir='ltr'><strong>mox</strong></span> 
     </span>
     <span class='ocr_line' id='line_1_18' title="bbox 233 1188 1701 1244; baseline 0 -14"><span class='ocrx_word' id='word_1_128' title='bbox 233 1193 324 1244; x_wconf 89' lang='lat' dir='ltr'><strong>ipse</strong></span> <span class='ocrx_word' id='word_1_129' title='bbox 346 1189 504 1228; x_wconf 79' lang='lat' dir='ltr'><strong>Tullius</strong></span> <span class='ocrx_word' id='word_1_130' title='bbox 527 1190 654 1228; x_wconf 87' lang='lat' dir='ltr'><strong>tradit</strong></span> <span class='ocrx_word' id='word_1_131' title='bbox 681 1195 724 1228; x_wconf 93' lang='lat' dir='ltr'><strong>et</strong></span> <span class='ocrx_word' id='word_1_132' title='bbox 753 1188 847 1227; x_wconf 91' lang='lat' dir='ltr'><strong>libri</strong></span> <span class='ocrx_word' id='word_1_133' title='bbox 881 1191 966 1227; x_wconf 85' lang='lat' dir='ltr'><strong>eius</strong></span> <span class='ocrx_word' id='word_1_134' title='bbox 992 1190 1218 1242; x_wconf 89' lang='lat' dir='ltr'><strong>declarant,</strong></span> <span class='ocrx_word' id='word_1_135' title='bbox 1252 1205 1422 1243; x_wconf 87' lang='lat' dir='ltr'><strong>quorum</strong></span> <span class='ocrx_word' id='word_1_136' title='bbox 1447 1194 1701 1231; x_wconf 84' lang='lat' dir='ltr'><strong>mentionem</strong></span> 
     </span>
     <span class='ocr_line' id='line_1_19' title="bbox 234 1244 916 1296; baseline -0.001 -10"><span class='ocrx_word' id='word_1_137' title='bbox 234 1248 336 1286; x_wconf 84' lang='lat' dir='ltr'><strong>fecit</strong></span> <span class='ocrx_word' id='word_1_138' title='bbox 366 1246 505 1286; x_wconf 81' lang='lat' dir='ltr'><strong>Madu.</strong></span> <span class='ocrx_word' id='word_1_139' title='bbox 539 1246 590 1284; x_wconf 88' lang='lat' dir='ltr'><strong>de</strong></span> <span class='ocrx_word' id='word_1_140' title='bbox 621 1248 715 1285; x_wconf 89' lang='lat' dir='ltr'><strong>Fin.</strong></span> <span class='ocrx_word' id='word_1_141' title='bbox 748 1259 787 1296; x_wconf 84' lang='lat' dir='ltr'><strong>p.</strong></span> <span class='ocrx_word' id='word_1_142' title='bbox 820 1244 916 1286; x_wconf 79' lang='lat'><strong>628.</strong></span> 
     </span>
    </p>

    <p class='ocr_par' dir='ltr' id='par_1_5' title="bbox 234 1301 1704 1920">
     <span class='ocr_line' id='line_1_20' title="bbox 351 1301 1700 1354; baseline 0.001 -14"><span class='ocrx_word' id='word_1_143' title='bbox 351 1303 608 1354; x_wconf 83' lang='lat' dir='ltr'><strong>Diogene]</strong></span> <span class='ocrx_word' id='word_1_144' title='bbox 681 1301 815 1340; x_wconf 90' lang='lat' dir='ltr'><strong>Codd.</strong></span> <span class='ocrx_word' id='word_1_145' title='bbox 863 1314 1004 1340; x_wconf 89' lang='lat' dir='ltr'><strong>omnes</strong></span> <span class='ocrx_word' id='word_1_146' title='bbox 1045 1301 1230 1341; x_wconf 89' lang='lat' dir='ltr'><strong>Dione.</strong></span> <span class='ocrx_word' id='word_1_147' title='bbox 1300 1302 1384 1341; x_wconf 88' lang='lat' dir='ltr'><strong>Sed</strong></span> <span class='ocrx_word' id='word_1_148' title='bbox 1430 1303 1534 1342; x_wconf 91' lang='lat' dir='ltr'><strong>nihil</strong></span> <span class='ocrx_word' id='word_1_149' title='bbox 1583 1305 1700 1342; x_wconf 83' lang='lat' dir='ltr'><strong>nobis</strong></span> 
     </span>
     <span class='ocr_line' id='line_1_21' title="bbox 235 1357 1700 1411; baseline 0.001 -14"><span class='ocrx_word' id='word_1_150' title='bbox 235 1359 430 1398; x_wconf 88' lang='lat' dir='ltr'><strong>traditum</strong></span> <span class='ocrx_word' id='word_1_151' title='bbox 466 1364 531 1397; x_wconf 89' lang='lat' dir='ltr'><strong>est</strong></span> <span class='ocrx_word' id='word_1_152' title='bbox 562 1359 614 1397; x_wconf 90' lang='lat' dir='ltr'><strong>de</strong></span> <span class='ocrx_word' id='word_1_153' title='bbox 646 1359 778 1396; x_wconf 88' lang='lat' dir='ltr'><strong>Dione</strong></span> <span class='ocrx_word' id='word_1_154' title='bbox 810 1357 974 1407; x_wconf 77' lang='lat' dir='ltr'><strong>Stoico,</strong></span> <span class='ocrx_word' id='word_1_155' title='bbox 1005 1371 1086 1395; x_wconf 94' lang='lat' dir='ltr'><strong>non</strong></span> <span class='ocrx_word' id='word_1_156' title='bbox 1117 1358 1239 1397; x_wconf 92' lang='lat' dir='ltr'><strong>modo</strong></span> <span class='ocrx_word' id='word_1_157' title='bbox 1267 1358 1319 1397; x_wconf 88' lang='lat' dir='ltr'><strong>de</strong></span> <span class='ocrx_word' id='word_1_158' title='bbox 1350 1360 1506 1410; x_wconf 86' lang='lat' dir='ltr'><strong>Dione,</strong></span> <span class='ocrx_word' id='word_1_159' title='bbox 1549 1362 1614 1411; x_wconf 84' lang='lat' dir='ltr'><strong>qui</strong></span> <span class='ocrx_word' id='word_1_160' title='bbox 1647 1360 1700 1398; x_wconf 89' lang='lat' dir='ltr'><strong>de</strong></span> 
     </span>
     <span class='ocr_line' id='line_1_22' title="bbox 235 1413 1699 1466; baseline 0.001 -12"><span class='ocrx_word' id='word_1_161' title='bbox 235 1415 542 1466; x_wconf 86' lang='lat' dir='ltr'><strong>magistratibus</strong></span> <span class='ocrx_word' id='word_1_162' title='bbox 572 1415 752 1465; x_wconf 85' lang='lat' dir='ltr'><strong>scripsit.</strong></span> <span class='ocrx_word' id='word_1_163' title='bbox 812 1413 915 1451; x_wconf 86' lang='lat' dir='ltr'><strong>Nam</strong></span> <span class='ocrx_word' id='word_1_164' title='bbox 946 1426 1087 1464; x_wconf 90' lang='lat' dir='ltr'><strong>parum</strong></span> <span class='ocrx_word' id='word_1_165' title='bbox 1118 1418 1233 1451; x_wconf 91' lang='lat' dir='ltr'><strong>recte</strong></span> <span class='ocrx_word' id='word_1_166' title='bbox 1264 1414 1378 1464; x_wconf 89' lang='lat' dir='ltr'><strong>inde,</strong></span> <span class='ocrx_word' id='word_1_167' title='bbox 1411 1416 1517 1465; x_wconf 89' lang='lat' dir='ltr'><strong>quod</strong></span> <span class='ocrx_word' id='word_1_168' title='bbox 1541 1431 1558 1452; x_wconf 84' lang='lat' dir='ltr'><strong>a</strong></span> <span class='ocrx_word' id='word_1_169' title='bbox 1584 1418 1699 1466; x_wconf 88' lang='lat' dir='ltr'><strong>Diog.</strong></span> 
     </span>
     <span class='ocr_line' id='line_1_23' title="bbox 234 1467 1701 1521; baseline -0.001 -11"><span class='ocrx_word' id='word_1_170' title='bbox 234 1472 285 1510; x_wconf 88' lang='lat' dir='ltr'><strong>L.</strong></span> <span class='ocrx_word' id='word_1_171' title='bbox 319 1467 426 1520; x_wconf 88' lang='lat' dir='ltr'><strong>Vll,</strong></span> <span class='ocrx_word' id='word_1_172' title='bbox 473 1468 569 1510; x_wconf 81' lang='lat'><strong>190.</strong></span> <span class='ocrx_word' id='word_1_173' title='bbox 618 1468 709 1510; x_wconf 80' lang='grc'>192.</span> <span class='ocrx_word' id='word_1_174' title='bbox 755 1469 859 1507; x_wconf 92' lang='lat' dir='ltr'><strong>Dion</strong></span> <span class='ocrx_word' id='word_1_175' title='bbox 903 1468 1064 1519; x_wconf 87' lang='lat' dir='ltr'><strong>quidam</strong></span> <span class='ocrx_word' id='word_1_176' title='bbox 1105 1475 1471 1521; x_wconf 85' lang='lat' dir='ltr'><strong>commemoratur,</strong></span> <span class='ocrx_word' id='word_1_177' title='bbox 1516 1473 1578 1509; x_wconf 87' lang='lat' dir='ltr'><strong>cui</strong></span> <span class='ocrx_word' id='word_1_178' title='bbox 1622 1471 1701 1510; x_wconf 92' lang='lat' dir='ltr'><strong>duo</strong></span> 
     </span>
     <span class='ocr_line' id='line_1_24' title="bbox 237 1525 1701 1580; baseline 0 -14"><span class='ocrx_word' id='word_1_179' title='bbox 237 1528 455 1580; x_wconf 68' lang='lat' dir='ltr'><strong>Chrysippi</strong></span> <span class='ocrx_word' id='word_1_180' title='bbox 488 1525 584 1564; x_wconf 85' lang='lat' dir='ltr'><strong>libri</strong></span> <span class='ocrx_word' id='word_1_181' title='bbox 615 1527 803 1578; x_wconf 87' lang='lat' dir='ltr'><strong>inscripti</strong></span> <span class='ocrx_word' id='word_1_182' title='bbox 840 1525 1011 1576; x_wconf 84' lang='lat' dir='ltr'><strong>fuerint,</strong></span> <span class='ocrx_word' id='word_1_183' title='bbox 1044 1528 1286 1577; x_wconf 85' lang='lat' dir='ltr'><strong>scriptorem</strong></span> <span class='ocrx_word' id='word_1_184' title='bbox 1310 1527 1440 1565; x_wconf 81' lang='lat' dir='ltr'><strong>fuisse</strong></span> <span class='ocrx_word' id='word_1_185' title='bbox 1468 1526 1701 1578; x_wconf 80' lang='lat' dir='ltr'><strong>collegeris,</strong></span> 
     </span>
     <span class='ocr_line' id='line_1_25' title="bbox 237 1583 1702 1635; baseline -0.001 -12"><span class='ocrx_word' id='word_1_186' title='bbox 237 1586 322 1623; x_wconf 89' lang='lat' dir='ltr'><strong>Nec</strong></span> <span class='ocrx_word' id='word_1_187' title='bbox 362 1597 460 1622; x_wconf 87' lang='lat' dir='ltr'><strong>uero</strong></span> <span class='ocrx_word' id='word_1_188' title='bbox 500 1583 550 1621; x_wconf 89' lang='lat' dir='ltr'><strong>de</strong></span> <span class='ocrx_word' id='word_1_189' title='bbox 583 1583 715 1621; x_wconf 93' lang='lat' dir='ltr'><strong>Dione</strong></span> <span class='ocrx_word' id='word_1_190' title='bbox 749 1583 951 1620; x_wconf 89' lang='lat' dir='ltr'><strong>Paeanieo</strong></span> <span class='ocrx_word' id='word_1_191' title='bbox 995 1583 1208 1633; x_wconf 88' lang='lat' dir='ltr'><strong>quicquam</strong></span> <span class='ocrx_word' id='word_1_192' title='bbox 1243 1588 1418 1634; x_wconf 86' lang='lat' dir='ltr'><strong>constat,</strong></span> <span class='ocrx_word' id='word_1_193' title='bbox 1459 1585 1524 1635; x_wconf 90' lang='lat' dir='ltr'><strong>qui</strong></span> <span class='ocrx_word' id='word_1_194' title='bbox 1566 1585 1702 1622; x_wconf 84' lang='lat' dir='ltr'><strong>nomi-</strong></span> 
     </span>
     <span class='ocr_line' id='line_1_26' title="bbox 236 1639 1702 1690; baseline 0 -11"><span class='ocrx_word' id='word_1_195' title='bbox 236 1647 355 1679; x_wconf 83' lang='lat' dir='ltr'><strong>natur</strong></span> <span class='ocrx_word' id='word_1_196' title='bbox 406 1642 446 1677; x_wconf 92' lang='lat' dir='ltr'><strong>in</strong></span> <span class='ocrx_word' id='word_1_197' title='bbox 497 1640 811 1678; x_wconf 71' lang='lat' dir='ltr'><strong>Atheniensium</strong></span> <span class='ocrx_word' id='word_1_198' title='bbox 868 1639 1152 1690; x_wconf 86' lang='lat' dir='ltr'><strong>psephismate</strong></span> <span class='ocrx_word' id='word_1_199' title='bbox 1200 1640 1239 1676; x_wconf 90' lang='lat' dir='ltr'><strong>in</strong></span> <span class='ocrx_word' id='word_1_200' title='bbox 1289 1641 1471 1678; x_wconf 90' lang='lat' dir='ltr'><strong>Zenonis</strong></span> <span class='ocrx_word' id='word_1_201' title='bbox 1517 1640 1702 1679; x_wconf 78' lang='lat' dir='ltr'><strong>defuncti</strong></span> 
     </span>
     <span class='ocr_line' id='line_1_27' title="bbox 236 1691 1703 1747; baseline -0.001 -11"><span class='ocrx_word' id='word_1_202' title='bbox 236 1699 436 1736; x_wconf 88' lang='lat' dir='ltr'><strong>honorem</strong></span> <span class='ocrx_word' id='word_1_203' title='bbox 470 1697 625 1747; x_wconf 89' lang='lat' dir='ltr'><strong>scripto</strong></span> <span class='ocrx_word' id='word_1_204' title='bbox 659 1697 796 1746; x_wconf 86' lang='lat' dir='ltr'><strong>(Diog.</strong></span> <span class='ocrx_word' id='word_1_205' title='bbox 830 1696 874 1734; x_wconf 89' lang='lat' dir='ltr'><strong>L.</strong></span> <span class='ocrx_word' id='word_1_206' title='bbox 908 1695 993 1745; x_wconf 77' lang='lat' dir='ltr'><strong>Vll,</strong></span> <span class='ocrx_word' id='word_1_207' title='bbox 1030 1695 1127 1743; x_wconf 72' lang='lat'><strong>12).</strong></span> <span class='ocrx_word' id='word_1_208' title='bbox 1189 1696 1339 1735; x_wconf 86' lang='lat' dir='ltr'><strong>Merito</strong></span> <span class='ocrx_word' id='word_1_209' title='bbox 1370 1698 1496 1747; x_wconf 87' lang='lat' dir='ltr'><strong>igitur</strong></span> <span class='ocrx_word' id='word_1_210' title='bbox 1519 1691 1703 1735; x_wconf 81' lang='lat' dir='ltr'><strong>Turnebi</strong></span> 
     </span>
     <span class='ocr_line' id='line_1_28' title="bbox 237 1751 1702 1804; baseline 0.001 -11"><span class='ocrx_word' id='word_1_211' title='bbox 237 1756 474 1794; x_wconf 87' lang='lat' dir='ltr'><strong>coniectura</strong></span> <span class='ocrx_word' id='word_1_212' title='bbox 515 1753 749 1802; x_wconf 81' lang='lat' dir='ltr'><strong>Diogene</strong></span> <span class='ocrx_word' id='word_1_213' title='bbox 792 1751 957 1790; x_wconf 88' lang='lat' dir='ltr'><strong>uidetur</strong></span> <span class='ocrx_word' id='word_1_214' title='bbox 995 1754 1166 1803; x_wconf 90' lang='lat' dir='ltr'><strong>probata</strong></span> <span class='ocrx_word' id='word_1_215' title='bbox 1208 1765 1303 1790; x_wconf 88' lang='lat' dir='ltr'><strong>esse</strong></span> <span class='ocrx_word' id='word_1_216' title='bbox 1346 1767 1366 1791; x_wconf 90' lang='lat' dir='ltr'><strong>a</strong></span> <span class='ocrx_word' id='word_1_217' title='bbox 1408 1753 1534 1804; x_wconf 71' lang='lat' dir='ltr'><strong>Wytt.</strong></span> <span class='ocrx_word' id='word_1_218' title='bbox 1578 1754 1702 1794; x_wconf 80' lang='lat' dir='ltr'><strong>Goer.</strong></span> 
     </span>
     <span class='ocr_line' id='line_1_29' title="bbox 239 1808 1704 1861; baseline -0.001 -11"><span class='ocrx_word' id='word_1_219' title='bbox 239 1811 336 1850; x_wconf 89' lang='lat' dir='ltr'><strong>Sch.</strong></span> <span class='ocrx_word' id='word_1_220' title='bbox 368 1813 476 1850; x_wconf 84' lang='lat' dir='ltr'><strong>Mos.</strong></span> <span class='ocrx_word' id='word_1_221' title='bbox 500 1810 570 1850; x_wconf 90' lang='lat' dir='ltr'><strong>Or.</strong></span> <span class='ocrx_word' id='word_1_222' title='bbox 593 1809 732 1849; x_wconf 58' lang='lat' dir='ltr'><strong>Balio.</strong></span> <span class='ocrx_word' id='word_1_223' title='bbox 794 1808 870 1846; x_wconf 88' lang='lat' dir='ltr'><strong>Est</strong></span> <span class='ocrx_word' id='word_1_224' title='bbox 899 1813 1031 1846; x_wconf 88' lang='lat' dir='ltr'><strong>autem</strong></span> <span class='ocrx_word' id='word_1_225' title='bbox 1059 1809 1264 1860; x_wconf 79' lang='lat' dir='ltr'><strong>Diogenes</strong></span> <span class='ocrx_word' id='word_1_226' title='bbox 1287 1808 1547 1861; x_wconf 64' lang='lat' dir='ltr'><strong>Babylonius,</strong></span> <span class='ocrx_word' id='word_1_227' title='bbox 1569 1810 1704 1861; x_wconf 79' lang='lat' dir='ltr'><strong>Chry-</strong></span> 
     </span>
     <span class='ocr_line' id='line_1_30' title="bbox 240 1862 1117 1920; baseline -0.001 -15"><span class='ocrx_word' id='word_1_228' title='bbox 240 1869 346 1920; x_wconf 88' lang='lat' dir='ltr'><strong>sippi</strong></span> <span class='ocrx_word' id='word_1_229' title='bbox 378 1866 551 1907; x_wconf 84' lang='lat' dir='ltr'><strong>auditor.</strong></span> <span class='ocrx_word' id='word_1_230' title='bbox 615 1866 698 1906; x_wconf 86' lang='lat' dir='ltr'><strong>Cic.</strong></span> <span class='ocrx_word' id='word_1_231' title='bbox 727 1865 779 1904; x_wconf 90' lang='lat' dir='ltr'><strong>de</strong></span> <span class='ocrx_word' id='word_1_232' title='bbox 812 1866 899 1905; x_wconf 87' lang='lat' dir='ltr'><strong>Diu.</strong></span> <span class='ocrx_word' id='word_1_233' title='bbox 934 1862 967 1915; x_wconf 81' lang='grc' dir='ltr'><strong>Ι,</strong></span> <span class='ocrx_word' id='word_1_234' title='bbox 1000 1863 1040 1904; x_wconf 83' lang='grc'><strong>3.</strong></span> <span class='ocrx_word' id='word_1_235' title='bbox 1076 1864 1117 1906; x_wconf 89' lang='grc'><strong>6.</strong></span> 
     </span>
    </p>

    <p class='ocr_par' dir='ltr' id='par_1_6' title="bbox 240 1921 1704 2145">
     <span class='ocr_line' id='line_1_31' title="bbox 354 1921 1703 1975; baseline 0 -14"><span class='ocrx_word' id='word_1_236' title='bbox 354 1926 456 1969; x_wconf 66' lang='grc' dir='ltr'><strong>ῙῚ.</strong></span> <span class='ocrx_word' id='word_1_237' title='bbox 517 1921 794 1973; x_wconf 85' lang='lat' dir='ltr'><strong>Panaetio]</strong></span> <span class='ocrx_word' id='word_1_238' title='bbox 857 1922 1077 1960; x_wconf 84' lang='lat' dir='ltr'><strong>Panaetius</strong></span> <span class='ocrx_word' id='word_1_239' title='bbox 1104 1921 1309 1973; x_wconf 82' lang='lat' dir='ltr'><strong>Rhodius,</strong></span> <span class='ocrx_word' id='word_1_240' title='bbox 1343 1922 1546 1975; x_wconf 88' lang='lat' dir='ltr'><strong>Antipatri</strong></span> <span class='ocrx_word' id='word_1_241' title='bbox 1575 1923 1703 1962; x_wconf 89' lang='lat' dir='ltr'><strong>Stoici</strong></span> 
     </span>
     <span class='ocr_line' id='line_1_32' title="bbox 240 1978 1703 2032; baseline -0.001 -14"><span class='ocrx_word' id='word_1_242' title='bbox 240 1979 481 2032; x_wconf 76' lang='lat' dir='ltr'><strong>discipquS,</strong></span> <span class='ocrx_word' id='word_1_243' title='bbox 515 1980 722 2031; x_wconf 87' lang='lat' dir='ltr'><strong>Scipionis</strong></span> <span class='ocrx_word' id='word_1_244' title='bbox 746 1979 925 2017; x_wconf 80' lang='lat' dir='ltr'><strong>Africani</strong></span> <span class='ocrx_word' id='word_1_245' title='bbox 951 1980 1119 2016; x_wconf 90' lang='lat' dir='ltr'><strong>minoris</strong></span> <span class='ocrx_word' id='word_1_246' title='bbox 1141 1981 1318 2028; x_wconf 82' lang='lat' dir='ltr'><strong>amicus3</strong></span> <span class='ocrx_word' id='word_1_247' title='bbox 1352 1981 1464 2018; x_wconf 89' lang='lat' dir='ltr'><strong>cuius</strong></span> <span class='ocrx_word' id='word_1_248' title='bbox 1496 1979 1547 2017; x_wconf 93' lang='lat' dir='ltr'><strong>de</strong></span> <span class='ocrx_word' id='word_1_249' title='bbox 1569 1978 1703 2030; x_wconf 88' lang='lat' dir='ltr'><strong>libris,</strong></span> 
     </span>
     <span class='ocr_line' id='line_1_33' title="bbox 240 2034 1704 2089; baseline 0 -15"><span class='ocrx_word' id='word_1_250' title='bbox 240 2050 341 2088; x_wconf 89' lang='lat' dir='ltr'><strong>quos</strong></span> <span class='ocrx_word' id='word_1_251' title='bbox 374 2034 524 2074; x_wconf 90' lang='lat' dir='ltr'><strong>multos</strong></span> <span class='ocrx_word' id='word_1_252' title='bbox 558 2038 751 2088; x_wconf 82' lang='lat' dir='ltr'><strong>scripsit,</strong></span> <span class='ocrx_word' id='word_1_253' title='bbox 788 2049 915 2087; x_wconf 86' lang='lat' dir='ltr'><strong>pauca</strong></span> <span class='ocrx_word' id='word_1_254' title='bbox 958 2035 1155 2085; x_wconf 86' lang='lat' dir='ltr'><strong>quaedam</strong></span> <span class='ocrx_word' id='word_1_255' title='bbox 1198 2036 1429 2086; x_wconf 83' lang='lat' dir='ltr'><strong>fragmenta</strong></span> <span class='ocrx_word' id='word_1_256' title='bbox 1467 2039 1704 2089; x_wconf 89' lang='lat' dir='ltr'><strong>supersunt,</strong></span> 
     </span>
     <span class='ocr_line' id='line_1_34' title="bbox 240 2091 1305 2145; baseline 0.002 -14"><span class='ocrx_word' id='word_1_257' title='bbox 240 2106 344 2145; x_wconf 88' lang='lat' dir='ltr'><strong>quae</strong></span> <span class='ocrx_word' id='word_1_258' title='bbox 374 2091 543 2144; x_wconf 82' lang='lat' dir='ltr'><strong>collegit</strong></span> <span class='ocrx_word' id='word_1_259' title='bbox 573 2105 650 2130; x_wconf 89' lang='lat' dir='ltr'><strong>uan</strong></span> <span class='ocrx_word' id='word_1_260' title='bbox 679 2092 866 2142; x_wconf 71' lang='lat' dir='ltr'><strong>Lynden.</strong></span> <span class='ocrx_word' id='word_1_261' title='bbox 899 2091 1028 2141; x_wconf 90' lang='lat' dir='ltr'><strong>Lugd.</strong></span> <span class='ocrx_word' id='word_1_262' title='bbox 1060 2093 1146 2132; x_wconf 79' lang='lat' dir='ltr'><strong>Bat.</strong></span> <span class='ocrx_word' id='word_1_263' title='bbox 1187 2092 1305 2132; x_wconf 79' lang='grc'>1802.</span> 
     </span>
    </p>

    <p class='ocr_par' dir='ltr' id='par_1_7' title="bbox 241 2147 1703 2367">
     <span class='ocr_line' id='line_1_35' title="bbox 354 2147 1702 2199; baseline 0 -13"><span class='ocrx_word' id='word_1_264' title='bbox 354 2148 593 2198; x_wconf 88' lang='lat' dir='ltr'><strong>ueteres]</strong></span> <span class='ocrx_word' id='word_1_265' title='bbox 654 2147 925 2198; x_wconf 89' lang='lat' dir='ltr'><strong>Perspicuum</strong></span> <span class='ocrx_word' id='word_1_266' title='bbox 960 2152 1023 2183; x_wconf 90' lang='lat' dir='ltr'><strong>est</strong></span> <span class='ocrx_word' id='word_1_267' title='bbox 1063 2152 1225 2185; x_wconf 88' lang='lat' dir='ltr'><strong>ueteres</strong></span> <span class='ocrx_word' id='word_1_268' title='bbox 1268 2149 1430 2186; x_wconf 85' lang='lat' dir='ltr'><strong>Stoicos</strong></span> <span class='ocrx_word' id='word_1_269' title='bbox 1466 2149 1702 2199; x_wconf 85' lang='lat' dir='ltr'><strong>significari,</strong></span> 
     </span>
     <span class='ocr_line' id='line_1_36' title="bbox 241 2200 1701 2254; baseline -0.001 -11"><span class='ocrx_word' id='word_1_270' title='bbox 241 2200 479 2254; x_wconf 85' lang='lat' dir='ltr'><strong>Zenonem,</strong></span> <span class='ocrx_word' id='word_1_271' title='bbox 522 2203 795 2253; x_wconf 87' lang='lat' dir='ltr'><strong>Cleanthem,</strong></span> <span class='ocrx_word' id='word_1_272' title='bbox 837 2202 1135 2253; x_wconf 76' lang='lat' dir='ltr'><strong>Chrysippum,</strong></span> <span class='ocrx_word' id='word_1_273' title='bbox 1179 2217 1267 2242; x_wconf 90' lang='lat' dir='ltr'><strong>cum</strong></span> <span class='ocrx_word' id='word_1_274' title='bbox 1310 2203 1362 2242; x_wconf 91' lang='lat' dir='ltr'><strong>de</strong></span> <span class='ocrx_word' id='word_1_275' title='bbox 1403 2204 1554 2242; x_wconf 88' lang='lat' dir='ltr'><strong>Stoicis</strong></span> <span class='ocrx_word' id='word_1_276' title='bbox 1594 2204 1637 2244; x_wconf 91' lang='lat' dir='ltr'><strong>h.</strong></span> <span class='ocrx_word' id='word_1_277' title='bbox 1668 2203 1701 2243; x_wconf 93' lang='lat' dir='ltr'><strong>l.</strong></span> 
     </span>
     <span class='ocr_line' id='line_1_37' title="bbox 243 2256 1703 2310; baseline -0.001 -11"><span class='ocrx_word' id='word_1_278' title='bbox 243 2260 343 2300; x_wconf 90' lang='lat' dir='ltr'><strong>solis</strong></span> <span class='ocrx_word' id='word_1_279' title='bbox 375 2273 510 2298; x_wconf 89' lang='lat' dir='ltr'><strong>sermo</strong></span> <span class='ocrx_word' id='word_1_280' title='bbox 543 2261 610 2299; x_wconf 87' lang='lat' dir='ltr'><strong>sit.</strong></span> <span class='ocrx_word' id='word_1_281' title='bbox 675 2259 740 2297; x_wconf 87' lang='lat' dir='ltr'><strong>Cf.</strong></span> <span class='ocrx_word' id='word_1_282' title='bbox 774 2272 874 2310; x_wconf 88' lang='lat' dir='ltr'><strong>quae</strong></span> <span class='ocrx_word' id='word_1_283' title='bbox 907 2259 989 2297; x_wconf 80' lang='lat' dir='ltr'><strong>dixi</strong></span> <span class='ocrx_word' id='word_1_284' title='bbox 1021 2256 1054 2297; x_wconf 92' lang='lat' dir='ltr'><strong>I.</strong></span> <span class='ocrx_word' id='word_1_285' title='bbox 1088 2260 1118 2310; x_wconf 58' lang='grc' dir='ltr'>ξ</span> <span class='ocrx_word' id='word_1_286' title='bbox 1148 2259 1213 2300; x_wconf 83' lang='grc'><strong>36.</strong></span> <span class='ocrx_word' id='word_1_287' title='bbox 1275 2260 1458 2298; x_wconf 83' lang='lat' dir='ltr'><strong>Eandem</strong></span> <span class='ocrx_word' id='word_1_288' title='bbox 1502 2260 1555 2298; x_wconf 91' lang='lat' dir='ltr'><strong>de</strong></span> <span class='ocrx_word' id='word_1_289' title='bbox 1584 2264 1703 2298; x_wconf 84' lang='lat' dir='ltr'><strong>uete-</strong></span> 
     </span>
     <span class='ocr_line' id='line_1_38' title="bbox 241 2313 1606 2367; baseline 0 -11"><span class='ocrx_word' id='word_1_290' title='bbox 241 2320 350 2356; x_wconf 73' lang='lat' dir='ltr'><strong>ribus</strong></span> <span class='ocrx_word' id='word_1_291' title='bbox 383 2317 533 2354; x_wconf 88' lang='lat' dir='ltr'><strong>Stoicis</strong></span> <span class='ocrx_word' id='word_1_292' title='bbox 563 2317 812 2354; x_wconf 88' lang='lat' dir='ltr'><strong>sententiam</strong></span> <span class='ocrx_word' id='word_1_293' title='bbox 845 2315 1070 2353; x_wconf 83' lang='lat' dir='ltr'><strong>declarauit</strong></span> <span class='ocrx_word' id='word_1_294' title='bbox 1101 2316 1151 2353; x_wconf 89' lang='lat' dir='ltr'><strong>de</strong></span> <span class='ocrx_word' id='word_1_295' title='bbox 1184 2317 1290 2367; x_wconf 87' lang='lat' dir='ltr'><strong>Rep.</strong></span> <span class='ocrx_word' id='word_1_296' title='bbox 1326 2313 1408 2367; x_wconf 85' lang='lat' dir='ltr'><strong>III,</strong></span> <span class='ocrx_word' id='word_1_297' title='bbox 1441 2315 1483 2356; x_wconf 82' lang='grc'><strong>4.</strong></span> <span class='ocrx_word' id='word_1_298' title='bbox 1515 2317 1606 2356; x_wconf 85' lang='lat' dir='ltr'><strong>init.</strong></span> 
     </span>
    </p>

    <p class='ocr_par' dir='ltr' id='par_1_8' title="bbox 241 2370 1705 2594">
     <span class='ocr_line' id='line_1_39' title="bbox 356 2370 1702 2424; baseline 0 -13"><span class='ocrx_word' id='word_1_299' title='bbox 356 2374 513 2411; x_wconf 90' lang='lat' dir='ltr'><strong>uerbo</strong></span> <span class='ocrx_word' id='word_1_300' title='bbox 546 2377 701 2410; x_wconf 84' lang='lat' dir='ltr'><strong>tenus</strong></span> <span class='ocrx_word' id='word_1_301' title='bbox 733 2374 759 2410; x_wconf 87' lang='lat' dir='ltr'><strong>i.</strong></span> <span class='ocrx_word' id='word_1_302' title='bbox 785 2386 819 2412; x_wconf 87' lang='lat' dir='ltr'><strong>e.</strong></span> <span class='ocrx_word' id='word_1_303' title='bbox 852 2370 958 2420; x_wconf 85' lang='lat' dir='ltr'><strong>ultra</strong></span> <span class='ocrx_word' id='word_1_304' title='bbox 991 2373 1156 2409; x_wconf 81' lang='lat' dir='ltr'><strong>uerbum</strong></span> <span class='ocrx_word' id='word_1_305' title='bbox 1190 2374 1216 2410; x_wconf 88' lang='lat' dir='ltr'><strong>i.</strong></span> <span class='ocrx_word' id='word_1_306' title='bbox 1243 2385 1279 2409; x_wconf 92' lang='lat' dir='ltr'><strong>e.</strong></span> <span class='ocrx_word' id='word_1_307' title='bbox 1314 2372 1702 2424; x_wconf 81' lang='lat' dir='ltr'><strong>contemplationem</strong></span> 
     </span>
     <span class='ocr_line' id='line_1_40' title="bbox 242 2427 1704 2482; baseline -0.002 -13"><span class='ocrx_word' id='word_1_308' title='bbox 242 2444 322 2469; x_wconf 90' lang='lat' dir='ltr'><strong>non</strong></span> <span class='ocrx_word' id='word_1_309' title='bbox 347 2431 554 2482; x_wconf 85' lang='lat' dir='ltr'><strong>progressi</strong></span> <span class='ocrx_word' id='word_1_310' title='bbox 579 2435 674 2467; x_wconf 87' lang='lat' dir='ltr'><strong>sunt</strong></span> <span class='ocrx_word' id='word_1_311' title='bbox 699 2441 775 2467; x_wconf 86' lang='lat' dir='ltr'><strong>nec</strong></span> <span class='ocrx_word' id='word_1_312' title='bbox 802 2428 848 2466; x_wconf 88' lang='lat' dir='ltr'><strong>ad</strong></span> <span class='ocrx_word' id='word_1_313' title='bbox 878 2427 1039 2467; x_wconf 89' lang='lat' dir='ltr'><strong>ciuilem</strong></span> <span class='ocrx_word' id='word_1_314' title='bbox 1068 2442 1182 2466; x_wconf 89' lang='lat' dir='ltr'><strong>usum</strong></span> <span class='ocrx_word' id='word_1_315' title='bbox 1201 2428 1496 2469; x_wconf 85' lang='lat' dir='ltr'><strong>disseruerunt.</strong></span> <span class='ocrx_word' id='word_1_316' title='bbox 1536 2429 1704 2468; x_wconf 85' lang='lat' dir='ltr'><strong>Uerbo</strong></span> 
     </span>
     <span class='ocr_line' id='line_1_41' title="bbox 242 2484 1705 2537; baseline -0.001 -12"><span class='ocrx_word' id='word_1_317' title='bbox 242 2493 398 2525; x_wconf 85' lang='lat' dir='ltr'><strong>tenus</strong></span> <span class='ocrx_word' id='word_1_318' title='bbox 423 2487 700 2524; x_wconf 87' lang='lat' dir='ltr'><strong>disserere</strong></span> <span class='ocrx_word' id='word_1_319' title='bbox 725 2490 789 2523; x_wconf 90' lang='lat' dir='ltr'><strong>est</strong></span> <span class='ocrx_word' id='word_1_320' title='bbox 813 2487 939 2536; x_wconf 88' lang='lat' dir='ltr'><strong>igitur</strong></span> <span class='ocrx_word' id='word_1_321' title='bbox 963 2484 1070 2537; x_wconf 88' lang='lat' dir='ltr'><strong>quod</strong></span> <span class='ocrx_word' id='word_1_322' title='bbox 1103 2499 1178 2523; x_wconf 91' lang='lat' dir='ltr'><strong>nos</strong></span> <span class='ocrx_word' id='word_1_323' title='bbox 1213 2485 1388 2524; x_wconf 87' lang='lat' dir='ltr'><strong>dicimus</strong></span> <span class='ocrx_word' id='word_1_324' title='bbox 1422 2486 1705 2525; x_wconf 86' lang='lat' dir='ltr'><strong>theoretische</strong></span> 
     </span>
     <span class='ocr_line' id='line_1_42' title="bbox 241 2541 864 2594; baseline -0.002 -12"><span class='ocrx_word' id='word_1_325' title='bbox 241 2543 614 2594; x_wconf 86' lang='lat' dir='ltr'><strong>Untersuchungen</strong></span> <span class='ocrx_word' id='word_1_326' title='bbox 648 2541 864 2581; x_wconf 87' lang='lat' dir='ltr'><strong>anstellen.</strong></span> 
     </span>
    </p>

    <p class='ocr_par' dir='ltr' id='par_1_9' title="bbox 239 2597 1704 2820">
     <span class='ocr_line' id='line_1_43' title="bbox 355 2597 1703 2650; baseline -0.001 -13"><span class='ocrx_word' id='word_1_327' title='bbox 355 2600 409 2637; x_wconf 93' lang='lat' dir='ltr'><strong>ab</strong></span> <span class='ocrx_word' id='word_1_328' title='bbox 444 2599 539 2638; x_wconf 90' lang='lat' dir='ltr'><strong>hac</strong></span> <span class='ocrx_word' id='word_1_329' title='bbox 570 2600 731 2650; x_wconf 87' lang='lat' dir='ltr'><strong>igitur</strong></span> <span class='ocrx_word' id='word_1_330' title='bbox 760 2598 809 2636; x_wconf 87' lang='lat' dir='ltr'><strong>fa</strong></span> <span class='ocrx_word' id='word_1_331' title='bbox 823 2599 897 2649; x_wconf 87' lang='lat' dir='ltr'><strong>m.]</strong></span> <span class='ocrx_word' id='word_1_332' title='bbox 958 2599 1107 2637; x_wconf 91' lang='lat' dir='ltr'><strong>Parum</strong></span> <span class='ocrx_word' id='word_1_333' title='bbox 1138 2602 1253 2637; x_wconf 84' lang='lat' dir='ltr'><strong>recte</strong></span> <span class='ocrx_word' id='word_1_334' title='bbox 1284 2598 1412 2637; x_wconf 85' lang='lat' dir='ltr'><strong>Gzius</strong></span> <span class='ocrx_word' id='word_1_335' title='bbox 1441 2603 1484 2637; x_wconf 90' lang='lat' dir='ltr'><strong>et</strong></span> <span class='ocrx_word' id='word_1_336' title='bbox 1512 2597 1703 2636; x_wconf 81' lang='lat' dir='ltr'><strong>Moserus</strong></span> 
     </span>
     <span class='ocr_line' id='line_1_44' title="bbox 242 2653 1704 2708; baseline -0.001 -13"><span class='ocrx_word' id='word_1_337' title='bbox 242 2660 475 2708; x_wconf 88' lang='lat' dir='ltr'><strong>comparato</strong></span> <span class='ocrx_word' id='word_1_338' title='bbox 508 2655 718 2694; x_wconf 90' lang='lat' dir='ltr'><strong>Ciceronis</strong></span> <span class='ocrx_word' id='word_1_339' title='bbox 748 2653 839 2693; x_wconf 90' lang='lat' dir='ltr'><strong>loco</strong></span> <span class='ocrx_word' id='word_1_340' title='bbox 876 2655 928 2693; x_wconf 87' lang='lat' dir='ltr'><strong>de</strong></span> <span class='ocrx_word' id='word_1_341' title='bbox 960 2655 1049 2693; x_wconf 84' lang='lat' dir='ltr'><strong>Nat.</strong></span> <span class='ocrx_word' id='word_1_342' title='bbox 1081 2655 1208 2694; x_wconf 86' lang='lat' dir='ltr'><strong>Deor.</strong></span> <span class='ocrx_word' id='word_1_343' title='bbox 1232 2654 1264 2705; x_wconf 92' lang='lat' dir='ltr'><strong>l,</strong></span> <span class='ocrx_word' id='word_1_344' title='bbox 1296 2655 1334 2695; x_wconf 83' lang='lat'><strong>5.</strong></span> <span class='ocrx_word' id='word_1_345' title='bbox 1364 2655 1426 2695; x_wconf 91' lang='grc'><strong>11.</strong></span> <span class='ocrx_word' id='word_1_346' title='bbox 1459 2655 1565 2693; x_wconf 90' lang='lat' dir='ltr'><strong>haec</strong></span> <span class='ocrx_word' id='word_1_347' title='bbox 1587 2659 1704 2693; x_wconf 85' lang='lat' dir='ltr'><strong>retu-</strong></span> 
     </span>
     <span class='ocr_line' id='line_1_45' title="bbox 239 2711 1704 2763; baseline 0 -13"><span class='ocrx_word' id='word_1_348' title='bbox 239 2712 377 2751; x_wconf 87' lang='lat' dir='ltr'><strong>lerunt</strong></span> <span class='ocrx_word' id='word_1_349' title='bbox 409 2712 458 2749; x_wconf 89' lang='lat' dir='ltr'><strong>ad</strong></span> <span class='ocrx_word' id='word_1_350' title='bbox 489 2711 768 2763; x_wconf 87' lang='lat' dir='ltr'><strong>Academiam,</strong></span> <span class='ocrx_word' id='word_1_351' title='bbox 796 2714 908 2750; x_wconf 87' lang='lat' dir='ltr'><strong>cuius</strong></span> <span class='ocrx_word' id='word_1_352' title='bbox 938 2713 1028 2763; x_wconf 88' lang='lat' dir='ltr'><strong>ipse</strong></span> <span class='ocrx_word' id='word_1_353' title='bbox 1059 2717 1174 2750; x_wconf 84' lang='lat' dir='ltr'><strong>esset</strong></span> <span class='ocrx_word' id='word_1_354' title='bbox 1213 2716 1419 2760; x_wconf 83' lang='lat' dir='ltr'><strong>sectator3</strong></span> <span class='ocrx_word' id='word_1_355' title='bbox 1459 2716 1573 2751; x_wconf 88' lang='lat' dir='ltr'><strong>recte</strong></span> <span class='ocrx_word' id='word_1_356' title='bbox 1613 2725 1704 2750; x_wconf 91' lang='lat' dir='ltr'><strong>cum</strong></span> 
     </span>
     <span class='ocr_line' id='line_1_46' title="bbox 243 2767 1701 2820; baseline 0 -13"><span class='ocrx_word' id='word_1_357' title='bbox 243 2768 333 2807; x_wconf 87' lang='lat' dir='ltr'><strong>aliis</strong></span> <span class='ocrx_word' id='word_1_358' title='bbox 377 2768 524 2807; x_wconf 86' lang='lat' dir='ltr'><strong>Bakius</strong></span> <span class='ocrx_word' id='word_1_359' title='bbox 575 2767 720 2807; x_wconf 86' lang='lat' dir='ltr'><strong>retulit</strong></span> <span class='ocrx_word' id='word_1_360' title='bbox 767 2768 816 2806; x_wconf 85' lang='lat' dir='ltr'><strong>ad</strong></span> <span class='ocrx_word' id='word_1_361' title='bbox 865 2768 1199 2807; x_wconf 84' lang='lat' dir='ltr'><strong>Academicorum</strong></span> <span class='ocrx_word' id='word_1_362' title='bbox 1252 2774 1293 2806; x_wconf 87' lang='lat' dir='ltr'><strong>et</strong></span> <span class='ocrx_word' id='word_1_363' title='bbox 1334 2769 1701 2820; x_wconf 82' lang='lat' dir='ltr'><strong>Peripateticorum</strong></span> 
     </span>
    </p>
   </div>
  </div>
 </body>
</html>
