1781 3192
486 204 646 244 [ABER
679 203 900 243 PRlMUS.
950 203 1051 244 CM».
1085 203 1152 242 lv.
1492 201 1546 240 21

90 321 295 370 stantiuo,
327 317 374 357 ad
417 317 523 369 quod
565 319 692 369 aptari
731 330 955 370 pronomen
996 317 1150 369 possit,
1188 313 1342 353 retulit.
1411 315 1474 354 cf.
1514 311 1549 364 l,

93 376 158 418 16.
181 374 254 417 45.
287 374 339 414 de
370 376 464 414 Fin.
500 375 552 424 V,
588 373 652 415 13.
676 373 743 414 37.
776 375 826 411 in
854 386 1024 424 eoque
1062 370 1166 423 (non
1200 373 1248 410 in
1283 383 1446 422 eaque
1499 369 1550 407 li-

90 438 158 472 cet
189 432 413 484 praecedat
443 432 543 470 uita
587 426 762 484 beata)
802 442 1050 468 summum
1089 430 1268 468 bonum
1307 428 1427 480 poni
1467 438 1551 465 ne-

90 501 240 527 cesse
271 493 350 527 est
389 489 416 527 i.
449 501 487 526 e.
530 489 568 525 in
611 500 686 537 eo,
731 485 838 537 quod
879 487 961 523 uita
999 487 1122 524 animi
1163 486 1425 536 corporisque
1466 483 1550 522 uir-

90 547 246 584 tutibus
290 543 453 597 expleta
489 549 566 582 est.
623 543 671 581 ad
704 543 820 581 Fam.
854 538 911 591 ll,
942 541 983 582 8.
1013 541 1053 582 4.
1088 540 1391 593 complures
1434 539 1549 578 dies

91 600 260 641 nullis
290 602 340 639 in
377 599 505 639 aliis
537 601 642 639 nisi
679 599 737 638 de
768 612 820 638 re
849 598 1056 651 publica
1089 598 1419 637 sermonibus
1443 609 1553 634 uer·

91 661 237 696 satus
270 670 392 707 sum,
426 670 553 708 quae
584 668 678 695 nec
705 659 931 707 possunt
961 656 1118 693 scribi
1152 667 1245 692 nec
1268 651 1556 691 scribenda

90 718 224 754 sunt.
297 714 404 752 Uide
444 713 569 765 Scyfl:
611 712 661 751 ad
704 713 817 751 Lael.
859 710 901 764 4,
948 710 1012 752 14.
1073 710 1213 750 Mada.
1253 709 1305 748 de
1344 710 1437 748 Fiu.
1472 704 1554 759 Ill,

204 827 239 878 ᾗ.
273 826 333 867 12.
395 825 447 864 id
485 827 527 865 si
577 824 810 877 quidem]
862 825 1070 863 Turbatae
1115 824 1208 863 huic
1255 823 1429 861 orationi
1477 820 1554 859 uiri

90 883 200 922 docti
231 896 373 935 parum
403 881 671 934 probabiliter
702 885 993 921 succurrerunt
1031 881 1284 934 pronominis
1326 877 1390 918 uel
1421 882 1557 916 trans-

91 940 316 991 positione,
349 938 475 977 ueluti
510 939 638 977 Turn.
671 939 778 977 Man.
814 938 987 976 Rathius
1019 936 1424 990 (experiundum
1456 933 1556 972 tibi

92 996 140 1034 id
176 999 412 1045 censeo),
445 994 633 1033 Handius
674 996 714 1033 in
748 995 889 1033 diariis
931 995 1094 1033 lenens.
1130 992 1254 1034 1810.
1286 1006 1326 1045 p.
1357 989 1455 1031 574.
1494 990 1556 1038 (si

95 1051 304 1103 quidem
337 1051 417 1101 id,
452 1052 667 1101 Quinte,
698 1049 822 1103 cet.),
853 1049 919 1088 nel
939 1052 1178 1101 omissione,
1209 1048 1336 1087 ueluti
1355 1048 1489 1086 Garat.
1509 1044 1559 1083 ad

92 1107 179 1147 Mil.
208 1121 250 1159 p.
288 1107 396 1157 136„
429 1106 663 1156 Maduigius
694 1108 734 1144 in
767 1106 1003 1145 Emendatt.
1036 1120 1079 1158 p.
1114 1106 1174 1156 3.,
1216 1105 1413 1145 OrelliuS.
1474 1101 1559 1142 Sed

92 1178 180 1205 cum
214 1162 342 1202 additi
373 1164 627 1214 pronominis
659 1176 779 1201 causa
820 1161 931 1201 nulla
973 1167 1189 1214 appareat,
1229 1162 1377 1201 merito
1407 1159 1451 1197 id
1481 1172 1558 1198 nu-

92 1234 166 1274 per
196 1218 339 1258 delere
370 1218 518 1257 Bakius
551 1219 769 1257 dubitauit.
830 1220 916 1258 Nec
953 1224 1091 1257 tamen
1133 1223 1203 1258 aut
1241 1219 1300 1257 eis
1342 1217 1559 1265 assentior,

94 1279 161 1329 qui
201 1281 296 1315 ante
338 1277 610 1315 Goerenzium
654 1276 705 1314 id
745 1282 885 1314 contra
922 1276 1040 1314 latini
1086 1277 1290 1316 sermonis
1321 1278 1506 1312 naturam
1538 1285 1560 1309 a

93 1333 262 1385 reliquis
295 1333 434 1371 uerbis
464 1334 691 1371 seiunctum
723 1333 906 1385 positum
938 1346 1031 1371 esse
1063 1332 1254 1372 dixerunt
1282 1345 1356 1384 pro
1387 1332 1459 1368 ita
1488 1329 1559 1368 fa-

93 1402 282 1440 cerem,
319 1401 398 1428 nec
430 1389 554 1427 Bakio
593 1389 694 1428 haec
734 1391 793 1428 sic
833 1391 1147 1441 interpretanti,
1187 1395 1232 1429 ut
1269 1387 1323 1428 id
1354 1387 1404 1425 ad
1436 1387 1560 1425 uerba

92 1448 254 1498 longius
286 1451 444 1484 remota
475 1459 635 1497 posse
665 1445 716 1484 id
747 1446 946 1498 populo
978 1448 1185 1498 probari
1218 1446 1328 1484 dicat
1351 1445 1561 1496 pertinere

96 1502 370 1554 suppletoque
405 1504 528 1540 uerbo
560 1502 696 1540 hisce:
737 1502 787 1540 id
829 1505 869 1541 si
913 1502 1127 1553 quidem
1168 1503 1274 1541 hanc
1313 1501 1560 1542 sententiam

96 1560 308 1599 subiiciat:
335 1558 384 1596 id
413 1560 457 1596 si
489 1558 691 1609 quidem
721 1560 1067 1610 probaretur,
1095 1558 1265 1611 reliquis
1286 1563 1419 1597 autem
1439 1555 1563 1607 (nul-

94 1616 196 1656 lum
229 1619 376 1654 esset
405 1615 453 1653 in
486 1614 809 1666 experiundo
841 1614 1165 1671 periculum)
1198 1615 1396 1668 apodosin
1429 1614 1562 1652 conti-

95 1674 186 1713 neri
217 1673 440 1710 existimet.
501 1672 582 1709 lsto
613 1671 735 1708 modo
767 1685 844 1710 nec
879 1674 1054 1710 orationi
1100 1672 1329 1711 consulitur
1358 1684 1435 1709 nec
1466 1682 1562 1708 sen-

94 1730 264 1770 tentiae.
325 1727 431 1777 Quid
456 1729 561 1765 enim
577 1724 596 1764 ⁴?
628 1726 839 1766 nullumne
861 1735 977 1779 erat,
995 1730 1031 1767 si
1051 1728 1203 1781 populo
1226 1730 1325 1767 iuris
1348 1728 1563 1779 responsio

93 1786 360 1840 probaretur,
397 1782 647 1836 periculum,
690 1797 743 1822 ne
774 1784 825 1823 ad
858 1798 1068 1824 causarum
1112 1787 1313 1824 actionem
1357 1786 1454 1823 iuris
1495 1796 1563 1821 re-

97 1843 266 1895 sponsio
311 1840 624 1891 adiungeretur.
686 1840 900 1879 Sententia
942 1856 1039 1880 uero
1079 1842 1180 1881 haec
1224 1847 1309 1881 est:
1355 1841 1565 1893 experirer

96 1898 304 1951 equidem,
347 1899 378 1935 si
431 1897 474 1934 id
514 1897 646 1947 ipsum
687 1910 768 1934 non
800 1900 900 1936 mihi
931 1897 1157 1950 periculum
1190 1899 1380 1949 afferret,
1422 1910 1476 1936 ne
1507 1896 1555 1934 ad

95 1967 304 1995 causarum
351 1954 552 1991 actionem
599 1955 814 2004 responsio
857 1955 954 1993 iuris
1001 1955 1308 2006 adiungeretur.
1379 1955 1469 1992 IIoc
1515 1964 1563 1990 ex

95 2012 194 2051 satis
224 2010 432 2061 frequenti
468 2010 742 2048 Romanorum
782 2024 895 2050 more
936 2013 993 2050 ita
1025 2013 1234 2061 enuntiat,
1275 2016 1319 2050 ut
1357 2010 1564 2049 sententia

96 2068 306 2120 primaria,
339 2068 489 2118 quippe
521 2078 625 2116 quae
657 2078 705 2103 ex
736 2068 812 2117 eis,
844 2081 948 2118 quae
970 2068 1239 2119 praecedunt,
1272 2068 1395 2106 facile
1421 2066 1563 2105 audia-

96 2130 186 2174 tur,
218 2135 439 2175 suppressa
467 2121 744 2161 conditionem
776 2124 977 2175 particula
1009 2124 1218 2175 quidem
1262 2125 1401 2163 addita
1433 2128 1563 2161 acuat.

95 2180 161 2219 Cf.
195 2180 281 2219 Cic.
311 2181 406 2218 Nat.
439 2179 563 2217 Deor.
597 2175 655 2229 II,
688 2178 756 2220 36.
788 2178 856 2221 91.
895 2194 968 2232 pro
1001 2180 1088 2220 Mil.
1132 2181 1197 2222 18.
1238 2180 1305 2222 48.
1364 2181 1443 2218 iarn
1476 2191 1564 2217 cum

96 2242 164 2276 aut
209 2238 402 2276 uniuerse
446 2236 680 2286 experiri
730 2241 798 2275 aut
835 2236 972 2276 addita
1011 2250 1081 2289 re,
1129 2252 1247 2290 quam
1290 2238 1563 2290 experiretur,

96 2295 192 2332 hoc
232 2291 301 2331 uel
335 2291 387 2331 id
427 2290 480 2347 (i.
522 2304 559 2330 e.
591 2293 653 2330 ius
692 2293 968 2345 respondere)
1009 2296 1245 2347 experiri
1286 2293 1563 2347 periculosum

98 2361 193 2388 esse
222 2354 365 2400 posset
396 2348 564 2386 dicere:
595 2349 700 2387 hanc
728 2350 767 2389 h.
798 2349 827 2389 l.
861 2353 1034 2402 primum
1065 2353 1265 2391 rationem
1287 2355 1450 2391 secutus
1483 2354 1565 2387 est.

97 2406 184 2444 Nec
222 2417 464 2455 quemquam
507 2403 725 2444 admodum
777 2407 952 2445 moleste
997 2409 1100 2448 haec
1144 2409 1370 2448 haberent:
1416 2406 1468 2445 id
1520 2405 1562 2443 si

96 2460 289 2501 nullum
338 2464 488 2500 esset
532 2462 826 2513 periculum
864 2466 1100 2517 experiri
1156 2463 1299 2519 (wenn
1351 2465 1427 2502 mit
1474 2461 1565 2500 die-

97 2532 184 2558 sem
217 2518 407 2557 Versuch
454 2517 577 2556 keine
622 2518 781 2557 Gefahr
830 2521 1065 2561 verbunden
1115 2526 1282 2571 waere).
1350 2520 1430 2560 Sed
1475 2532 1563 2558 cum

97 2575 334 2614 conditione
364 2588 441 2626 per
470 2572 654 2612 uoculam
688 2575 895 2626 quidem
939 2578 1157 2619 admodum
1189 2584 1305 2619 aucta
1339 2578 1564 2629 Quintique

98 2632 264 2671 nomine
302 2632 551 2683 interposito
592 2631 813 2671 inchoatae
850 2639 1080 2674 structurae
1119 2639 1316 2675 memoria
1348 2633 1564 2674 admodum

43 2719 53 2728 -,
100 2690 312 2728 obscurata
344 2693 474 2738 esset,
506 2687 557 2726 ad
590 2687 761 2727 alteram
794 2689 948 2730 deinde
977 2692 1231 2732 locutionem
1264 2693 1443 2732 transiit.
1504 2690 1566 2728 Si-

100 2744 254 2784 militer
283 2746 363 2783 iam
397 2745 525 2784 Goer.
558 2745 661 2783 haec
694 2746 990 2800 interpretatus
1021 2754 1086 2788 est
1117 2751 1278 2789 ratione
1315 2755 1450 2789 tamen
1492 2759 1564 2784 eo-

100 2814 187 2840 rum
219 2814 299 2840 non
340 2801 556 2857 explicata.
630 2802 837 2844 Orationis
876 2810 1011 2845 autem
1051 2808 1186 2847 subito
1227 2812 1407 2848 mutatae
1457 2803 1563 2844 haud
