1781 3192
495 185 651 225 LiBER
682 184 902 227 PRIMUS.
950 187 1046 226 CAr.
1073 186 1139 228 lV.
1493 187 1550 227 23

85 303 318 354 propterea,
352 300 446 349 quia
477 303 638 337 seruata
678 296 747 336 illa
785 298 968 338 studium
1004 300 1255 339 indicaretur
1284 303 1548 352 perpetuum,

84 356 192 409 quod
223 367 361 406 neque
392 368 466 407 per
497 367 540 392 se
572 366 706 405 neque
737 360 908 406 propter
939 357 1064 394 uerba
1095 357 1308 407 sequentia
1337 357 1426 394 fieri
1455 368 1550 406 pos-

86 418 162 454 set.
223 414 275 452 At
312 424 410 450 uero
447 409 673 450 studiorum
715 412 776 449 uis
815 424 893 449 non
927 413 1250 451 iutermissorum
1282 425 1363 451 non
1396 414 1453 451 ita
1483 412 1550 450 his

85 471 222 509 uerbis
261 470 517 519 continetur,
570 472 613 506 ut
654 480 702 505 ea
748 480 951 517 nunquam
1001 483 1022 506 a
1062 482 1107 507 se
1149 470 1384 508 intermissa
1419 469 1550 507 fuisse

86 528 287 566 distincte
319 526 526 565 affirmare
550 537 630 563 non
656 526 854 575 potuerit,
882 527 1127 576 praesertim
1150 539 1239 564 eum
1266 527 1389 564 uerba
1418 527 1549 564 inter-

85 586 191 622 iecta
222 583 472 633 cumipse
508 583 659 621 etiam
694 579 751 618 ad
776 580 1084 619 Scaeuolam
1117 584 1438 620 uentitarem
1472 594 1548 620 nos

84 640 259 678 maxime
291 637 344 676 de
376 638 521 677 studiis
552 639 600 676 ab
632 635 897 675 adolescente
929 637 1051 676 cultis
1082 643 1230 688 cogant
1251 636 1462 687 cogitare?
1495 640 1545 688 Q.

84 692 307 735 Scaeuolae
331 699 481 745 autem,
517 700 560 733 ut
578 696 639 732 ius
663 692 782 732 ciuile
806 699 1092 744 cognosceret,
1119 696 1361 733 Ciceronem
1382 707 1546 746 operam

86 751 253 790 dedisse
284 752 373 801 ipse
404 753 621 802 profitetur
653 751 769 789 Brut.
793 748 863 790 89.
886 750 983 793 306.
1018 756 1060 789 et
1090 750 1190 789 Lael
1224 750 1263 801 1,
1290 751 1326 791 1.

197 820 304 846 cum
338 809 450 859 ipse
482 806 661 857 etiam]
696 806 825 845 Causa
857 808 920 845 his
950 808 1086 846 uerbis
1115 807 1342 859 indicatur,
1375 820 1446 846 cur
1475 808 1547 847 Ci-

83 877 277 903 ceronem
316 878 337 902 a
376 865 508 916 primo
548 864 694 902 aetatis
738 868 925 915 tempore
969 865 1045 902 iuri
1085 864 1254 903 studere
1294 866 1545 914 meminerit,

81 934 158 960 nec
176 923 386 972 quicquam
405 921 642 959 offensionis
661 918 762 958 illud
780 920 919 970 habet,
943 921 1049 972 quod
1068 921 1229 960 Atticus
1256 920 1308 960 de
1332 921 1545 960 Ciceronis

83 978 134 1016 ad
164 975 406 1017 Scaeuolam
448 978 721 1016 uentitatione
764 982 808 1014 ut
846 976 898 1015 de
940 990 985 1015 re
1026 983 1122 1016 nota
1151 978 1357 1029 loquitur3
1398 980 1548 1031 quippe

81 1047 216 1073 sermo
247 1036 357 1072 inter
386 1033 609 1071 familiares
641 1037 720 1081 est,
753 1046 852 1083 quos
874 1033 952 1072 hoc
973 1036 1146 1072 minime
1174 1033 1344 1073 latebat.
1407 1036 1548 1086 ltaque

79 1090 193 1128 Bakii
240 1091 474 1127 coniectura
525 1091 646 1139 quin
692 1090 858 1139 ipsum
907 1093 1069 1128 etiam
1127 1090 1187 1128 ad
1237 1090 1546 1130 Scaeuolam

79 1147 348 1184 uentitare
378 1158 458 1183 non
490 1144 611 1183 modo
642 1157 724 1182 non
753 1147 1002 1195 necessaria,
1035 1146 1109 1185 sed
1140 1147 1264 1185 etiam
1288 1147 1430 1198 inepta
1462 1153 1542 1188 est.

191 1198 250 1240 In
277 1201 495 1252 longum
529 1199 838 1251 sermonem]
872 1202 1017 1240 Sermo
1040 1208 1202 1255 spectat
1228 1202 1277 1241 ad
1294 1215 1543 1255 sermonem,

79 1272 197 1310 quem
236 1257 289 1297 de
327 1260 416 1297 iure
454 1271 564 1297 nuuc
602 1258 815 1296 habiturus
848 1262 936 1308 est,
970 1258 1012 1297 id
1044 1259 1152 1310 quod
1190 1272 1358 1311 moneo,
1401 1262 1492 1312 quia
1524 1275 1546 1299 a

76 1315 202 1354 Bakio
235 1327 469 1354 sermonem
494 1314 644 1353 referri
667 1314 788 1352 uideo
815 1314 865 1352 ad
889 1316 1092 1355 eiusmodi
1111 1316 1310 1368 quandam
1333 1320 1542 1368 quaestio-

77 1385 194 1423 nem,
238 1385 309 1411 cur
345 1372 397 1410 de
434 1373 524 1410 iure
561 1369 676 1409 ciuili
708 1370 851 1409 dicere
883 1371 1002 1411 nolit.
1062 1374 1118 1412 Ac
1149 1373 1203 1411 de
1234 1374 1322 1412 iure
1354 1374 1464 1413 ciuili
1498 1379 1543 1414 ut

78 1430 282 1480 cogitetur
311 1433 462 1480 cogunt
493 1441 555 1479 ea,
588 1440 691 1478 quae
712 1429 939 1479 praemissa
963 1434 1072 1468 sunt.
1135 1429 1220 1468 Sed
1245 1430 1543 1482 progrediente

79 1487 265 1524 oratione
296 1487 400 1524 scite
430 1497 516 1523 rem
548 1496 596 1522 eo
629 1483 833 1535 declinat,
877 1489 921 1522 ut
959 1499 1039 1523 non
1071 1485 1124 1525 de
1163 1488 1254 1524 iure
1293 1485 1427 1537 ciuili,
1469 1487 1544 1526 sed

79 1541 131 1579 de
172 1543 337 1592 optimis
378 1540 539 1591 legibus
580 1541 658 1578 sibi
696 1539 807 1578 dicat
844 1541 1105 1581 scribendum
1137 1555 1246 1582 esse.
1307 1544 1419 1593 Quae
1450 1558 1542 1583 cum

76 1599 135 1635 ita
165 1599 262 1647 sint,
295 1598 620 1650 reprehensione
649 1609 729 1635 non
752 1601 870 1635 uacat
893 1597 1166 1650 Goerenzius,
1198 1601 1265 1650 qui
1289 1601 1354 1638 uix
1377 1613 1541 1639 manum

78 1654 329 1692 continuisse
367 1667 411 1692 se
453 1653 580 1703 dicit,
618 1655 712 1703 quin
754 1666 997 1704 reuocas,
1036 1655 1143 1706 quod
1181 1660 1247 1694 est
1286 1655 1540 1697 deteriorum

77 1709 263 1749 codicum
295 1713 336 1748 et
367 1708 463 1748 olim
493 1711 710 1760 probatum
742 1722 764 1747 a
794 1710 990 1749 Lambino
1020 1716 1099 1762 est,
1131 1717 1360 1752 reuocaret.

187 1761 221 1816 ξ.
273 1764 338 1806 14.
406 1765 739 1817 ambulatum]
796 1766 897 1805 Post
941 1768 1087 1820 Steph.
1138 1768 1249 1808 Man.
1293 1769 1391 1809 Dau.
1437 1770 1539 1810 Ern.

76 1822 325 1874 Wagnerum
373 1836 461 1862 cum
503 1823 628 1861 Bakio
672 1824 837 1861 restitui
882 1823 1225 1875 ambulatum,
1274 1839 1363 1864 cum
1410 1827 1535 1868 Goer.

75 1879 169 1918 Sch.
200 1879 308 1921 Mos.
340 1881 412 1920 Or.
444 1880 708 1931 scripsissent
748 1878 1157 1930 deambulatum3
1196 1881 1320 1933 idque
1357 1883 1440 1922 feci
1472 1882 1539 1922 uel

77 1937 326 1988 optimorum
358 1935 544 1974 codicum
580 1937 827 1975 auctoritate
855 1941 1082 1975 commotus
1107 1936 1172 1975 uel
1194 1937 1285 1977 loco
1305 1939 1537 1990 Ciceronis,

74 1993 141 2043 qui
188 1995 252 2029 est
284 1991 336 2029 de
366 1992 438 2030 Or.
464 1988 520 2042 Il,
554 1992 623 2033 63.
657 1991 764 2042 256,
804 1992 914 2031 unde
953 1993 1290 2034 deambulare
1332 2009 1406 2047 pro
1438 1997 1538 2035 sim-

74 2048 171 2099 plici
203 2047 507 2087 ambulandi
538 2050 663 2087 uerbo
696 2049 907 2087 Ciceronis
939 2054 1074 2088 aetate
1104 2073 1159 2078 -—
1189 2064 1283 2090 nam
1314 2053 1535 2091 Suetonius

72 2106 151 2142 iam
183 2103 398 2155 aliquoties
431 2117 479 2143 eo
511 2106 654 2144 utitur.
714 2106 815 2156 Aug.
845 2104 913 2145 83.
945 2104 998 2147 96
1021 2129 1071 2134 -
1095 2119 1176 2144 non
1200 2109 1290 2146 sine
1309 2108 1538 2148 offensione

76 2160 207 2200 fuisse
238 2159 434 2213 colligere
464 2160 580 2201 licet.

185 2215 334 2256 aliud
365 2231 423 2256 ex
448 2217 553 2257 alio
585 2218 986 2270 quaerentibus]
1019 2219 1220 2272 Spectant
1247 2221 1352 2260 haec
1376 2222 1427 2261 ad
1450 2222 1536 2261 dia-

69 2271 242 2325 logicam
274 2274 419 2312 horum
447 2273 643 2314 librorum
673 2275 865 2325 formam,
896 2288 977 2314 non
998 2288 1062 2326 eo,
1097 2280 1155 2327 ut,
1190 2279 1534 2328 quemadmodum

73 2329 107 2379 ᾗ.
136 2329 207 2370 25.
240 2331 313 2379 ait,
346 2329 460 2369 aliud
490 2344 539 2369 ex
570 2330 649 2369 alio
681 2335 884 2370 nectatur.

185 2384 333 2423 adire
364 2388 409 2424 si
438 2385 636 2437 placet]
666 2387 781 2426 Hanc
797 2387 950 2426 codicis
975 2389 1130 2428 archet.
1149 2391 1406 2442 scripturam,
1431 2404 1533 2442 quae

70 2453 161 2478 cum
191 2453 213 2478 a
242 2440 516 2480 deterioribus
547 2442 773 2493 codicibus,
806 2447 892 2481 tum
919 2457 941 2482 a
971 2444 1090 2484 codd.
1120 2447 1152 2484 C
1181 2444 1209 2486 δ
1242 2447 1320 2488 Gd.
1345 2448 1382 2488 2.
1410 2461 1532 2500 prae-

71 2495 222 2534 sidium
252 2497 391 2548 habet,
423 2499 695 2550 improbatam
717 2513 739 2537 a
758 2499 956 2538 Lambino
981 2506 1023 2540 et
1041 2502 1252 2553 Ernestio,
1286 2504 1352 2555 qui
1383 2504 1532 2543 adire

70 2550 202 2591 deleri
235 2550 450 2605 uolebant,
499 2556 680 2606 itemque
713 2569 735 2593 a
764 2555 950 2608 Dauisio,
990 2559 1058 2610 qui
1097 2559 1201 2599 haec
1231 2561 1430 2600 coniecit:
1479 2566 1531 2600 et

68 2608 192 2647 haec
223 2609 422 2660 quidem
458 2610 602 2650 adite
632 2615 702 2659 (sc.
722 2613 872 2663 spatie)
894 2625 986 2665 per
1015 2615 1177 2668 ripam
1206 2620 1255 2655 et
1286 2619 1529 2668 umbram,

69 2666 217 2704 merito
249 2670 385 2706 autem
418 2667 631 2706 defensam
663 2682 685 2706 a
709 2668 929 2720 wagnero,
961 2671 1209 2724 Goerenzio,
1240 2673 1422 2725 Mosero,
1456 2673 1530 2712 de-

68 2733 148 2759 nuo
180 2720 392 2762 sollicitari
422 2737 503 2763 non
545 2726 728 2775 oportuit
761 2738 782 2762 a
811 2725 962 2776 Bakio,
1004 2730 1071 2779 qui
1101 2742 1175 2781 pro
1207 2729 1357 2769 adire
1388 2732 1529 2769 conie-

69 2777 125 2814 cit
162 2776 222 2815 ad
267 2779 456 2821 Lirem.
523 2780 689 2820 Etenim
734 2785 777 2819 et
815 2781 962 2821 adire
999 2797 1056 2825 sc.
1097 2785 1147 2824 ad
1185 2788 1315 2838 spatia
1351 2786 1443 2837 illa,
1485 2786 1527 2824 id
