1781 3192
236 212 298 250 64
806 209 877 248 DE
909 208 1143 248 LEGIBUS

352 323 541 361 dixisti
574 321 761 372 adhuc]
823 322 905 359 Nec
938 324 1118 360 Atticum
1154 322 1329 370 Quintus
1373 320 1523 373 alloqui
1567 327 1707 375 potest

239 394 328 418 cum
361 381 499 418 Marco
530 376 770 428 colloquens
799 390 876 415 nec
906 379 1041 416 Attico
1073 377 1148 416 soli
1192 390 1263 430 ea,
1307 390 1411 428 quae
1442 380 1605 418 Marcus
1637 381 1708 419 ad·

237 437 316 475 huc
357 435 604 485 disputauit,
655 438 772 472 recte
819 433 1009 472 dicuntur
1056 435 1241 485 exposita
1285 446 1377 473 esse
1425 435 1499 484 (cf.
1545 436 1580 486 ξι.
1612 435 1706 483 32.)

237 505 314 531 nec
354 492 529 541 denique
561 491 734 539 Quintus
776 503 849 540 pro
881 492 1018 528 Attico
1064 496 1228 542 poterat
1264 492 1345 528 isto
1376 491 1498 531 modo
1528 503 1705 543 respon-

238 548 352 586 dere.
413 549 673 598 Quapropter
701 551 743 584 et
769 548 795 584 ii
828 553 1031 595 errarunt,
1061 548 1126 597 qui
1161 551 1206 584 ut
1225 548 1348 586 Goer.
1379 549 1576 586 Schuetz.
1599 549 1706 588 Mos.

237 606 308 643 Or.
351 605 530 643 Attico
572 602 622 641 ad
661 602 847 640 dixisti
888 603 1144 652 retulerunt,
1189 616 1265 641 nec
1302 604 1493 643 audiendi
1535 606 1564 643 ii
1592 611 1704 656 sunt,

238 663 302 713 qui
341 666 383 699 ut
423 660 558 697 Gebh.
599 664 641 697 ct
672 659 767 696 Ern.
807 658 857 696 ad
900 660 1121 698 uidetur
1157 659 1200 697 id
1241 662 1453 711 pertinere
1494 663 1706 700 existima-

237 725 346 758 runt.
408 717 492 755 Nec
524 729 622 754 uero
656 717 753 753 satis
786 717 1057 766 probabiliter
1088 715 1280 755 mendum
1309 719 1542 756 coniectura
1567 724 1705 756 sustu-

235 775 285 814 lit
332 778 401 812 aut
448 773 654 811 Manutius
713 773 935 823 (Attico,
985 778 1038 811 ut
1083 774 1296 824 opinor,
1349 772 1583 829 uidetur)
1637 780 1705 814 aut

240 835 388 872 Lbinus
423 829 646 884 (Attico,
681 831 895 882 opinor,
917 828 1154 883 uidetur)
1179 835 1248 868 aut
1271 830 1457 869 Dauisius
1482 829 1703 885 (Attico,

240 890 420 938 credo,
453 887 698 941 uidetur)
730 894 797 926 aut
827 888 1001 927 Ursinus
1042 887 1169 941 (nisi
1200 888 1321 939 quid
1353 889 1528 927 Attico
1560 889 1705 927 uide-

241 946 362 1001 tur),
402 947 516 985 cuius
554 948 793 994 inuentum,
844 945 950 995 quod
992 946 1032 982 in
1070 944 1173 983 libro
1220 949 1363 983 uetere
1405 959 1450 983 se
1497 947 1705 997 reperisse

239 1007 355 1055 dixit,
391 1005 614 1053 ”agnei-us
656 1003 859 1054 probauit.
919 1002 1119 1051 Equidem
1152 1001 1356 1040 ATTICO
1387 1004 1428 1040 in
1467 1002 1557 1040 cod.
1592 1004 1704 1043 arch.

238 1069 374 1100 natum
416 1073 507 1098 esse
545 1067 642 1110 puto
681 1072 730 1097 ex
769 1058 969 1110 particula
1008 1058 1209 1096 A'l‘HUC.
1280 1058 1345 1096 Cf.
1378 1059 1409 1108 l,
1452 1059 1520 1098 22.
1551 1060 1619 1100 57.
1653 1059 1705 1097 de

236 1122 326 1158 Fin.
366 1118 413 1166 V,
446 1115 489 1155 9.
523 1116 590 1156 27.
623 1115 692 1165 lv,
728 1115 794 1164 16,
827 1112 896 1153 44.
939 1110 1017 1163 ΙΙΙ,
1051 1113 1090 1152 4.
1125 1115 1188 1154 12.
1260 1116 1386 1164 Quam
1430 1117 1703 1153 coniecturam

238 1177 411 1215 Bakiana
445 1171 594 1225 (quae
627 1172 837 1220 dixisti,
871 1172 1007 1208 satis
1047 1171 1285 1219 uidetur,
1328 1172 1452 1210 mihi
1494 1172 1702 1222 quidem

238 1228 412 1283 certe)
445 1230 547 1267 duco
579 1230 781 1280 potiorem
816 1241 902 1265 cum
937 1232 1107 1278 propter
1138 1229 1330 1265 maiorem
1376 1226 1515 1266 mendi
1556 1227 1704 1265 simili-

237 1289 447 1336 tudinem‚
480 1292 565 1324 tum
600 1285 706 1336 quod
738 1286 874 1322 satis
907 1283 1162 1321 incommode
1188 1286 1313 1321 uerbo
1348 1285 1529 1322 uideri
1559 1283 1702 1322 adiun-

237 1353 345 1384 ctum
389 1356 483 1382 esse
525 1342 702 1380 uidetur.
774 1341 827 1378 Et
871 1342 909 1377 in
950 1341 1038 1391 ipso
1082 1339 1267 1391 exemplo
1299 1354 1370 1390 eo,
1412 1341 1519 1391 quod
1552 1340 1702 1379 Bakius

239 1403 289 1441 ad
321 1402 594 1439 coniecturam
629 1411 740 1435 suam
775 1396 1091 1435 confirmandam
1124 1397 1307 1434 laudauit
1340 1397 1410 1443 (de
1442 1399 1530 1435 Fin.
1558 1397 1604 1447 V,
1634 1396 1701 1438 32.

236 1458 302 1500 96,
337 1464 434 1494 tum
467 1456 718 1504 Quintus,
752 1453 876 1490 mihi
919 1452 1150 1502 quidem,
1192 1453 1388 1503 inquit,
1430 1455 1565 1492 satis
1609 1455 1702 1492 hoc

238 1514 598 1554 confirmatum
630 1510 867 1557 uidetur)
901 1510 1037 1546 satis
1070 1522 1150 1547 non
1175 1508 1225 1546 ad
1259 1510 1473 1548 uidetur
1502 1512 1702 1561 pertinet,

236 1572 311 1611 sed
343 1570 389 1608 ud
433 1568 833 1615 confirmatum,
873 1567 1052 1615 itemque
1090 1567 1199 1603 Brut.
1240 1565 1311 1615 40,
1351 1566 1439 1606 117.
1482 1569 1610 1605 satis
1652 1568 1702 1605 ad

237 1627 503 1679 cognitum
538 1624 728 1662 refertur.
790 1624 919 1660 Recte
960 1634 1006 1659 se
1039 1624 1176 1659 satis
1217 1622 1411 1672 haberet,
1453 1625 1485 1660 si
1525 1624 1703 1662 elucet

239 1684 304 1725 uel
334 1681 675 1732 intelligitur
705 1678 770 1718 uel
806 1679 941 1716 simile
971 1678 1067 1729 quid
1100 1679 1333 1716 adiunctum
1367 1685 1493 1717 esset.

352 1752 407 1778 ex
447 1743 634 1777 natura
674 1736 862 1787 ortum]
932 1736 1113 1786 Nugatur
1152 1735 1299 1786 Gzius,
1347 1737 1411 1786 qui
1453 1737 1518 1774 his
1566 1737 1700 1773 uerbis

235 1798 375 1837 mendi
410 1796 643 1847 suspicione
675 1794 836 1831 admota
870 1796 938 1830 aut
970 1791 1246 1829 oriundum
1291 1804 1405 1829 esse
1451 1792 1533 1829 dici
1579 1805 1701 1842 opor-

236 1862 325 1894 tere
367 1853 468 1891 dixit
511 1856 580 1889 aut
617 1863 666 1888 ex
705 1854 848 1887 natura
896 1854 1059 1886 ortum
1105 1861 1224 1885 esse
1264 1849 1414 1885 iuris.
1476 1848 1535 1885 (fif.
1581 1860 1700 1898 quem

236 1912 382 1951 Bakius
421 1908 606 1947 laudauit
643 1907 883 1945 Ciceronem
922 1905 974 1942 de
1013 1906 1093 1943 on:
1134 1900 1169 1954 Ι,
1211 1905 1248 1945 5.
1288 1902 1350 1944 14.
1411 1903 1525 1953 had,
1557 1903 1598 1955 8,
1632 1904 1700 1944 27.

237 1984 258 2007 a
290 1973 466 2006 natura
498 1964 623 2002 mihi
655 1963 870 2001 uidetur
901 1969 1013 2000 orta
1045 1961 1291 1999 amicitia.

352 2023 527 2062 uideri
558 2017 785 2072 possit?j
846 2019 1040 2068 ssakium,
1074 2019 1137 2069 qui
1172 2019 1262 2068 quia
1292 2018 1418 2056 Tusc.
1452 2018 1500 2067 V,
1538 2018 1602 2057 12.
1628 2017 1698 2057 35.

235 2079 352 2121 multi
395 2079 560 2117 codices
603 2078 850 2127 praeberent
890 2088 1092 2126 possum
1135 2088 1180 2111 ac
1217 2073 1268 2111 de
1299 2077 1390 2113 Fut.
1427 2073 1466 2113 4.
1500 2077 1587 2111 sine
1621 2073 1700 2112 ulla
1770 2091 1773 2122 j

236 2139 435 2176 uarietate
468 2134 712 2172 indic-atinus
743 2132 971 2181 legeretur,
1013 2136 1196 2182 potest
1236 2130 1555 2180 commendauit,
1595 2130 1700 2181 fugit

237 2193 420 2233 Tullium
452 2190 672 2228 indicatiuo
702 2189 769 2226 uel
796 2188 834 2226 h.
869 2186 897 2224 l.
932 2188 986 2224 uti
1018 2187 1217 2238 potuisse,
1248 2199 1325 2223 non
1352 2186 1559 2225 debuisse.
1622 2188 1702 2225 Per

236 2250 503 2289 indicntiuum
536 2247 814 2294 interrogatur
845 2243 902 2292 id,
943 2244 1046 2294 quod
1090 2247 1156 2280 est
1193 2243 1348 2294 (findet
1387 2242 1452 2280 die
1495 2243 1699 2294 Mfiglich—

236 2308 324 2347 keit
353 2307 392 2343 in
425 2300 716 2342 Wirlzlichkeit
747 2298 929 2353 statt'?)‚
963 2307 1006 2338 ut
1035 2300 1160 2338 'l‘usm
1195 2297 1229 2347 Ι,
1264 2299 1331 2339 27.
1363 2298 1432 2340 67.
1474 2306 1697 2350 potesne

236 2358 449 2402 dicere?
491 2359 783 2397 Coniunctiuus
823 2357 871 2394 ad
914 2369 1174 2408 suppressam
1218 2354 1390 2406 aliquam
1421 2356 1696 2394 conditionem

235 2421 446 2473 pertinet,
485 2415 614 2454 ueluti
658 2416 696 2451 si
738 2416 972 2450 attineat
1012 2414 1338 2451 sententiam
1374 2413 1574 2452 dicere.
1637 2412 1699 2452 Cf.

236 2480 401 2529 praeter
433 2474 556 2512 'rusa
587 2471 637 2520 V,
678 2470 737 2509 12.
772 2470 839 2509 235.
874 2471 994 2507 etiam
1031 2471 1152 2507 'sustu
1186 2468 1254 2518 lv,
1287 2468 1355 2508 21.
1388 2467 1457 2508 48.

348 2525 824 2580 haec—perfecta]
896 2527 1040 2578 Capita
1079 2527 1370 2576 disputationis
1418 2527 1523 2574 eius,
1577 2536 1697 2574 quam
1764 2533 1768 2542 “

234 2591 397 2630 Marcus
429 2584 620 2634 absoluit,
653 2585 807 2621 Atticus
840 2582 880 2619 h.
910 2582 925 2620 l
970 2583 1279 2635 complectitur-3
1319 2587 1361 2619 et
1391 2579 1552 2632 quidem
1592 2579 1694 2617 deo-

235 2660 323 2685 rum
352 2644 586 2683 muneribus
614 2653 687 2677 nos
713 2652 806 2677 esse
828 2641 1048 2677 instructos
1071 2639 1168 2677 inde
1187 2651 1313 2689 acap.
1339 2635 1697 2688 7-10.expl{cat‚

235 2716 354 2741 unam
399 2712 491 2738 esse
530 2700 737 2736 homiuum
780 2698 890 2734 inter
934 2698 1046 2748 ipsos
1089 2708 1226 2747 parem
1264 2705 1603 2744 communemque
1636 2693 1697 2730 ui-

236 2759 357 2798 uendi
391 2758 590 2795 rationem
625 2767 660 2791 e.
690 2752 753 2792 10.
787 2758 829 2790 et
864 2752 950 2801 11.,
982 2753 1157 2802 denique
1189 2763 1331 2789 ornnes
1362 2751 1470 2787 inter
1501 2763 1544 2787 se
1577 2754 1697 2786 natu-

234 2815 307 2854 rali
341 2813 511 2867 quadam
545 2808 834 2850 beneuolentia
865 2811 1144 2859 socictateque
1176 2808 1276 2844 iuris
1308 2807 1506 2845 contineri
1539 2819 1575 2844 c.
1608 2804 1669 2845 12.

1758 2865 1763 2915 ..w
1758 2671 1768 2843 ..Νη-μ’...
1761 2623 1767 2654 ..-
