1791 3192
248 185 397 218 xxxlv
863 189 1150 239 PRAEFATIO.

261 288 421 340 quaudo
454 293 590 326 tamen
623 289 839 330 iudicanda
862 291 1023 333 locutus
1054 300 1119 333 est
1149 293 1200 342 (i,
1233 290 1347 345 52),
1380 307 1469 332 cum
1495 309 1579 334 rem
1605 298 1725 335 istam

254 358 335 395 iam
366 362 661 409 pertractatam
697 371 790 397 esse
822 361 976 400 scirent
1006 376 1170 411 omnes,
1215 367 1283 401 aut
1313 375 1401 400 eum
1434 363 1487 401 de
1515 365 1644 417 Appio
1684 371 1727 404 et

257 424 475 475 Marcello,
508 439 607 476 quos
650 431 745 464 ante
789 441 937 467 annum
974 428 1070 470 ἨΟ.
1101 434 1284 469 mortuos
1316 443 1409 468 esse
1441 433 1551 470 inter
1579 445 1723 472 omnes

254 494 483 543 constabat,
516 497 721 545 tamquam
755 493 807 533 de
838 498 943 535 uiuis
973 496 1134 537 locutus
1158 502 1223 536 est
1247 496 1322 552 (ΙΙ,
1349 497 1454 545 32).
1516 500 1559 537 Si
1582 500 1720 550 igitur,

259 574 361 611 quae
395 574 500 598 anuo
532 561 629 601 710.
668 565 894 614 scriberet,
937 578 1041 604 anno
1073 568 1289 618 superiore
1321 564 1453 617 aliquo
1483 567 1634 617 scripta
1664 568 1725 604 ui-

258 627 345 665 deri
388 627 610 680 uoluisset,
654 633 904 682 prooemium
945 638 1058 671 certe
1100 633 1278 672 debebat
1309 636 1602 685 praemittere,
1643 648 1722 685 quo

258 709 278 732 a
314 709 383 733 sua
426 701 561 734 aetate
598 699 811 749 profectus
853 712 1082 738 sermonem
1116 702 1350 739 traduceret
1381 702 1431 739 ad
1462 702 1505 739 id
1542 708 1720 753 tempus,

255 776 332 814 quo
375 764 537 801 habitus
583 766 818 817 uideretur,
866 768 1207 818 quemadmodum
1246 770 1355 807 idem
1398 771 1436 807 in
1476 769 1568 807 aliis
1603 769 1721 807 libris

248 831 363 871 fecit.
428 835 563 884 Atque
597 835 632 873 si
666 837 753 886 quis
784 837 1038 887 prooemium
1073 837 1313 874 Ciceromm
1356 837 1485 874 fuisse
1517 837 1718 889 praemis-

251 912 387 937 surum
423 900 589 951 dixerit,
622 905 655 940 si
688 916 918 941 sermonem
961 918 996 942 a.
1031 904 1124 944 710.
1157 905 1433 955 conscriptum
1476 916 1551 954 per
1581 904 1719 941 turbas

250 974 343 1019 post
375 968 564 1005 Caesaris
594 970 806 1008 interitum
839 977 948 1010 ortas
976 973 1187 1024 ipsiusque
1216 975 1389 1009 mortem
1425 970 1550 1008 edere
1578 969 1717 1008 licuis-

250 1041 336 1074 set:
367 1036 445 1074 hoc
478 1041 614 1075 tamen
647 1038 835 1089 profecto
869 1041 1062 1090 obstabit,
1096 1038 1203 1090 quod
1232 1040 1321 1090 ipse
1351 1040 1494 1090 primis
1516 1039 1716 1076 sermonis

243 1106 429 1155 partibus
460 1107 668 1156 susceptis
700 1119 771 1144 sua
801 1108 931 1157 ipsius
963 1109 1207 1145 auctotitate
1234 1118 1329 1144 usus
1362 1108 1449 1153 est3
1490 1117 1566 1155 qua
1593 1117 1713 1155 prae-

242 1173 351 1209 senti
386 1173 443 1209 uti
478 1171 682 1224 solemus,
723 1187 803 1212 non
846 1175 1082 1225 praeterita.
1144 1175 1345 1223 Quocirca
1386 1173 1446 1221 si,
1485 1185 1538 1208 ne
1569 1173 1610 1208 in
1643 1184 1713 1209 sua

244 1243 430 1291 tempora
449 1241 660 1279 incurrens
684 1254 924 1292 quemquam
945 1241 1181 1279 offenderet
1211 1238 1285 1293 (ad
1309 1240 1445 1288 Quint.
1476 1239 1528 1276 fr.
1554 1239 1621 1289 ΙΙΙ,
1637 1239 1712 1288 5.),

245 1319 348 1344 anno
400 1308 614 1358 superiore
673 1321 903 1347 sermonem
949 1309 1133 1346 habitum
1180 1320 1201 1344 a
1247 1308 1332 1344 suis
1380 1306 1537 1344 ciuibus
1585 1304 1712 1343 uellet

251 1377 502 1431 existimari,
540 1387 593 1413 ne
636 1389 707 1414 sua
740 1376 900 1427 quidem
935 1377 1179 1414 auctoritate
1211 1376 1267 1413 uti
1300 1374 1482 1423 aliosque
1514 1373 1709 1423 quosdam

243 1446 356 1483 uiros
378 1440 629 1496 praeclaros,
664 1447 707 1481 ut
727 1443 777 1481 de
809 1455 852 1481 re
875 1441 1050 1494 publiea,
1085 1444 1143 1480 sic
1172 1442 1224 1480 de
1255 1441 1414 1493 legibus
1448 1438 1708 1492 disputantes

238 1513 378 1550 facere
420 1510 575 1550 debuit.
638 1512 777 1561 Atque'
811 1512 868 1549 sic
907 1508 1069 1548 facilius
1111 1523 1210 1549 sane
1252 1511 1432 1560 effugere
1473 1509 1608 1559 potuit
1647 1508 1705 1558 id,

239 1579 346 1630 quod
390 1580 503 1617 Brut.
552 1577 621 1629 50,
661 1577 758 1618 218.
808 1580 848 1617 in
889 1579 1067 1618 Curione
1105 1577 1387 1630 reprehendit,
1418 1580 1463 1614 ut
1490 1588 1561 1625 ea,
1605 1588 1706 1626 quae

237 1652 385 1698 postea
417 1646 524 1684 facta
557 1651 723 1696 essent,
754 1648 1031 1695 immisceret,
1069 1650 1190 1697 atque
1225 1657 1298 1694 ea,
1341 1656 1443 1696 quae
1479 1648 1705 1693 enarraret,

236 1714 397 1752 facilius
430 1715 485 1752 ita
518 1726 729 1764 enarrare,
761 1719 804 1752 ut
836 1727 992 1764 eorum,
1017 1715 1082 1764 qui
1116 1712 1396 1764 loquerentur,
1429 1714 1564 1747 aetate
1590 1709 1701 1749 dieta

241 1794 332 1819 esse
368 1781 624 1821 uiderentur.
686 1781 804 1831 Quod
836 1787 976 1819 contra
1016 1781 1147 1832 ipsum
1188 1780 1341 1831 primas
1374 1781 1564 1829 agentem
1596 1779 1705 1816 Ilor-

236 1861 383 1887 manno
415 1863 454 1901 p.
494 1848 554 1889 15.
589 1851 793 1887 assentior
823 1848 1065 1887 Ciceronem
1097 1847 1141 1885 id
1170 1860 1248 1884 non
1282 1847 1465 1898 potuisse
1490 1848 1701 1897 consequi,

234 1921 277 1954 ut
312 1929 477 1968 semper
508 1928 666 1954 memor
697 1920 830 1955 status
862 1928 997 1954 rerum
1031 1915 1247 1967 praeteriti
1278 1926 1441 1951 omnem
1472 1916 1704 1964 praesentis

239 1981 483 2021 calamitatis
516 1986 755 2024 memoriam
787 1989 1024 2023 remoueret
1053 1982 1243 2032 omnique
1285 1981 1405 2019 animi
1450 1980 1597 2019 affectu
1634 1994 1702 2019 re-

232 2064 377 2103 presso
407 2053 484 2103 eis,
519 2065 620 2103 quae
649 2058 747 2092 tunc
778 2053 974 2101 sentiret,
1007 2052 1156 2101 ubique
1189 2061 1236 2086 ea
1266 2049 1562 2097 substitueret,
1595 2062 1699 2099 quae

235 2134 266 2158 a.
309 2119 407 2159 702.
453 2119 609 2157 eisdem
656 2120 708 2158 de
753 2120 876 2157 rebus
923 2118 991 2156 uel
1033 2116 1153 2155 aliter
1191 2119 1389 2152 senserat.
1450 2116 1535 2153 Nec
1564 2120 1702 2155 tamen

241 2185 322 2223 ulla
355 2186 418 2223 his
451 2187 489 2223 iu
524 2186 639 2224 libris
672 2188 758 2224 eius
790 2186 1011 2237 temporiS,
1044 2198 1121 2235 quo
1152 2184 1304 2222 Petero
1337 2185 1479 2235 scripti
1511 2196 1605 2222 esse
1636 2187 1701 2223 ui-

232 2254 397 2303 dentur,
430 2253 688 2305 deprehendi
715 2254 888 2304 uestigia
921 2265 1041 2303 supra
1073 2250 1277 2290 deelaraui
1298 2264 1336 2303 p.
1365 2251 1529 2301 ΧΧΧΙΙ,
1570 2256 1613 2290 ut
1634 2251 1700 2290 uel

231 2322 326 2359 hinc
359 2334 436 2359 non
470 2322 653 2359 habitum
686 2321 823 2372 modo,
855 2320 929 2359 sed
961 2323 1157 2373 scriptum
1192 2320 1312 2358 etiam
1347 2331 1440 2357 esse
1462 2331 1694 2357 sermonem

232 2389 328 2430 ’ῖΟἱὲ-
362 2389 631 2440 intelligatur.

344 2458 528 2508 Denique
578 2469 675 2495 uero
727 2459 760 2495 si
806 2462 898 2509 post
944 2456 1120 2494 reditum
1166 2469 1213 2493 ex
1257 2454 1469 2506 prouincia
1514 2453 1555 2490 hi
1601 2452 1694 2490 libri

230 2526 374 2576 scripti
424 2528 589 2575 essent,
635 2523 778 2576 procul
823 2524 943 2562 dubio
984 2525 1138 2562 mentio
1180 2535 1320 2561 eorum
1361 2521 1471 2560 facta
1510 2524 1623 2559 esset
1654 2521 1694 2557 in

228 2591 415 2643 epistolis
463 2591 513 2629 ad
557 2587 744 2630 Atticum
787 2591 917 2641 datis,
956 2604 1057 2642 quae
1095 2591 1203 2629 facta
1242 2603 1322 2629 non
1355 2592 1433 2628 est.
1492 2587 1551 2625 Ad
1583 2588 1695 2627 Atti-

229 2673 316 2697 cum
359 2661 464 2697 enim
509 2660 760 2711 singulorum
803 2673 997 2698 annorum
1041 2664 1203 2698 exstant
1240 2658 1442 2711 epistolae
1481 2655 1692 2694 Ciceronis

228 2726 322 2764 inde
355 2728 402 2764 ab
447 2740 494 2764 eo
535 2733 737 2781 tempore,
776 2742 854 2780 quo
894 2730 935 2765 in
972 2729 1226 2780 prouinciam
1258 2726 1452 2765 discessit
1483 2736 1607 2775 usque
1640 2723 1689 2761 ad

225 2808 371 2832 anuum
400 2794 496 2844 710,
528 2796 567 2833 in
601 2797 743 2847 quibus
769 2794 870 2835 nihil
894 2797 1058 2833 omnino
1081 2795 1417 2847 praetermissum
1443 2796 1508 2830 est
1527 2804 1688 2844 eorum⁸
