1781 3192
244 186 334 225 222
690 211 695 216 -
813 186 882 224 DE
914 184 1143 224 LEGIBUS

248 311 548 350 quemquam
599 296 812 335 inferri.
882 297 1063 349 ineptam
1103 295 1262 334 Pearcii
1308 295 1583 335 coniecturam
1626 309 1706 336 ex-

247 358 362 392 tera
391 367 542 392 sacra
573 352 679 407 (dici
706 359 821 391 certe
853 355 1036 404 oportuit
1067 349 1269 404 aliena)
1311 351 1435 390 Goer.
1467 351 1566 391 sch.
1597 353 1707 392 Mos.

247 412 319 449 Or.
352 410 595 460 probarunt,
638 411 754 459 quasi
795 422 892 447 uero
933 422 1047 447 sacra
1083 408 1365 457 inferrentur,
1409 420 1489 445 non
1539 409 1708 447 mortui.

250 465 445 503 inferri
479 478 552 516 pro
594 466 788 503 inferri
838 470 1091 504 mortuum
1134 476 1215 501 non
1258 462 1504 501 insolentius
1543 463 1710 514 dicitur,

249 534 367 571 quam
399 521 592 559 efferri
623 534 696 572 pro
729 526 986 560 mortuum
1019 520 1216 559 efferri
1250 515 1307 558 II.
1344 520 1377 570 ξ.
1410 518 1479 560 66.

361 577 412 616 A.
447 577 765 628 Torquatus]
826 578 1023 616 Nimirum
1057 576 1254 615 iudicauit
1276 576 1354 614 hoc
1377 574 1580 627 pontifex.
1627 573 1712 614 Sed

248 645 337 671 cum
369 646 446 672 nec
475 635 714 685 pontificem
748 646 989 685 quemquam
1025 646 1072 671 ex
1100 633 1320 682 Torquatis
1351 632 1483 669 fuisse
1514 630 1712 669 traditum

250 690 307 728 sit
344 703 422 729 nec
463 690 515 729 de
555 704 602 728 re
646 691 734 742 ipsa
774 692 987 741 quicquam
1028 693 1215 738 constet,
1259 689 1442 738 quisnam
1483 687 1611 725 fuerit
1640 685 1713 725 ille

247 747 300 785 A.
331 747 563 798 Torquatus
590 746 702 784 dictu
736 745 906 784 difficile
939 750 1018 784 est.
1080 746 1318 796 Suspicatur
1352 748 1488 782 tamen
1532 741 1714 781 Orellius

248 803 291 842 in
325 804 538 843 Onomast.
580 804 710 842 fuisse
752 803 952 857 eundem,
995 802 1060 854 qui
1100 813 1248 841 censor
1288 800 1415 839 suerit
1454 813 1491 841 a.
1531 812 1572 841 u.
1613 798 1713 850 507,

249 873 331 899 cos.
366 862 428 899 bis
461 874 499 900 a.
531 860 614 901 510
645 866 688 899 et
718 861 818 901 513.
1012 856 1015 857 ⁷

364 916 653 968 denicales]
726 917 851 956 Extra
897 917 1219 955 controuersiam
1272 918 1337 954 est
1376 915 1480 953 haec
1521 914 1714 952 Rancon-

249 975 335 1012 neti
369 975 623 1023 coniectura,
654 987 758 1024 quae
782 975 932 1012 nititur
954 973 1105 1012 mendo
1130 972 1250 1011 codd.
1275 970 1507 1010 meliorum.
1568 970 1716 1008 Fuisse

250 1034 386 1068 autem
414 1029 692 1068 denicales
720 1031 846 1068 ferias
879 1042 973 1079 eas,
1007 1030 1150 1080 quibus
1191 1029 1368 1066 hominis
1408 1027 1557 1065 mortui
1597 1038 1718 1064 causa

254 1085 409 1117 familia
438 1091 699 1136 purgaretur,
732 1087 848 1126 Fest.
880 1085 1052 1124 tradidit
1082 1098 1117 1124 s.
1150 1098 1190 1124 u.
1222 1082 1512 1123 denicales.
1574 1083 1716 1121 Prina-

252 1139 314 1173 tas
347 1149 415 1174 eas
450 1136 583 1174 fuisse
614 1136 725 1174 idem
757 1144 871 1175 Fest.
899 1147 1041 1180 unctor
1063 1146 1127 1180 est
1151 1154 1184 1179 s.
1207 1155 1247 1179 u.
1270 1141 1520 1191 priuatae
1543 1138 1716 1176 feriae

252 1191 532 1244 (priuatae
563 1192 737 1230 feriae
771 1199 1026 1232 uocantur
1059 1207 1326 1232 sacrorum
1357 1195 1716 1245 propriorum,

252 1246 404 1286 uelut
451 1248 564 1287 dies
618 1249 833 1288 natales
890 1254 938 1287 et
991 1251 1343 1302 operationes
1392 1246 1716 1301 denicales).

251 1306 363 1353 Quae
405 1308 520 1343 tanta
560 1304 759 1355 religione
800 1307 848 1343 ab
884 1307 1075 1344 uniuersa
1105 1306 1262 1343 familia
1294 1305 1560 1356 colebantur,
1604 1310 1649 1343 ut
1679 1305 1718 1342 ei

250 1362 316 1411 qui
358 1360 622 1400 iureiurando
665 1361 835 1400 militari
871 1361 1038 1400 adactus
1063 1366 1176 1400 certo
1203 1362 1270 1399 die
1294 1363 1335 1399 in
1360 1363 1544 1400 exercitu
1569 1362 1717 1400 adesse

252 1417 442 1467 deberet,
474 1418 719 1469 permissum
755 1422 893 1468 esset,
926 1423 970 1456 ut
1001 1417 1205 1470 postridie
1245 1431 1362 1469 quam
1396 1430 1471 1469 per
1502 1431 1590 1456 eam
1621 1430 1718 1456 cau-

249 1485 335 1511 sam
365 1470 527 1522 liceret,
561 1473 611 1511 ad
645 1474 870 1511 exercitum
907 1475 1084 1512 ueniret.
1147 1472 1259 1514 Gell.
1301 1474 1353 1512 N.
1383 1475 1429 1512 A.
1465 1474 1573 1524 xvi,
1604 1472 1645 1514 4.
1677 1471 1719 1512 4.

364 1531 485 1579 quia
515 1529 838 1568 residentur
869 1530 1110 1581 mortuis]
1173 1530 1215 1567 ln
1240 1529 1333 1569 cod.
1359 1529 1471 1568 arch.
1494 1530 1590 1580 suit,
1610 1528 1720 1580 quod

254 1588 320 1622 est
351 1587 391 1622 in
422 1586 544 1624 codd.
577 1584 816 1624 melioribus
848 1588 970 1637 quia
1003 1586 1315 1625 residentur
1346 1587 1568 1637 mortui,
1611 1585 1719 1625 unde

248 1641 333 1679 leui
364 1644 594 1681 mutatione
626 1648 759 1680 ortum
793 1647 857 1681 est
885 1644 925 1680 in
960 1643 1066 1681 dett.
1109 1656 1202 1693 qua
1241 1642 1552 1680 residentur
1590 1655 1719 1680 mor-

251 1698 345 1736 tui.
415 1698 499 1737 Sed
539 1698 734 1748 quicquid
776 1698 902 1736 Gzius
944 1699 1160 1737 contendit
1185 1701 1254 1748 ἦ),
1295 1712 1376 1736 11011
1419 1699 1571 1736 mortui
1611 1698 1718 1735 resi-

249 1753 417 1805 dentur,
450 1754 525 1793 sed
555 1754 684 1792 feriae
715 1754 951 1792 residentur
981 1756 1008 1794 i.
1032 1768 1069 1792 e.
1103 1759 1317 1793 cessantur
1339 1755 1539 1802 mortuis3
1571 1754 1719 1793 ferias·-
1780 1755 1781 1760 ’

250 1823 328 1861 que
366 1812 409 1849 h.
441 1810 471 1849 l.
510 1810 591 1849 dici
633 1812 806 1848 mortuis
846 1811 1021 1848 resideri
1063 1810 1131 1848 uel
1172 1824 1219 1848 eo
1260 1811 1570 1862 comprobatur,
1611 1808 1720 1860 quod

249 1867 404 1905 deinde
451 1868 575 1905 etiam
627 1865 798 1904 deorum
848 1866 1090 1905 caelestium
1138 1868 1312 1917 quieti
1358 1867 1448 1904 dies
1505 1871 1719 1904 uocantur.

249 1923 360 1961 Uere
393 1924 518 1974 igitur
549 1921 773 1961 Salmasius
803 1922 853 1960 ad
885 1922 1021 1962 Plaut.
1055 1922 1178 1974 Epid.
1210 1919 1293 1973 III,
1324 1921 1365 1963 4.
1398 1923 1575 1960 coniecit
1606 1921 1721 1972 quia

248 1979 562 2018 residentur
592 1980 842 2030 mortuis,
875 1979 984 2030 quod
1015 1980 1111 2018 Sch.
1135 1979 1244 2018 Mos.
1271 1980 1342 2018 Or.
1367 1979 1515 2017 Bakius
1548 1990 1719 2017 assensu

251 2038 545 2086 approbarunt.
608 2036 709 2074 Sine
751 2036 857 2073 iusta
896 2049 1017 2074 causa
1065 2035 1230 2086 longius
1275 2048 1519 2087 progressus
1564 2035 1719 2074 Lbinus
1780 2040 1781 2046 ¹

249 2094 428 2130 conIecit
459 2093 580 2143 quia
612 2091 899 2129 residetur
929 2093 1160 2129 mortuis
1183 2089 1272 2144 ff).
1333 2092 1399 2130 Cf.
1431 2091 1570 2130 Plaut.
1598 2091 1717 2142 capt.
1779 2106 1781 2110 ¹

248 2144 331 2198 Ill,
372 2150 408 2187 1.
441 2148 479 2187 8.
516 2149 589 2184 ita
624 2152 812 2184 uenter
842 2152 1135 2197 gutturque
1167 2147 1417 2185 resident
1455 2145 1718 2185 esuriales
1778 2139 1781 2199 J

246 2204 434 2241 ferias.
496 2204 666 2242 Dauisio
713 2207 879 2240 auctore
918 2204 1043 2241 Erm:
1087 2215 1182 2253 qua
1222 2203 1468 2241 resident
1508 2203 1718 2251 mortui,

248 2260 357 2310 quod
396 2261 530 2311 ipsum
573 2260 650 2297 iam
693 2263 758 2296 est
799 2260 840 2296 in
884 2259 986 2298 edit.
1020 2258 1135 2297 Med.
1174 2257 1297 2299 1499.
1331 2264 1373 2298 et
1401 2260 1440 2297 in
1475 2258 1576 2297 edit.
1607 2257 1720 2297 Uict.
1778 2251 1781 2272 ¹

247 2317 479 2356 Manutius:
513 2317 628 2367 quia
660 2314 914 2354 residunt
946 2316 1153 2353 mortui.

366 2373 465 2410 Eas
497 2372 602 2422 cet.]
664 2371 832 2409 Scilicet
875 2371 1086 2410 denicales
1125 2372 1252 2410 serias
1294 2373 1333 2408 in
1376 2384 1446 2409 eos
1489 2369 1579 2408 dies
1619 2383 1720 2408 con·
1777 2390 1779 2420 g

247 2429 349 2467 ferri
381 2433 548 2480 oportet
580 2427 697 2481 (nam
732 2428 838 2478 quod
872 2429 1009 2466 facere
1042 2429 1102 2466 ius
1136 2433 1215 2478 est,
1248 2427 1306 2477 id,
1347 2429 1412 2477 qui
1442 2427 1719 2478 improbitatis
1777 2472 1778 2477 ¹

247 2486 405 2524 crimen
440 2485 623 2536 effugere
655 2482 793 2534 uolet,
834 2484 973 2522 facere
1005 2488 1183 2536 oportet.
1216 2484 1270 2522 cf.
1305 2484 1352 2522 ll.
1385 2484 1418 2534 ᾧ.
1452 2482 1519 2524 58.
1553 2482 1605 2520 de
1638 2481 1718 2521 Off.
1777 2506 1778 2518 2

200 2589 212 2605 ς
248 2537 309 2592 ll,
347 2541 410 2581 11.
445 2539 569 2596 37.),
611 2542 753 2592 quibus
797 2553 875 2579 nec
912 2543 1098 2593 priuatae
1136 2541 1216 2579 iam
1259 2539 1442 2591 agendae
1476 2541 1560 2577 sint
1591 2537 1720 2576 feriae

339 2690 370 2731 ⁸)
398 2689 474 2732 ipse
500 2690 596 2722 male
625 2688 676 2722 sic
702 2689 975 2732 interpretatur:
1003 2687 1161 2728 „mortui
1187 2688 1298 2731 quieti
1324 2687 1495 2720 dantur«.

318 2736 365 2775 ”“)
397 2736 496 2767 Ideni
525 2735 633 2778 genio
662 2735 853 2778 indulgens
879 2735 931 2769 sic
959 2735 1157 2777 aliquando
1186 2733 1290 2766 lusit:
1327 2733 1438 2775 quia
1475 2731 1582 2765 neci
1614 2731 1718 2765 dun·
1743 2739 1758 2765 -“

248 2785 321 2813 tur
347 2787 504 2814 mortu
521 2782 542 2816 i.
