1781 3192
450 214 609 252 mmm
642 213 860 251 Pulsum.
908 213 1010 252 CAV.
1045 212 1145 251 Xill.
1479 210 1538 245 (555

182 325 371 363 secund
389 340 410 362 o
445 330 617 362 autem
652 323 785 373 loco}
851 325 934 361 Etsi
965 329 1078 361 recte
1109 323 1261 361 dicitur
1291 322 1534 370 secundo.

68 383 254 429 tertio,
283 386 468 430 quarto
499 379 614 432 (nam
649 392 699 417 ne
731 380 782 416 (le
815 381 1010 418 secund
1026 394 1047 415 0
1080 379 1243 430 quidem
1273 382 1387 416 recte
1416 378 1535 415 ‹lubi-

69 442 209 478 tarunt
241 438 448 486 licisigius
483 439 520 474 in
555 436 685 475 schol.
719 441 932 485 grammat.
967 450 1006 487 p.
1036 436 1128 475 181).
1162 433 1356 478 Doederl.
1381 431 1535 484 Syn-l,

68 510 109 547 p.
145 493 240 534 181.
283 493 337 530 cl'.
382 506 454 543 pro
489 492 625 532 l’lanc.
658 492 738 543 20,
769 490 883 544 5().),
923 498 966 530 ut
1006 505 1084 542 quo
1125 491 1305 541 quidque
1347 490 1437 528 loco
1469 497 1537 528 aut

70 554 142 590 liat
173 554 241 587 aut
272 554 639 598 commemoretur,
681 549 957 598 significetur,
1001 547 1128 585 ueluti
1172 547 1330 584 tertio
1361 545 1537 584 sactus

70 612 151 646 est
180 610 423 657 praetor,
457 619 545 643 cum
580 606 802 643 tertium
833 610 1048 656 praetor
1079 604 1261 641 factus
1293 604 1328 639 is
1360 602 1538 651 dicatur,

68 664 135 714 qui
167 665 262 713 post
298 666 528 712 praeturam
571 663 632 700 bis
674 664 831 711 gestam
874 660 1008 698 denuo
1048 664 1215 711 praetor
1253 662 1413 695 creatus
1447 664 1536 696 cst:

66 718 315 758 temeritatis
347 722 481 755 tamen
519 724 584 756 est
617 730 756 755 uocem
787 716 906 754 loco
949 730 1037 754 cum
1081 715 1227 766 steph.
1275 714 1395 751 Grut.
1435 715 1538 752 Dau.

68 777 168 814 Ern.
201 774 339 823 Wagn.
374 772 583 824 expellere
609 778 852 825 propterea,
895 774 988 823 quia
1032 773 1072 809 in
1112 770 1252 823 paucis
1295 770 1537 820 quibusdam

69 830 192 870 codd.
239 843 333 867 casu
386 830 520 880 aliquo
568 830 795 867 intercidit.
867 828 1077 878 Exemplis
1123 841 1144 864 a
1185 827 1312 864 Goer.
1361 824 1541 864 laudatis

70 890 158 925 Cic.
200 885 304 925 Phil.
337 881 462 935 Vlll,
501 886 562 926 10.
595 886 665 926 31.
697 899 771 938 pro
807 886 928 924 Caec.
962 883 1003 935 9,
1027 883 1080 924 23
1111 883 1258 922 Bakius
1281 882 1361 921 hoc
1383 881 1543 920 addidit

68 944 117 982 ad
146 944 257 981 Fam.
292 942 321 991 Ι,
355 941 394 982 6.
426 943 466 981 2.

181 1000 215 1048 ᾗ.
250 998 318 1038 36.
381 1011 466 1035 res
499 1011 550 1036 se
583 999 655 1036 sic
688 997 868 1048 habet]
930 997 999 1035 Sic
1031 996 1173 1047 scripsi
1207 1008 1295 1033 cum
1326 993 1537 1046 plerisque

71 1070 118 1095 ex
141 1054 351 1094 codicibus
376 1053 634 1102 melioribus;
669 1055 840 1103 Lbinus,
875 1054 1110 1102 Ernestius,
1142 1051 1369 1102 W'agnerus
1393 1064 1540 1088 secuu-

71 1113 166 1151 dum
200 1110 429 1148 deteriores
461 1123 547 1147 res
581 1111 654 1146 sic
686 1122 738 1147 se
773 1110 797 1146 h
816 1111 946 1147 abet.

183 1170 420 1204 ueterum
466 1165 690 1216 quidem]
763 1165 961 1203 Ueterum
1002 1165 1213 1202 notionem
1255 1161 1377 1200 modo
1418 1160 1542 1199 latius

70 1227 231 1277 patere,
266 1221 388 1260 modo
420 1223 724 1272 angustioribus
757 1222 904 1258 finibus
937 1221 1216 1259 circumscribi
1245 1223 1361 1256 recte
1393 1218 1541 1255 Bakius

71 1280 381 1318 animaduertit.
444 1278 569 1316 Modo
611 1279 719 1315 enim
753 1282 916 1315 ueteres
950 1290 1041 1315 esse
1071 1275 1342 1328 philosophos
1372 1275 1543 1312 Socrate

73 1337 349 1387 antiquiores,
387 1333 513 1372 ueluti
554 1335 625 1373 Ac.
674 1330 708 1383 I,
758 1333 823 1373 12.
855 1332 922 1373 AM.
966 1334 1090 1372 Tusc.
1126 1328 1159 1382 Ι,
1207 1331 1271 1371 10.
1304 1330 1390 1380 20„
1422 1330 1544 1368 modo

74 1397 241 1431 ueteres
275 1391 356 1429 dici
389 1389 608 1442 peculiaris
642 1395 778 1428 sectae
810 1390 948 1428 habita
987 1390 1170 1437 ratione,
1214 1393 1259 1425 ut
1293 1392 1459 1426 ueteres
1502 1388 1543 1423 in

74 1447 297 1488 Academia
330 1451 587 1498 opponantur
617 1447 865 1484 Academiae
897 1459 1028 1483 nouae
1061 1449 1102 1482 et
1129 1445 1261 1482 Stoici
1294 1445 1544 1494 antiquiores

74 1504 391 1552 recentioribus,
425 1508 470 1540 ut
502 1502 567 1551 ΙΙΙ,
592 1502 631 1543 6.
662 1501 742 1551 14,
776 1503 914 1551 modo,
948 1507 992 1539 ut
1014 1500 1218 1549 hocloco,
1251 1505 1415 1537 ueteres
1441 1500 1544 1537 Aca-

76 1559 259 1598 demicos
292 1565 334 1596 et
357 1559 670 1610 Peripateticos,
704 1572 802 1609 quos
828 1558 964 1595 Tullio
989 1556 1190 1607 quondam
1219 1556 1385 1593 eosdem
1410 1555 1543 1592 fuisse

75 1628 312 1667 persuasum
349 1615 440 1653 fuit.
495 1615 559 1652 Cf.
594 1615 622 1663 Ι,
655 1614 725 1653 21.
761 1613 829 1654 54.
882 1615 963 1652 Off.
999 1610 1079 1662 ΙΙΙ,
1112 1612 1153 1652 4.
1186 1612 1253 1652 20.
1288 1612 1339 1649 de
1369 1612 1460 1649 Fin.
1495 1611 1545 1660 V,

74 1671 112 1711 8.
156 1672 205 1711 21
250 1676 291 1708 et
332 1670 401 1710 23.
463 1672 539 1719 Qui
581 1672 784 1707 officinam
829 1677 962 1708 autem
1011 1669 1210 1721 quandam
1260 1666 1547 1719 philosophiae,

75 1729 375 1776 instruxerunt,
410 1725 699 1777 intelliguntur
723 1727 869 1764 Stoici.
931 1726 1142 1774 Quodcum
1176 1726 1214 1762 in
1249 1724 1427 1761 officinis
1458 1736 1546 1760 om·-

75 1785 141 1821 nia
183 1783 304 1821 modo
344 1788 386 1820 et
423 1784 583 1820 ratione
624 1788 892 1833 peragantur,
937 1782 1101 1820 officina
1143 1781 1369 1831 sapientiae
1402 1785 1467 1818 est
1498 1793 1546 1817 ea

76 1839 309 1877 disserendi
333 1840 452 1888 ratio,
481 1852 556 1889 qua
581 1840 715 1875 omnia
739 1840 803 1876 uia
828 1852 873 1875 ac
897 1840 1057 1876 ratione
1084 1837 1301 1875 traduntur
1322 1836 1544 1886 (Sy-stem),

78 1910 99 1933 a
131 1909 207 1946 qua
241 1894 415 1932 alienum
451 1899 514 1931 est
544 1893 675 1931 libere
707 1898 749 1931 et
781 1895 871 1932 fuse
903 1894 1134 1945 disputare3
1176 1894 1370 1930 conuenit
1409 1898 1546 1930 autem

80 1949 324 1988 articulatim
358 1954 400 1987 et
431 1949 625 1987 distincte
668 1950 834 2000 dicere,
874 1952 913 1987 in
957 1963 1033 2001 quo
1077 1950 1305 1999 argumenti
1336 1951 1376 1986 in
1409 1953 1548 2000 partes

80 2006 374 2044 distributione
404 2007 567 2056 utimur,
600 2005 778 2056 singulas
809 2011 946 2057 partes
980 2008 1087 2043 inter
1118 2018 1162 2042 se
1195 2005 1419 2043 disiunctas
1450 2016 1548 2055 per-

81 2064 305 2112 sequimur,
337 2061 555 2100 dissimilia
584 2062 867 2112 disiungimus.
927 2063 1028 2099 Nam
1064 2061 1334 2099 distincte
1366 2060 1548 2099 dicere

79 2131 160 2155 non
200 2117 329 2155 solum
372 2118 421 2156 ad
462 2120 658 2155 orationis
702 2124 914 2167 ornatum,
953 2131 1094 2156 uerum
1136 2118 1259 2156 etiam
1300 2116 1350 2154 ad
1391 2116 1549 2154 disiun-

79 2175 254 2212 ctionem
301 2186 437 2212 rerum
478 2173 737 2212 dissimilium
784 2175 982 2225 pertinet.
1051 2173 1116 2211 Cf.
1156 2173 1280 2212 Tusc.
1325 2173 1380 2221 ΙΙ,
1422 2171 1462 2212 3.
1508 2173 1547 2210 7.

76 2229 170 2267 sed
204 2232 320 2280 quia
348 2230 686 2282 profitentur
726 2231 830 2281 ipsi
879 2229 988 2280 illi,
1031 2230 1116 2281 qui
1156 2241 1246 2266 eos
1286 2229 1550 2278 scribunt,

76 2298 130 2323 se
171 2298 341 2337 neque
383 2285 648 2324 distincte
692 2298 859 2337 neque
899 2286 1197 2324 distribute
1233 2298 1409 2336 neque
1442 2284 1548 2323 ele-

76 2346 264 2392 ganter
301 2354 471 2392 neque
515 2347 704 2380 ornate
743 2343 996 2382 scribere.
1056 2342 1142 2380 Nec
1179 2341 1223 2379 id
1262 2342 1421 2391 fugisse
1451 2346 1549 2392 puto

79 2397 358 2448 Maduigium,
398 2399 463 2448 qui
506 2398 771 2436 distincte
813 2412 835 2437 a
873 2399 1074 2437 Cicerone
1116 2398 1352 2436 abiudicans
1395 2409 1445 2435 ex
1476 2410 1549 2448 pe-

79 2452 221 2492 culiari
253 2452 424 2491 duorum
459 2453 645 2492 codicum
679 2454 828 2492 mendo
862 2454 904 2502 (d
921 2460 1177 2493 esecta—
1199 2454 1425 2501 deticta)
1449 2454 1551 2491 effe-

77 2511 135 2547 cit
166 2509 411 2548 dissecta
444 2507 604 2562 (progr.
635 2523 673 2561 p.
697 2508 779 2563 8.).
839 2510 881 2549 ln
917 2524 965 2550 eo
996 2512 1187 2549 nimirum
1220 2509 1410 2559 offendit,
1443 2509 1551 2560 quod

77 2565 344 2604 distincte
390 2578 556 2617 semper
596 2568 636 2603 in
674 2564 837 2605 laudem
883 2566 1113 2617 diceretur,
1161 2567 1241 2605 hoc
1282 2570 1417 2604 autem
1457 2565 1549 2603 loco

79 2623 247 2659 uerbum
281 2623 583 2672 requireretur,
623 2622 729 2673 quod
762 2622 810 2660 ad
842 2624 1207 2675 reprehensionem
1239 2622 1407 2674 putidae
1440 2622 1549 2659 diui-

80 2677 206 2715 sionis
238 2691 282 2716 ac
314 2680 498 2716 minutae
529 2683 572 2716 et
604 2680 792 2716 concisae
832 2681 1027 2718 orationis
1061 2682 1307 2731 pertineret.
1366 2680 1419 2717 At
1449 2690 1548 2715 uero

79 2744 156 2768 nec
196 2736 375 2784 spectari
419 2736 505 2772 eius
536 2736 701 2785 generis
732 2735 1095 2785 reprehensionem
1128 2749 1205 2773 nec
1235 2735 1421 2786 potuisse
1452 2746 1550 2784 spe-

79 2788 205 2838 ctari,
251 2791 283 2826 si
319 2791 485 2841 quidem
532 2794 677 2829 Cicero
720 2792 808 2842 ipse
851 2792 928 2830 hac
965 2795 1004 2830 in
1049 2806 1094 2830 re
1135 2793 1298 2830 Stoicos
1349 2791 1548 2839 sequitur,

1305 2862 1327 2894 5
