1781 3192
459 198 620 238 [ABER
651 196 874 236 PRIMUS.
928 195 1029 235 Car.
1062 193 1166 234 xlx,
1485 191 1539 230 91

171 314 370 354 nullam
402 314 659 352 uirtutem
693 310 722 349 i.
748 322 786 348 c.
821 308 927 347 nihil
961 309 1154 346 uirtutem
1184 308 1346 358 putant,
1378 316 1531 355 genere

57 374 317 410 attractionis
351 381 544 422 perquam
577 373 688 406 noto.
743 366 831 404 Cic.
864 365 977 404 Lael.
1003 365 1045 413 5,
1082 363 1147 404 18.
1181 375 1286 401 eam
1319 361 1526 413 sapien-

55 431 179 467 tiam
211 430 666 478 interpretantur.
728 422 836 460 Uide
868 435 970 473 quae
1003 422 1081 458 dixi
1115 416 1194 459 ΙΙΙ.
1229 419 1264 470 §.
1292 416 1334 458 5.

172 498 279 522 eum
332 483 454 535 ipsi]
533 482 709 520 Restitui
765 479 871 529 quod
922 484 985 516 est
1032 479 1071 514 in
1119 476 1238 515 codd.
1287 472 1526 513 melioribus

58 555 165 579 eum
206 541 313 591 ipsi
358 552 499 577 cern.
541 551 610 588 gr.
673 536 836 586 Reliqui
881 548 925 573 ex*
970 534 1247 572 deterioribus
1294 530 1414 570 codd.
1458 534 1528 568 aut

59 611 166 635 eum
201 599 395 647 ipsum,
429 600 471 633 ut
501 593 703 646 plerique,
737 598 803 630 aut
838 597 880 630 ut
912 593 1020 631 Uict.
1055 595 1097 628 et
1127 591 1240 628 Man.
1275 601 1410 637 eum,
1443 587 1527 625 cui

56 653 304 691 referunt
327 654 572 701 gratiam,
598 652 706 702 ipsi
733 663 866 688 cern.
896 663 961 699 gr.
1015 645 1182 701 (Lamb.
1206 658 1317 684 eum
1342 646 1525 695 ipsum,

55 711 134 747 cui
184 710 431 746 referunt
483 709 732 757 gratiam,
781 709 1012 744 cernunt
1061 700 1242 756 grati).
1313 700 1397 739 Sed
1448 712 1526 738 nec

56 764 352 816 transponendi
386 765 638 815 pronominis
672 777 796 802 causa
831 762 912 800 ulla
946 765 1011 800 est
1040 773 1116 799 nec
1146 763 1259 798 recte
1289 758 1328 797 h.
1350 756 1380 796 l.
1412 756 1524 808 ipse

57 821 108 859 ad
138 834 256 872 pron.
291 822 520 858 demonstr.
554 833 660 858 eum
702 825 900 870 sequente
941 817 1115 856 relatiuo
1157 814 1398 867 applicatur,
1460 808 1524 850 Ita

55 879 242 928 quemuis
276 877 399 915 alium
431 876 591 915 excludi
635 878 949 925 significaretur,
989 879 1034 913 ut
1061 874 1293 926 oppositum
1336 871 1414 909 hoc
1456 881 1524 907 es-

53 938 141 972 set:
180 947 277 972 non
322 934 480 972 alium
522 934 787 971 hominem
828 935 1053 970 cernunt
1093 930 1244 981 grati.
1315 926 1430 981 (Alia
1459 929 1524 964 est

53 992 157 1028 ratio
196 989 275 1028 loci
321 1005 340 1028 a
384 990 508 1028 ssakio
550 990 702 1027 laudati
747 989 797 1027 ad
834 990 951 1026 Fam.
996 988 1066 1037 111,
1103 986 1167 1027 13.
1214 986 1279 1035 1.,
1319 985 1386 1022 ubi
1427 981 1524 1021 illa

54 1059 119 1084 res
154 1052 270 1084 notas
301 1046 492 1099 indicat).
563 1046 682 1094 Quod
723 1044 1025 1084 incommodum
1074 1056 1215 1095 parum
1253 1039 1525 1093 probabiliter

54 1102 205 1140 tollere
237 1109 408 1141 conatus
440 1106 505 1140 est
537 1103 684 1139 Bakius
717 1102 854 1139 uerbis
888 1102 946 1138 sic
986 1098 1307 1151 transponendis
1347 1099 1522 1147 ipsum

52 1172 158 1197 eum
189 1163 410 1197 cernunt
441 1160 595 1207 grati.
653 1154 767 1209 Ipsi
799 1158 840 1195 h.
864 1156 892 1194 l.
927 1160 992 1194 est
1025 1154 1190 1205 ultro,
1224 1167 1313 1193 sna
1337 1156 1524 1203 sponte

48 1218 77 1254 i.
113 1228 150 1255 e.
183 1229 265 1253 non
297 1213 462 1266 impulsi
499 1216 538 1251 ui
574 1212 722 1263 aliena,
754 1226 857 1264 qnae
888 1213 931 1250 h.
964 1211 986 1259 L
1022 1211 1296 1263 intelligenda
1336 1213 1401 1248 est
1439 1209 1521 1246 uti-

48 1271 157 1311 litas.
213 1273 280 1311 ΟΥ.
325 1272 376 1309 de
419 1272 518 1321 Leg.
559 1266 626 1320 Il,
672 1271 738 1310 2().
779 1270 848 1310 50.
890 1270 970 1307 Off.
1013 1265 1047 1318 Ι,
1090 1269 1160 1309 22.
1194 1267 1262 1309 76.
1295 1266 1347 1306 de
1379 1267 1449 1305 Or.
1484 1261 1521 1315 I,

49 1327 118 1369 2-1.
156 1328 246 1369 111.
282 1329 433 1368 Matth.
467 1329 517 1366 ad
547 1328 635 1366 Cic.
668 1328 759 1366 Cat.
794 1327 844 1378 ll,
878 1326 911 1367 1.
945 1326 1073 1377 Seyil'.
1114 1326 1164 1363 ad
1195 1323 1306 1366 Lael‚
1350 1337 1392 1376 p.
1427 1322 1521 1363 113.

51 1386 268 1424 Stnerenb.
299 1398 372 1438 pro
404 1385 527 1422 Arch.
561 1397 602 1435 p.
639 1383 729 1424 157.

163 1444 246 1493 qui
291 1440 463 1491 etiam]
534 1441 635 1480 Dan.
689 1440 866 1478 coniecit
905 1440 1024 1490 quin
1067 1440 1243 1477 etiam.
1310 1437 1366 1475 At
1405 1440 1522 1473 recte

51 1499 292 1548 pronomine
332 1496 449 1535 relat.
490 1497 650 1534 initium
690 1498 736 1535 fit
776 1508 928 1548 prauae
975 1497 1210 1534 sententiae
1257 1492 1520 1532 refutandae.

51 1554 117 1592 Gr.
152 1567 256 1604 quae
288 1549 437 1603 dixi-I,
470 1552 507 1593 3.
541 1552 583 1592 8.

163 1611 326 1653 xlx.
388 1610 419 1659 ᾧ.
453 1610 519 1649 50.
581 1607 714 1658 Quid
744 1609 892 1659 uero]
964 1608 1106 1647 Vero
1148 1610 1188 1646 in
1227 1607 1304 1645 hoc
1344 1605 1520 1644 transitu

51 1665 101 1703 ad
133 1678 280 1703 nouam
314 1678 484 1716 eamque
517 1667 748 1715 grauiorem
780 1670 939 1715 partem
975 1667 1138 1714 generis
1178 1669 1295 1702 recte
1336 1663 1518 1715 ponitur.

49 1724 184 1771 Quare
227 1723 374 1760 merito
414 1734 536 1759 nemo
585 1723 889 1771 obtemperauit
932 1722 1190 1770 Goerenzio,
1245 1722 1312 1771 qui
1352 1718 1459 1770 quod
1498 1733 1519 1756 a

49 1780 182 1816 tribus
215 1777 335 1817 codd.
377 1776 484 1831 (Gd.
508 1778 546 1817 2.
566 1778 631 1818 Br.
652 1775 758 1830 vd.)
799 1780 963 1816 abesset
993 1775 1061 1831 (et
1092 1778 1143 1816 de
1177 1777 1254 1816 Gd.
1278 1777 1317 1816 ⁴2.
1352 1775 1518 1827 quidem

49 1832 224 1887 errauit)
268 1839 311 1871 et
350 1848 371 1872 a
403 1836 613 1872 Ciceronis
653 1834 954 1872 consuetudine
996 1834 1260 1883 abhorreret,
1303 1832 1404 1870 illud
1445 1844 1516 1870 ex-

47 1890 168 1942 pulit.
240 1892 452 1940 Recteque
491 1890 600 1926 idem
641 1891 767 1927 Goer.
812 1892 1068 1940 uituperatus
1116 1904 1137 1928 a
1177 1889 1386 1940 Maduigio
1436 1893 1517 1936 est,

48 1947 158 1997 quod
190 1946 241 1983 de
272 1948 365 1983 Fin.
402 1944 433 1995 l,
474 1944 537 1985 19.
568 1946 636 1986 63.
671 1947 844 1984 eandem
879 1946 1119 1997 particulam
1151 1946 1286 1984 deleri
1310 1946 1517 1984 iussisset.

49 2003 115 2041 Cs.
147 2003 272 2053 Seyff.
306 2003 356 2040 ad
388 2002 501 2042 Lael.
535 2002 603 2052 20,
635 2001 700 2042 69.

160 2073 216 2097 an
249 2058 415 2109 legum
444 2064 493 2096 et
526 2060 573 2096 iu
589 2060 875 2108 diciorum,
905 2059 1051 2109 quibus
1074 2071 1208 2110 poena
1233 2058 1516 2096 constituitur.

49 2115 158 2153 ldem
194 2117 320 2165 igitur
353 2117 391 2153 11.
425 2115 454 2153 l.
498 2118 633 2154 uerbis
674 2116 736 2153 his
774 2116 1034 2153 infamiae
1077 2121 1212 2152 metu
1250 2128 1307 2152 an
1349 2114 1514 2165 legum

45 2177 96 2209 et
126 2171 450 2210 iudiciorum
482 2171 681 2221 declarat,
715 2172 823 2222 quod
854 2172 906 2210 de
938 2173 1031 2211 Fin.
1064 2168 1122 2221 Il,
1157 2171 1225 2210 22.
1261 2170 1330 2211 73.
1372 2169 1513 2209 decla-

44 2231 108 2266 rat
147 2227 230 2266 illis
270 2240 473 2279 poenae
514 2233 603 2267 ant
641 2229 897 2266 infamiae
938 2233 1093 2266 metu.
1163 2228 1356 2274 Ceterum
1390 2233 1515 2279 petu-

43 2284 170 2323 lantia
201 2289 245 2322 nt
276 2285 521 2334 modestiae,
554 2287 853 2337 temperantiae
887 2286 1168 2323 continentiae
1203 2284 1323 2332 (Tac.
1356 2286 1410 2323 H.
1444 2284 1512 2333 Ill,

48 2340 151 2389 11.),
183 2342 239 2378 ita
272 2341 416 2390 pudori
451 2343 589 2394 etiam,
624 2343 896 2380 uerecundiae
929 2342 1233 2393 pudicitiaeque
1265 2344 1513 2380 contrarium

44 2403 108 2435 est
139 2398 246 2442 (Cic.
280 2397 366 2436 Cat.
402 2394 459 2446 Il,
500 2398 561 2438 11.
595 2399 693 2445 25.).

158 2453 482 2491 innocentes
511 2467 636 2505 ergo
671 2455 774 2505 cet.]
835 2456 926 2493 Non
956 2456 1149 2493 infamiae
1181 2458 1293 2492 metu
1324 2454 1513 2492 homines

42 2523 121 2548 non
155 2509 390 2561 petulantes
425 2523 517 2548 esse
551 2515 686 2561 arguit
717 2525 791 2560 eo,
833 2511 940 2561 quod
982 2525 1072 2549 cum
1109 2511 1383 2550 admiratione
1416 2524 1514 2561 qua-

43 2566 135 2604 dam
185 2566 419 2617 quaerendo
471 2568 767 2606 absurditatem
818 2567 1001 2606 declarat
1049 2581 1214 2618 eorum,
1265 2579 1367 2618 quae
1414 2566 1514 2605 inde

43 2629 279 2674 sequantur,
314 2623 421 2674 quod
456 2625 647 2662 infamiae
678 2628 790 2662 metu
831 2637 912 2662 non
952 2623 1190 2678 petulantes
1230 2636 1325 2663 esse
1366 2625 1513 2662 existi-

45 2689 212 2717 memus.
274 2681 454 2730 Quorum
488 2683 664 2731 primum
698 2682 777 2719 hoc
809 2685 900 2732 est,
933 2683 1209 2720 innocentiam
1240 2685 1282 2720 et
1312 2693 1513 2719 uerecun-

46 2731 153 2771 diam
184 2737 211 2774 i.
245 2750 282 2775 e.
316 2740 575 2776 constantem
610 2739 733 2776 animi
763 2737 945 2776 habitum
980 2739 1133 2790 suscipi
1158 2738 1352 2776 infamiae
1377 2741 1514 2784 metu;

48 2788 221 2829 alterum
251 2793 342 2844 hoc,
377 2795 622 2833 erubescere
656 2794 862 2844 homines,
897 2800 940 2833 ut
972 2807 1174 2833 rumor-em
1210 2795 1357 2833 bonum
1399 2791 1518 2831 colli-

1246 2864 1295 2884 -x--k’-
