1781 3192
492 212 649 251 LIBER
682 210 902 248 Funus,
951 210 1048 248 CAP.
1076 208 1122 248 V.
1484 202 1542 241 2ss

80 331 223 382 quibus
256 325 395 380 plures
437 323 634 364 accedunt
676 323 936 371 deterioros3
981 321 1126 373 reliqui
1169 320 1421 359 tributum
1463 329 1544 353 na-

79 392 209 425 tura.
271 386 400 423 Recte
431 381 592 433 quidem
626 380 779 419 (licitur
809 385 996 417 natura
1028 380 1306 425 tributum,
1348 373 1546 425 quemad-

37 451 39 454 ‘
79 443 243 482 modum
277 440 427 478 dicitur
457 438 508 476 de
539 438 626 476 Fin.
656 437 723 485 IV,
751 437 786 475 7.
818 436 879 475 17.
912 442 1098 473 natura
1126 435 1382 472 tributum
1418 441 1546 468 esse.

10 535 12 537 ,
81 497 142 552 ΙΙ,
178 499 243 538 11.
276 496 343 536 33.
378 491 458 544 ΙΙΙ,
489 492 647 535 20.b'6.
685 493 732 543 V,
762 493 794 533 1.
820 493 858 532 2.
892 499 1074 530 natura
1107 491 1305 538 datum,
1335 500 1410 526 nec
1434 487 1548 537 quic-

82 569 196 608 quam
230 559 363 591 tamen
399 551 599 603 impedit,
642 562 718 600 quo
751 550 883 586 minus
915 554 1097 586 naturam
1127 560 1207 585 non
1241 557 1430 593 causam,
1473 542 1546 580 sed

81 612 194 663 quasi
227 614 414 659 agentem
451 606 651 658 quandam
685 607 927 656 cogitemus,
957 604 1084 642 ueluti
1118 605 1205 642 Cic.
1238 602 1317 641 Off.
1349 597 1385 649 l,
1415 598 1456 639 4.
1486 598 1547 638 11.

80 667 270 719 generi
303 666 433 702 0111111
467 669 594 702 esta
627 667 813 700 natura
842 664 1114 701 tributum.
1147 661 1197 698 de
1220 659 1314 697 Fin.
1343 658 1391 706 V,
1419 655 1457 695 9.
1480 653 1549 694 24.

82 724 135 761 de
165 722 264 772 Leg.
302 718 337 770 I,
376 722 438 760 12.
469 718 538 760 33.
607 720 800 757 Ceterum
849 720 916 756 his
955 719 1117 768 eisque,
1165 728 1267 767 quae
1311 717 1550 763 sequuntur,

83 778 371 831 disputationis
405 789 562 815 summa
591 775 809 825 indicatur,
842 788 959 826 quam
988 774 1087 812 inde
1113 787 1136 811 a
1165 785 1254 824 cap.
1283 770 1322 812 7.
1355 769 1549 807 instituit.

84 836 140 874 Et
171 834 334 885 quidem
368 833 464 884 quid
492 833 646 871 homini
679 846 701 870 a
730 836 873 870 natura
900 832 1096 869 tributum
1131 832 1209 878 sit,
1243 841 1332 878 cap.
1367 826 1404 865 7.
1438 830 1480 863 et
1509 822 1550 863 8.

87 891 292 939 ostendit3
336 894 522 940 quantam
557 891 634 927 uim
668 902 802 927 rerum
835 889 1076 939 optimarum
1110 898 1226 924 mens
1257 886 1432 922 humana
1454 894 1554 919 con-

87 951 234 997 tineat,
267 960 357 998 cap.
390 946 440 996 93
473 947 584 984 cuius
617 947 797 983 muneris
829 944 990 983 colendi
1025 945 1109 982 nati
1141 947 1183 981 et
1214 944 1253 980 in
1288 940 1419 978 lucem
1454 937 1554 975 editi

86 1007 212 1043 simus
254 1017 434 1054 quaeque
474 1002 671 1041 naturalis
717 1003 926 1041 hominum
968 1002 1078 1040 inter
1115 1002 1227 1053 ipsos
1269 998 1443 1036 societas
1484 995 1553 1042 sit,

86 1076 122 1100 0.
159 1060 224 1101 10.
265 1060 327 1100 11.
361 1061 422 1099 12.
450 1060 723 1110 persequitur.

199 1128 324 1167 quae
357 1113 639 1164 naturalis]
704 1115 884 1152 Temere
915 1113 1065 1151 Bakius
1099 1116 1253 1162 atque
1284 1108 1461 1147 coniecit
1482 1119 1555 1158 pro

86 1185 226 1225 quae.
292 1171 526 1220 Pronomen
556 1172 748 1208 iteratum
782 1171 958 1208 maxime
990 1170 1183 1207 conuenit
1205 1166 1360 1216 ardori,
1391 1177 1469 1215 quo
1491 1165 1555 1201 in-

88 1232 235 1268 citatus
278 1228 424 1266 Cicero
468 1228 571 1265 haec
612 1226 794 1267 disserit.
865 1225 1022 1264 Deinde
1063 1226 1210 1262 Inscite
1240 1222 1349 1261 idem
1391 1220 1556 1272 expli-

88 1284 265 1324 candis
310 1284 552 1323 desiderare
600 1296 646 1321 se
684 1283 786 1321 dicit
822 1295 895 1334 pro
935 1281 1253 1334 explicatiS,
1303 1279 1416 1330 quasi
1457 1289 1555 1315 uero

87 1355 167 1380 non
198 1354 377 1380 necesse
410 1342 464 1378 sit
496 1340 636 1378 harum
668 1353 805 1377 rerum
837 1337 1147 1390 explicationem
1179 1335 1450 1389 praecedere,
1483 1346 1557 1371 an-

89 1404 255 1449 tequam
287 1397 380 1436 fons
409 1397 546 1448 legum
576 1397 752 1434 inueniri
783 1397 932 1447 possit.

201 1455 234 1504 §.
273 1454 336 1495 17.
396 1466 417 1490 a
454 1454 722 1504 praetoris
766 1452 964 1502 edicto]
1027 1452 1206 1489 Ueteres
1244 1449 1343 1487 iuris
1382 1444 1558 1485 consulti

92 1510 153 1547 ius
185 1508 308 1548 ciuile
350 1508 591 1559 explicaturi
628 1522 650 1545 a
687 1509 836 1546 tabulis
866 1508 939 1545 XII
979 1506 1322 1555 exordiebantur,
1366 1510 1409 1543 ut
1439 1504 1481 1542 S.
1517 1508 1559 1540 et

92 1566 142 1604 L.
164 1564 290 1615 Aelii,
322 1567 369 1604 L.
388 1563 555 1615 Acilius,
588 1577 756 1616 quorum
786 1566 876 1616 ipse
907 1565 1158 1602 mentionem
1190 1563 1289 1600 fecit
1316 1558 1372 1611 ΙΙ,
1395 1560 1463 1602 23.
1483 1558 1558 1608 593

92 1627 238 1673 postea
271 1635 368 1659 uero
407 1634 523 1672 quam
567 1625 779 1673 praetores
820 1620 955 1659 edicta
998 1624 1301 1672 proponerent,
1334 1631 1382 1656 ex
1413 1618 1559 1668 quibus

90 1691 165 1729 per
192 1691 339 1715 annum
374 1690 490 1715 suum
520 1679 581 1716 ius
614 1677 804 1714 dicerent
834 1678 1173 1728 superiorumque
1215 1674 1351 1713 edicta
1381 1674 1562 1712 adscisci

91 1735 333 1784 coepissent
375 1747 396 1771 a
437 1734 763 1785 posterioribus,
812 1738 855 1771 ut
895 1734 996 1771 certi
1037 1734 1116 1770 uim
1156 1732 1256 1770 iuris
1291 1744 1335 1769 ac
1365 1731 1555 1782 perpetui

90 1791 243 1838 sensim
266 1791 517 1841 obtinerent,
550 1791 598 1827 ab
621 1789 757 1827 edicto
776 1790 981 1840 praetorio
1002 1789 1383 1840 proficiscebantur.
1428 1789 1556 1837 Quem

91 1859 246 1885 morem
289 1847 501 1884 Ciceronis
543 1851 678 1885 aetate
719 1846 795 1882 iam
836 1846 1192 1884 increbescentem
1238 1848 1406 1896 praeter
1459 1843 1559 1881 alios

95 1904 227 1941 secuti
270 1909 366 1940 sunt
398 1903 622 1954 Ulpianus,
664 1903 731 1951 qui
759 1902 964 1940 LXXXIII
996 1900 1146 1952 libros,
1185 1903 1227 1939 et
1257 1899 1450 1951 Paullus,
1493 1899 1560 1951 qui

96 1958 244 1997 LXXX
276 1959 327 1996 ad
358 1959 536 1997 edictum
570 1959 817 2010 composuit.

208 2027 308 2053 non
339 2015 491 2065 enim]
534 2015 663 2053 Causa
695 2028 765 2052 cur
795 2027 871 2052 nec
902 2028 924 2052 a
955 2014 1026 2052 XII
1057 2014 1205 2054 tabulis
1235 2027 1313 2053 nec
1343 2014 1391 2051 ab
1424 2011 1560 2050 edicto

92 2072 323 2124 praetorio,
363 2072 438 2110 sed
470 2084 517 2108 ex
548 2073 690 2110 intima
727 2069 991 2122 philosophia
1029 2072 1093 2108 ius
1123 2070 1397 2122 repetendum
1431 2072 1559 2117 esset,

93 2127 282 2165 adiuncta
311 2129 412 2166 satis
446 2140 493 2167 ea
523 2129 598 2166 sibi
631 2127 795 2178 probari
826 2127 1088 2177 significauit,
1121 2141 1224 2177 quae
1248 2128 1408 2165 Atticus
1433 2124 1561 2163 dixis-

94 2188 172 2222 set.
241 2184 410 2222 11111ςοῐο
450 2184 573 2235 igitur
617 2184 742 2221 Goer.
783 2183 833 2221 ad
871 2184 942 2221 Ac.
975 2178 1033 2232 ll,
1081 2183 1145 2224 16.
1177 2183 1248 2224 50.
1289 2188 1332 2220 et
1370 2182 1560 2220 Moserus

94 2253 191 2278 non
223 2241 354 2278 enim
387 2241 467 2279 dici
502 2241 693 2278 dixerunt
723 2253 794 2291 pro
827 2252 938 2280 non.
970 2252 1069 2278 11011
1099 2241 1245 2280 0111111.
1307 2239 1467 2278 Deinde
1494 2244 1559 2278 te=

94 2296 387 2348 merQBakins
418 2310 492 2349 pro
523 2297 574 2335 id
609 2297 709 2335 dixit
739 2297 863 2334 scribi
894 2300 1087 2347 oportere
1118 2297 1240 2347 hoc,
1273 2297 1365 2348 quia
1397 2295 1450 2334 id
1480 2308 1561 2335 11011

96 2356 238 2403 posset
269 2352 318 2389 ad
361 2354 574 2404 sequentia
609 2357 651 2390 et
690 2354 927 2405 praesentia
955 2353 1129 2401 referri,
1170 2354 1248 2393 nisi
1280 2358 1350 2391 aut
1382 2353 1461 2402 qui
1495 2357 1564 2390 aut

99 2411 150 2445 ut
180 2413 436 2458 sequeretur.
497 2404 560 2447 At
595 2410 769 2460 primum
807 2408 858 2445 ad
896 2414 1158 2459 praesentem
1198 2423 1285 2447 rem
1327 2409 1368 2446 h.
1410 2408 1438 2445 l.
1484 2422 1562 2446 non

98 2468 283 2514 spectat,
340 2464 416 2502 sed
467 2463 519 2502 ad
567 2477 655 2502 rem
695 2468 809 2502 certo
848 2468 1037 2516 tempore
1075 2479 1156 2505 11011
1197 2466 1562 2516 circumscriptam.

97 2519 258 2558 Deinde
290 2532 390 2558 uero
421 2519 525 2558 nihil
554 2521 752 2570 interest,
794 2525 925 2559 utrum
965 2535 1191 2574 pronomen
1228 2521 1472 2571 relatiuum,
1514 2535 1562 2560 an

97 2575 294 2629 particula
327 2576 515 2627 relatiua,
547 2576 676 2628 qualis
708 2584 773 2614 est
804 2579 1267 2629 quemadmodum,
1301 2591 1350 2616 an
1385 2578 1562 2629 denique

100 2631 321 2684 aliudquid
339 2638 544 2685 sequatur,
568 2632 644 2687 (de
666 2634 760 2672 Fin.
787 2634 837 2683 V,
855 2635 891 2673 7.
917 2633 983 2674 19.
1006 2640 1059 2674 ut
1085 2640 1172 2675 aut
1197 2634 1254 2674 id
1283 2635 1561 2673 honestum

101 2690 168 2726 sit
204 2689 384 2728 facere
425 2692 591 2728 omniu
630 2687 737 2742 cet.)
795 2690 851 2728 Et
887 2690 963 2728 hac
1004 2705 1048 2730 re
1096 2707 1174 2731 una
1212 2690 1283 2730 illa
1323 2692 1561 2742 pronomina

100 2745 309 2794 differunt,
343 2747 450 2797 qnod
482 2747 533 2784 id
565 2746 808 2797 simplicIter
837 2759 923 2785 rem
956 2746 1127 2788 denotat
1150 2748 1434 2797 monstrando,
1467 2747 1563 2783 hoc

103 2813 187 2839 rem
219 2801 371 2841 indicat
410 2809 457 2842 ut
494 2804 661 2855 propius
705 2804 821 2840 nobis
860 2802 1086 2856 admotam,
1128 2805 1254 2844 ueluti
1297 2804 1347 2841 de
1383 2804 1472 2841 Diu.
1506 2798 1564 2852 ll,
