1781 3192
412 219 570 258 Lissfflt
604 217 826 256 PfflMUS.
879 217 975 257 CM».
1014 216 1156 255 xxiv,
1437 215 1519 252 11¹.)

64 334 167 374 Uide
199 332 325 383 Seyff.
360 331 408 369 ad
442 329 552 369 Lael.
581 343 618 381 p.
652 327 750 369 509.
790 329 841 366 de
877 331 1089 366 uerborum
1124 325 1392 365 collocatione
1422 340 1520 377 pru-

61 392 227 429 dentius
261 389 538 439 disputantem
571 398 687 436 quam
721 384 864 424 Madu.
894 385 945 421 dc
975 385 1067 422 Fin.
1099 398 1140 435 p.
1173 383 1269 422 772.

176 444 293 494 hoc]
355 444 422 481 Sic
453 448 566 480 recte
595 440 820 479 secundum
855 440 1047 478 meliores
1084 440 1205 478 codd.
1239 440 1344 478 Uict.
1377 438 1521 490 Steph.

67 505 168 541 Dau.
202 500 375 547 Bakius;
408 501 588 550 pertinet
619 498 725 535 enim
760 496 807 534 ad
842 496 966 534 solam
1000 496 1253 534 laudandi
1292 496 1519 533 notionem.

63 559 226 608 Reliqui
259 569 306 593 ex
339 555 611 592 deterioribus
635 553 874 604 quibusdam
899 554 1052 602 haec,
1087 552 1193 602 quod
1219 552 1363 589 referri
1397 564 1520 602 opor-

66 619 174 652 teret
206 611 255 649 ad
288 612 424 648 omnia
455 623 525 660 ea,
559 623 658 661 quae
691 609 739 646 ad
773 608 1057 660 philosophiae
1089 608 1247 646 laudem
1284 609 1520 658 expromsit.

177 668 211 716 §.
244 667 311 706 63.
374 672 518 704 tanta
557 680 613 704 sc.
655 673 802 715 quanta
842 678 929 702 cum
972 666 1157 701 maxime.
1228 663 1337 701 Male
1376 665 1519 702 Bakius

64 723 192 761 audiri
225 723 326 760 haec
356 723 493 761 iubet:
522 734 670 773 „quam
703 720 788 770 illa,
822 720 872 758 de
905 722 1047 770 quibus
1080 721 1290 769 hucusque
1323 722 1404 770 egi,
1438 733 1517 758 non

64 781 238 830 exigua,
290 777 421 828 qualia
472 781 570 817 iuris
617 778 794 816 consulti
841 778 1120 815 tractabant.“
1182 776 1244 815 Cf.
1294 776 1420 826 Seyff.
1469 776 1518 813 ad

63 835 174 874 Lael.
210 848 251 886 p.
289 834 376 874 135.

175 903 272 928 non
304 891 435 927 enim
472 889 648 940 erunt]
712 889 866 938 Sunt,
905 889 1013 940 quod
1050 901 1098 926 ex
1130 887 1367 926 melioribus
1398 887 1518 927 codd.

64 952 300 998 excerptum
347 945 494 983 Bakius
530 947 738 996 probauit,
781 952 894 983 recte
935 959 979 983 se
1021 946 1191 982 haberet
1229 946 1269 982 in
1313 947 1520 983 sententia

62 1003 280 1050 communi,
314 1008 355 1039 et
384 1003 491 1038 omni
522 1007 563 1039 et
594 1004 806 1052 praesenti
838 1007 1023 1052 tempore
1054 1007 1157 1049 rata,
1197 1000 1311 1038 uelut
1351 1001 1401 1038 de
1431 1001 1520 1040 Fin.

64 1056 97 1108 I,
134 1059 169 1097 1.
203 1057 242 1097 3.
276 1064 444 1095 tamen
479 1070 571 1094 nec
612 1058 792 1094 modus
836 1063 919 1095 est
958 1056 1101 1094 ullus
1142 1057 1519 1106 inuestigandi

63 1115 175 1152 ueri
213 1114 315 1150 nisi
355 1114 652 1160 inueneris3
703 1112 877 1150 alienum
929 1119 994 1150 est
1033 1114 1080 1149 ab
1124 1113 1200 1148 hoc
1242 1112 1357 1160 loco,
1402 1113 1516 1150 cuius

60 1170 266 1208 sententia
295 1168 396 1205 haec
426 1173 511 1208 est:
540 1181 602 1215 ea,
639 1181 741 1217 quae
773 1168 825 1206 de
856 1170 943 1205 iure
976 1181 1062 1205 sum
1098 1168 1400 1218 disputaturus,
1439 1181 1519 1206 non

60 1229 179 1264 erunt
230 1223 511 1275 amplissima,
559 1224 638 1260 nisi
690 1225 819 1274 ipsius
868 1224 1185 1276 philosophiae,
1235 1236 1283 1261 ex
1330 1237 1406 1274 qua
1451 1223 1520 1261 illa

57 1286 239 1331 manant,
272 1284 364 1318 ante
395 1280 600 1331 patefacta
634 1281 712 1317 erit
743 1279 978 1332 amplitudo.

171 1338 333 1376 Recte
362 1348 488 1374 uero
519 1336 677 1386 sacis]
751 1337 869 1386 Quod
915 1338 954 1374 in
1007 1334 1124 1374 codd.
1176 1333 1412 1374 melioribus
1455 1343 1519 1374 est

61 1407 185 1433 uero
216 1393 352 1432 facis
386 1396 437 1429 et
469 1393 687 1442 merito,
730 1393 771 1431 id
811 1394 888 1431 etsi
928 1394 1026 1432 Dau.
1069 1392 1168 1430 Ern.
1210 1391 1353 1442 W'agn.
1390 1392 1516 1430 Goer.

63 1452 159 1489 Sch.
193 1450 295 1487 Mos.
326 1450 382 1485 ita
413 1449 652 1497 probarunt,
686 1454 728 1486 ut
759 1454 898 1487 tamen
937 1450 1058 1486 uerba
1095 1453 1143 1485 et
1184 1448 1299 1498 ipse
1334 1447 1518 1486 aduersis

62 1506 268 1545 codicibus
307 1501 506 1542 tollerent
544 1503 736 1553 (Bakius‚
786 1506 852 1556 qui
894 1507 994 1542 item
1035 1505 1248 1556 probauit,
1289 1504 1391 1542 haec
1431 1507 1519 1556 ipsa

63 1563 264 1610 retinuit),
305 1573 383 1597 non
423 1561 548 1609 magis
591 1564 730 1609 potest
770 1562 946 1613 probari,
990 1575 1106 1612 quam
1146 1559 1395 1598 deteriorum
1428 1575 1520 1599 cor-

64 1619 190 1656 rectio
224 1621 292 1655 ant
324 1629 385 1665 ea,
417 1628 520 1665 quae
551 1614 757 1666 Maduigio
791 1617 1046 1662 (Emendatt.
1072 1631 1112 1668 p.
1139 1615 1228 1664 58.)
1262 1622 1305 1654 et
1325 1617 1518 1668 Zumptio

62 1674 214 1726 placuit
244 1671 388 1725 (uere
420 1671 556 1709 facis
589 1677 639 1709 et
671 1671 882 1726 merito)
916 1679 984 1711 aut
1015 1673 1141 1711 hacc:
1174 1684 1357 1711 reuera
1388 1672 1520 1711 facis

62 1735 115 1768 et
144 1730 348 1767 merito.
409 1727 544 1765 Marco
577 1727 738 1777 quidem
772 1736 814 1767 et
838 1728 1016 1768 libenter
1048 1734 1104 1778 et,
1139 1735 1181 1767 ut
1212 1734 1367 1780 speret,
1405 1734 1520 1768 recte

61 1800 107 1824 se
138 1785 180 1823 id
213 1785 350 1822 facere
379 1783 532 1821 dicenti
555 1784 713 1823 Atticus
744 1788 889 1824 merito
922 1785 963 1823 id
995 1799 1084 1824 eum
1118 1785 1257 1823 facere
1293 1786 1521 1836 respondet

63 1847 106 1880 et
135 1843 268 1893 ipsum
311 1841 353 1888 (i.
388 1852 421 1878 e.
455 1838 596 1877 ultro
629 1840 672 1877 cf
712 1842 745 1892 ᾗ.
777 1840 867 1889 49.)
899 1847 941 1880 et
978 1842 1108 1879 fuisse
1149 1841 1191 1879 id
1231 1842 1271 1879 in
1313 1842 1393 1880 hoc
1432 1855 1520 1880 ser-

65 1911 184 1936 mone
214 1895 464 1934 faciundum.
516 1893 601 1949 (De
631 1903 751 1947 partt.
786 1903 836 1936 et
866 1921 920 1926 -—
953 1912 1045 1949 que
1076 1900 1116 1935 in
1149 1896 1395 1936 declaranda
1426 1912 1520 1949 par-

63 1955 210 1991 titione
242 1951 394 1990 leuiter
432 1952 472 1988 in
511 1951 813 1992 adiunctionem
854 1953 1011 1992 deflexa
1053 1953 1135 1991 dixi
1176 1954 1207 2004 ᾧ.
1241 1952 1347 2001 42.).
1409 1956 1521 2003 Quae

64 2011 97 2047 si
149 2021 247 2046 uera
293 2012 418 2056 sunt,
465 2008 664 2058 particula
711 2016 758 2047 et
808 2010 1001 2048 aduerbio
1049 2011 1234 2047 merito
1278 2012 1521 2061 praemissa,

62 2078 150 2104 cum
185 2075 306 2101 uero
338 2075 417 2100 non
447 2076 519 2113 pro
552 2064 746 2102 aduerbio
778 2068 910 2116 possit
942 2067 1100 2115 haberi,
1144 2065 1216 2103 sed
1249 2067 1326 2104 uim
1361 2072 1520 2104 tantum

62 2121 211 2158 habeat
251 2118 544 2166 confirmandi,
587 2119 832 2159 adiectiuum
877 2121 1040 2173 aliquod
1083 2121 1285 2159 excidisse
1326 2122 1521 2161 ostendit.

60 2177 194 2226 Atque
226 2175 354 2225 ipsius
384 2173 538 2213 codicis
570 2174 604 2212 Ε
636 2177 828 2215 mendum
860 2190 919 2216 ne
952 2190 1100 2226 uer0,
1135 2190 1184 2215 ex
1208 2190 1285 2227 quo
1306 2183 1402 2216 nata
1429 2190 1521 2216 esse

60 2230 224 2270 uidetur
262 2231 462 2268 correctio
511 2242 721 2282 reuera,
767 2240 915 2272 recte
965 2233 1172 2272 excidisse
1221 2232 1389 2273 indicat.
1458 2229 1521 2272 Ita

59 2288 219 2325 Atticus
259 2285 303 2324 id
345 2287 479 2337 ipsum
521 2286 783 2338 aduerbium,
818 2303 894 2340 quo
927 2290 1090 2329 Marcus
1124 2302 1219 2327 usus
1262 2294 1372 2340 erat,
1415 2292 1522 2328 asci-

58 2348 142 2381 tum
172 2354 368 2394 perquam
409 2342 623 2380 commode
664 2344 889 2395 amplificat
928 2345 1192 2396 adiungendo
1234 2344 1312 2384 alio
1355 2350 1397 2384 et
1436 2348 1522 2384 eius

59 2399 269 2436 notionem
313 2396 452 2435 addita
490 2398 689 2448 particula
728 2402 955 2441 confirmat.
1014 2402 1203 2440 Lambini
1245 2404 1520 2440 coniecturam

59 2466 206 2492 uero:
246 2452 385 2494 facis
425 2458 479 2491 et
515 2456 707 2493 merito
751 2462 801 2495 et
843 2463 997 2497 recte
1039 2462 1091 2497 et
1139 2460 1257 2510 ipse
1308 2458 1522 2509 fuitque

57 2511 184 2548 miror
212 2522 303 2548 cum
342 2508 461 2547 aliam
489 2511 540 2547 ob
573 2523 733 2550 causam
776 2518 861 2552 tum
902 2516 952 2554 ob
992 2514 1100 2554 male
1139 2516 1387 2566 geminatam
1427 2527 1522 2568 par-

58 2565 224 2605 ticulam
257 2578 338 2603 non
374 2564 638 2618 displicuisse
671 2567 843 2609 Orellio.

608 2746 614 2749 ⁴
669 2744 1000 2761 'w---
