1781 3192
423 209 579 248 LIBER
613 206 915 247 SECUNDUS.
966 206 1064 246 CAP.
1099 204 1144 244 X.
1425 202 1513 242 165

594 274 614 290 Q

162 323 232 365 Χ.
302 321 336 372 ξ.
378 321 447 362 23.
519 316 777 358 Conclusa
822 317 1050 368 quidem]
1118 316 1226 354 Part.
1272 311 1508 365 quidem,

51 391 125 429 qua
160 377 430 417 concludendi
463 377 628 415 uerbum
659 375 892 424 insignitur,
925 373 1166 411 contrariam
1204 369 1376 421 aliquam
1418 382 1506 408 rem

52 441 122 472 aut
161 434 239 472 ‹lici
284 440 350 473 aut
391 434 560 484 cogitari
596 430 764 469 indicat.
838 431 976 467 Sensit
1018 430 1094 467 hoc
1134 427 1295 479 quidem
1338 426 1507 474 Bakius3

52 490 126 529 sed
169 492 320 528 errauit
358 491 544 542 profecto
584 486 789 526 excidisse
829 485 979 536 aliquid
1021 486 1250 536 suspicans,
1293 482 1411 534 quale
1443 486 1510 520 est

55 543 134 595 ΙΙΙ,
165 545 203 585 4.
238 548 302 584 fin.
335 545 417 583 lex
451 545 688 583 recitata
730 546 825 580 est.
899 544 1099 593 Opposita
1138 546 1271 578 autem
1312 545 1375 577 est
1411 551 1508 576 sen-

52 603 180 640 tentia
212 600 304 639 illa:
335 615 435 639 non
468 599 678 638 multum
711 598 1011 649 discrepat3
1045 598 1166 647 idque
1200 599 1330 647 ipsum
1354 595 1510 633 indicat

50 656 241 694 mendum
272 657 360 698 cod.
395 658 506 695 arch.
538 656 728 694 breuis
762 659 835 704 et,
869 655 975 692 unde
1011 660 1122 691 recte
1147 651 1378 691 Gulielmus
1406 651 1509 689 effe-

51 714 107 750 cit
149 713 328 762 breui,
384 713 493 761 sed3
545 711 653 763 quod
702 713 852 748 merito
895 712 1112 761 Zumptius
1161 709 1382 760 probauit,
1433 720 1510 757 quo

50 773 215 806 auctore
248 782 409 818 uereor,
441 781 493 806 ne
524 769 564 805 in
597 773 735 805 annot.
769 769 861 805 crit.
923 768 1102 806 Uictorio
1136 766 1365 814 tribuerim,
1404 762 1510 814 quod

51 823 245 861 Gulielmi
289 829 376 873 est3
425 838 517 862 nam
561 823 740 862 Orellius
789 824 970 861 Uictor-io
1022 824 1166 860 tribuit
1217 822 1397 859 breuis
1446 823 1510 858 et.

49 880 162 918 Man.
195 880 295 920 Dan.
327 879 474 931 reliqui
507 882 655 917 breui
688 886 763 928 et;
804 880 949 931 Steph.
985 880 1121 916 Lamb.
1164 878 1405 915 breuiter
1443 880 1510 914 et.

48 936 159 974 Part.
194 949 362 988 quam,
397 945 441 975 ut
471 950 609 987 saepe,
643 937 690 973 ab
725 934 988 973 exclamando
1028 933 1226 972 translata
1258 937 1322 971 est
1354 931 1404 971 ad
1437 931 1511 970 ad-

48 993 188 1029 iectiui
225 994 305 1030 uim
350 993 593 1043 augendam.
641 993 726 1030 Cic.
775 993 889 1030 verr.
921 992 986 1041 ΙΙΙ,
1026 990 1094 1030 88.
1137 989 1234 1030 200.
1295 986 1510 1026 Interdum

50 1049 139 1085 eius
180 1050 242 1086 uis
280 1050 511 1087 intenditur
550 1049 786 1099 praeposita
825 1047 967 1085 uocula
1006 1059 1116 1098 per.
1159 1047 1212 1084 de
1244 1046 1315 1083 Or.
1350 1041 1407 1093 ΙΙ,
1439 1042 1511 1083 49.

49 1102 145 1145 201.
176 1117 424 1155 perquam
457 1106 705 1142 breuiter
735 1104 1052 1155 perstrinxi.
1113 1103 1203 1140 IIoc
1246 1100 1512 1151 quemadmo-

52 1159 145 1197 dum
180 1163 309 1211 ipsam
341 1160 568 1212 particulae
601 1161 810 1197 notionem
843 1164 980 1210 auget,
1014 1160 1069 1196 ita
1099 1171 1248 1207 sane,
1277 1156 1383 1207 quod
1415 1169 1511 1193 uer-

49 1217 110 1254 bis
143 1230 280 1266 quam
314 1218 458 1255 breui
491 1216 673 1254 additum
706 1220 787 1266 est,
829 1214 1106 1253 asseuerando
1150 1226 1240 1252 eam
1281 1214 1511 1251 confirmat.

51 1272 115 1311 Cf.
146 1273 268 1323 Seyff.
303 1273 353 1312 ad
385 1272 496 1311 Lael.
531 1286 569 1324 p.
602 1272 700 1313 201.

163 1353 184 1377 a
216 1344 266 1378 te
306 1340 512 1390 magna]
582 1338 699 1389 Quod
749 1338 883 1377 adhuc
930 1338 1086 1376 editum
1136 1343 1201 1376 est
1243 1350 1266 1375 a
1301 1335 1512 1388 plerisque

51 1393 187 1448 (Man.
222 1398 340 1435 Grut.
375 1397 473 1434 Ern.
508 1394 702 1448 reliquis)
736 1409 757 1433 a
788 1401 840 1433 te
872 1400 970 1432 tam
1004 1407 1206 1444 magna,
1251 1395 1330 1431 etsi
1361 1406 1437 1443 per
1468 1406 1514 1431 se

50 1453 150 1489 ferri
201 1457 373 1502 potest:
421 1457 558 1489 tamen
603 1464 742 1502 parum
795 1450 987 1501 praesidii
1039 1451 1165 1487 habet
1209 1463 1230 1486 a
1276 1448 1398 1488 codd.
1469 1449 1512 1487 ln

52 1507 289 1545 melioribus
331 1513 395 1545 est
436 1509 542 1546 enim
585 1507 724 1545 alter
762 1520 964 1556 magna,
1011 1507 1125 1544 cuius
1167 1506 1207 1542 in
1247 1510 1407 1557 promtu
1450 1510 1515 1543 est

54 1566 254 1602 correctio
288 1578 309 1601 a
341 1569 391 1602 te
429 1576 624 1614 magna,
667 1576 688 1601 a
730 1564 873 1614 Steph.
914 1563 1052 1600 Lamb.
1093 1563 1194 1600 Dau.
1237 1574 1431 1613 expressa
1472 1567 1514 1599 et

51 1620 176 1658 Bakio
216 1622 398 1671 probata.
471 1620 560 1657 Non
604 1619 750 1658 melior
785 1624 849 1657 est
890 1619 1091 1657 correctio
1134 1623 1282 1668 apte,
1337 1630 1453 1667 quam
1491 1631 1514 1655 a

52 1676 159 1715 Uict.
193 1688 426 1726 expressam
460 1677 677 1726 Zumptius
706 1676 908 1727 probauit,
941 1688 1058 1725 quam
1085 1688 1186 1725 quae
1215 1680 1279 1713 est
1300 1676 1339 1712 in
1363 1673 1514 1726 pleris-

50 1744 128 1782 que
160 1731 280 1770 codd.
313 1732 418 1769 dett.
451 1731 634 1770 altera
664 1738 762 1770 tam
796 1744 984 1782 magna.

164 1812 186 1836 a
215 1797 428 1849 legibus
461 1798 669 1848 Numae]
725 1799 963 1848 Religiones
987 1811 1090 1835 rom.
1116 1799 1157 1835 in
1182 1798 1324 1848 primis
1348 1798 1515 1836 aNuma

53 1856 297 1892 constitutas
333 1867 425 1892 esse
457 1856 556 1892 satis
587 1859 763 1894 constat.
816 1856 879 1893 Cf.
911 1855 996 1894 Cic.
1030 1853 1082 1892 de
1115 1854 1216 1906 Rep.
1240 1854 1289 1904 ΙΙ,
1324 1853 1389 1894 14.
1421 1854 1513 1894 Liu.

54 1907 90 1961 Ι,
122 1910 189 1951 20,
223 1912 343 1949 Dion.
376 1909 464 1949 nal.
497 1911 545 1960 ΙΙ,
577 1910 759 1952 63-73,

166 1979 385 2015 omnium
426 2001 480 2005 —
520 1979 793 2030 optimam]
865 1975 930 2016 Ad
979 1982 1162 2016 ueterem
1208 1975 1344 2027 illam,
1396 1991 1515 2029 quam

55 2034 193 2084 Scipio
232 2035 272 2071 in
313 2034 428 2072 libris
468 2033 520 2071 de
562 2048 645 2085 rep.
702 2035 892 2086 probauit
931 2031 1062 2086 (Rep.
1105 2033 1144 2083 Ι,
1185 2032 1250 2074 46.
1292 2035 1392 2085 Leg.
1436 2030 1515 2082 ΙΙΙ,

57 2090 92 2139 ξ.
132 2086 233 2143 12.),
265 2103 457 2128 romanae
490 2092 672 2129 ciuitatis
704 2091 1048 2142 temperationem
1082 2089 1198 2139 leges
1231 2103 1322 2128 suas
1355 2103 1517 2128 accom-

56 2145 224 2183 modans
261 2145 377 2196 leges
420 2148 667 2197 constituit,
717 2160 817 2198 quae
857 2147 898 2183 in
935 2145 1006 2183 illa
1047 2145 1265 2196 ualerent,
1314 2158 1517 2198 perpauca

53 2214 152 2239 sane
185 2207 362 2253 mutans,
397 2207 440 2241 ut
467 2204 507 2240 in
540 2205 826 2253 magistratum
858 2202 1152 2254 descriptione.
1186 2202 1246 2240 ΙΙΙ.
1281 2202 1311 2253 ᾧ.
1352 2203 1416 2243 12.

169 2294 289 2332 ergo
330 2281 478 2332 adeo]
549 2281 699 2320 Bakius
751 2281 880 2320 adeo
921 2280 1163 2319 mendosum
1206 2294 1299 2319 esse
1347 2286 1459 2319 ratus
1496 2296 1518 2319 a

56 2350 131 2375 me
163 2339 355 2375 coniecit.
415 2337 499 2376 Sed
531 2338 873 2388 quemadmodum
907 2337 1028 2376 adeo
1061 2350 1186 2389 saepe
1206 2339 1516 2389 pronominibus

55 2393 302 2444 adiungitur,
333 2397 379 2431 ut
408 2407 495 2431 eam
528 2397 659 2446 ipsam
691 2408 795 2445 rem,
835 2406 938 2446 quae
976 2393 1296 2444 demonstratur,
1337 2396 1519 2446 spectari

57 2450 313 2500 significetur
343 2447 440 2503 (das
479 2451 593 2489 eben.
626 2451 713 2490 Cic.
745 2464 818 2502 pro
852 2449 1017 2489 Cluent.
1059 2449 1129 2501 29,
1170 2451 1240 2490 80.
1278 2464 1351 2502 pro
1392 2451 1515 2489 Caec.

58 2505 127 2556 30,
158 2506 224 2548 86.
258 2506 374 2546 Verr.
408 2506 476 2556 lv,
509 2505 578 2546 64.
616 2506 710 2548 1-13.
742 2508 837 2546 Fin.
869 2503 927 2557 ῙΙ,
963 2507 1024 2547 12.
1057 2506 1176 2563 37.):
1216 2509 1273 2545 ita
1314 2507 1357 2545 h.
1388 2505 1417 2545 l.
1443 2520 1518 2545 uo-

58 2563 175 2601 culae
220 2575 345 2613 ergo
387 2562 649 2614 adiungitur,
690 2568 734 2602 ut
775 2576 864 2602 eam
901 2565 1030 2615 ipsam
1062 2566 1113 2602 ob
1154 2576 1316 2603 causam
1350 2561 1518 2617 (darum

61 2616 188 2672 eben)
236 2619 350 2670 leges
399 2619 490 2657 illas
538 2620 831 2671 exspectandas
886 2632 980 2658 esse
1028 2622 1298 2672 significetur.
1370 2616 1519 2672 Inepte

62 2674 171 2713 Uict.
200 2676 342 2728 Steph.
373 2681 748 2727 exspectatae,
781 2677 885 2716 Dau.
918 2688 967 2714 ex
997 2677 1113 2717 Med.
1144 2676 1260 2716 Harl.
1297 2676 1333 2717 1.
1366 2675 1404 2717 2.
1438 2687 1520 2714 ex-

62 2736 349 2782 spectare,
389 2738 435 2771 ut
473 2733 550 2770 hoc
590 2733 794 2784 penderet
835 2746 883 2771 ex
932 2731 1037 2771 illis:
1090 2749 1145 2774 an
1189 2746 1373 2773 censes
1418 2745 1518 2770 non

59 2798 281 2826 necesse
312 2800 444 2832 esse.

1221 2859 1305 2896 11*
