1781 3192
406 182 563 222 LlBElt
596 179 897 219 SECUNDUS.
951 180 1046 218 Car.
1085 178 1150 217 ΙΙΙ.
1425 176 1507 212 127

49 313 93 339 re
128 296 320 351 publica,
356 294 430 332 sed
471 297 594 333 etiam
634 305 729 342 eos,
772 293 837 341 qui
870 293 907 329 in
942 290 1175 341 municipali
1219 289 1509 336 uersabantur3

49 356 99 395 ad
133 367 232 405 quos
263 364 410 390 nomen
450 362 685 398 romanum,
726 360 906 386 summae
946 348 1057 385 illius
1099 349 1157 385 rei
1190 344 1379 397 publicae
1411 356 1509 396 pro-

51 414 202 464 prium,
236 408 452 447 transferri
484 406 594 444 dicit.
656 405 847 442 Ceterum
882 406 954 441 rei
980 403 1232 454 publicae
1258 401 1308 438 ad
1331 413 1509 438 nomen

51 469 258 520 pertinet3
311 464 516 514 genitiuus
558 462 835 499 uniuersae
877 461 1128 498 ciuitatis
1171 472 1217 497 ex
1261 458 1387 495 uerbo
1431 462 1510 495 est

51 524 227 576 pendet3
261 535 283 571 q
301 534 356 558 ua
387 524 430 556 ut
462 523 555 556 ante
586 516 708 554 ablat.
740 528 886 554 causae
920 521 998 554 est.

165 578 227 615 du
242 590 278 613 ιιι
312 575 410 613 illa
441 597 494 604 -—
527 573 886 622 contineatur]
949 574 1061 620 Quae
1086 571 1301 622 posthaec
1326 570 1362 606 in
1387 567 1506 608 codd.

51 639 211 673 exarata
242 637 337 669 sunt
380 633 502 669 uerba
539 631 697 667 habet
735 630 997 667 ciuitates
1041 628 1195 675 duas,
1240 626 1508 663 sedunam

48 690 195 729 illam
233 690 509 725 ciuitatem
557 690 732 737 putat,
787 698 834 723 ea
883 698 955 735 pro
996 686 1363 734 interpretamento
1415 694 1510 718 esse

49 745 235 784 habenda
276 745 543 781 consentiunt
591 755 756 790 omnes,
806 741 857 778 de
898 740 1246 792 praecedentibus
1287 736 1508 775 dissident.

50 804 192 851 Gzius,
234 814 281 838 an
316 805 460 838 cuncta
493 798 584 836 illa:
626 800 802 848 itaque
841 810 934 847 ego
966 819 1020 824 -
1052 797 1405 834 contineatur
1434 806 1508 844 pro

51 861 424 910 interpretamento
456 854 644 892 habenda
677 858 834 903 essent,
877 853 1094 891 dubitauit.
1165 853 1292 900 Quem
1332 848 1418 887 falli
1459 849 1510 887 de

50 914 328 966 superioribus
370 911 454 949 illis
492 912 671 960 itaque
718 923 807 960 ego
839 933 891 937 —
925 910 1121 958 negabo
1154 907 1304 945 BakIus
1346 908 1402 944 ita
1434 905 1509 944 de-

50 970 308 1017 monstrauit,
338 972 381 1005 ut
413 980 514 1017 quae
545 966 796 1017 generaliter
828 966 880 1003 ‹le
912 964 1064 1015 duplici
1098 965 1344 1013 municipum
1379 963 1509 1013 patria

51 1034 190 1066 essent
221 1025 454 1074 disputata,
499 1035 545 1059 ea
582 1022 631 1060 ad
673 1024 807 1072 ipsum
841 1023 1098 1070 Ciceronem,
1142 1026 1184 1058 nt
1224 1019 1511 1057 absolueretur

49 1083 289 1134 disputatio,
324 1079 538 1115 transferri
571 1080 804 1128 oportuisse
838 1077 1094 1115 ostenderet.
1156 1076 1237 1113 Sed
1272 1076 1334 1111 his
1367 1080 1509 1111 reten-

47 1142 100 1178 tis
151 1135 366 1187 sequentia
418 1135 539 1170 etiam
590 1134 712 1171 uerba
765 1133 875 1170 dum
918 1131 1011 1170 illa
1051 1155 1105 1159 —
1143 1132 1509 1179 contineatur,

50 1207 152 1247 quae
181 1205 270 1232 cum
304 1190 428 1228 Goer.
462 1190 558 1227 Sch.
595 1189 698 1227 Mos.
732 1190 821 1239 ipse
852 1189 998 1226 Bakius
1031 1187 1272 1239 expellenda
1300 1185 1508 1235 iudicauit,

46 1249 266 1290 retinenda
287 1250 398 1295 sunt,
424 1250 467 1282 ut
489 1258 670 1283 summae
694 1244 929 1294 disputandi
953 1244 1097 1282 modus
1117 1244 1224 1282 idem
1252 1242 1509 1291 adhibeatur,

48 1320 168 1359 quem
210 1307 251 1344 in
295 1301 478 1353 generali
519 1302 571 1339 de
613 1302 847 1352 municipiis
900 1301 1180 1352 disputatione
1227 1298 1364 1351 paullo
1415 1303 1510 1336 ante

47 1365 324 1403 constituerat
354 1359 418 1396 his
451 1359 608 1396 uerbis:
643 1357 735 1395 sed
766 1370 992 1396 necesse
1025 1363 1107 1395 est
1138 1358 1374 1395 caritate
1406 1368 1507 1393 eam

47 1423 351 1472 praestare,
385 1426 483 1463 qua
515 1418 594 1451 cet.
621 1414 783 1452 Maior
814 1413 864 1451 ad
888 1415 1080 1452 maiorem
1106 1425 1289 1451 summae
1310 1413 1370 1449 rei
1395 1410 1508 1461 publ.

49 1477 319 1527 grauitatem,
364 1471 637 1507 contineri
676 1472 722 1507 in
763 1482 817 1507 ea
854 1470 881 1508 i.
923 1483 959 1508 e.
1010 1475 1215 1520 tamquam
1261 1473 1419 1519 partem
1468 1469 1507 1504 in

51 1544 205 1583 genere
237 1532 398 1573 inesse,
431 1527 522 1575 quia
553 1538 646 1575 pars
678 1538 832 1576 genere
864 1531 905 1564 et
936 1528 1068 1564 minor
1100 1532 1142 1564 et
1170 1526 1304 1564 leuior
1338 1530 1426 1574 est,
1459 1523 1509 1562 ad

53 1590 251 1626 minorem
283 1583 494 1633 municipii
527 1580 765 1630 dignitatem
798 1588 970 1633 spectat.

165 1643 278 1686 ΙΙΙ.
342 1639 374 1688 §·
409 1637 447 1678 6.
508 1638 724 1686 Magnus
758 1637 852 1676 ille
883 1652 941 1678 sc.
974 1639 1208 1689 Pompeius,
1248 1651 1325 1688 quo
1358 1649 1510 1688 cogno-

49 1701 158 1738 mine
197 1696 360 1746 saepius
402 1707 423 1730 a
465 1694 664 1732 Cicerone
701 1693 929 1744 appellatur
970 1694 1068 1748 (pro
1101 1695 1222 1733 Arch.
1260 1693 1324 1744 10,
1358 1692 1426 1733 24.
1460 1692 1510 1730 ad

49 1757 129 1794 Att.
164 1755 212 1803 ll,
250 1751 312 1791 13.
343 1746 424 1803 2.).
486 1749 603 1798 Quod
635 1750 792 1800 quando
830 1752 1025 1803 Pompeio
1058 1752 1182 1789 tribui
1214 1755 1401 1801 coeptum
1432 1750 1510 1797 ksit,

50 1809 252 1863 explorari
287 1806 432 1844 Bakius
464 1806 618 1843 indicat
652 1820 672 1844 a
705 1807 867 1845 Dukero
900 1809 949 1845 ad
981 1810 1070 1846 Liu.
1105 1810 1203 1858 epit.
1231 1804 1356 1856 Clll3
1388 1810 1429 1843 et
1462 1805 1509 1842 ab

51 1866 331 1906 assentatione
356 1861 546 1899 familiari
569 1861 609 1899 id
630 1863 862 1914 profectum
889 1877 982 1902 esse
1001 1866 1137 1903 Liuius
1159 1864 1285 1902 tradit
1301 1860 1510 1910 ΧΧΧ,45.

164 1933 256 1974 pro
288 1918 487 1969 Ampio]
550 1914 596 1955 In
629 1919 717 1957 cod.
750 1920 859 1958 arch.
894 1926 1047 1959 certum
1073 1925 1137 1958 est
1162 1921 1292 1959 fuisse
1316 1919 1510 1958 Ambio.

51 1978 136 2018 Sed
169 1990 248 2016 non
280 1974 401 2012 modo
433 1976 569 2012 Ambii
603 1988 624 2011 a
656 1976 855 2014 Cicerone
888 1984 929 2015 et
952 1978 1150 2027 Pompeio
1181 1975 1301 2014 simul
1329 1975 1509 2021 defensi,

51 2035 125 2074 sed
154 2047 206 2072 ne
225 2033 356 2071 Ambii
391 2031 551 2080 quidem
585 2029 703 2068 ullius
736 2035 890 2070 mentio
921 2047 1086 2084 usquam
1113 2034 1305 2071 iniicitur.
1369 2028 1510 2080 ltaque

51 2090 157 2143 quod
198 2091 236 2127 in
276 2087 440 2126 Maffaei
478 2085 582 2124 libro
624 2089 832 2138 reperisse
873 2101 919 2125 se
949 2090 1051 2127 dixit
1086 2089 1292 2127 Manutius
1327 2087 1510 2133 Balbo,

51 2145 197 2197 reliqui
229 2141 378 2194 cupide
410 2143 690 2193 arripuerunt,
723 2145 813 2193 quia
853 2149 894 2182 et
927 2145 1167 2196 Pompeium
1202 2150 1244 2183 et
1270 2145 1512 2182 Ciceronem

49 2216 122 2255 pro
154 2201 204 2240 C.
236 2197 428 2239 Cornelio
454 2198 580 2236 Balbo
614 2198 737 2237 simul
767 2200 920 2239 dixisse
951 2205 1177 2240 constaret.
1238 2200 1319 2239 Sed
1353 2198 1512 2237 etiamsi

51 2262 91 2297 in
132 2257 219 2296 cod.
263 2256 397 2305 aliquo
436 2254 477 2292 id
519 2256 728 2293 inuentum
771 2259 843 2307 sit,
883 2270 963 2295 non
1002 2258 1094 2309 plus
1129 2256 1228 2295 inde
1258 2255 1511 2295 auctoritatis

52 2316 192 2362 habet,
225 2324 341 2363 quam
374 2312 408 2348 si
435 2310 486 2348 de
511 2312 745 2349 coniectura
769 2313 809 2350 id
835 2326 879 2351 se
904 2315 1123 2365 scripsisse
1145 2314 1305 2351 Manut.
1339 2312 1512 2350 diceret.

50 2372 111 2409 De
142 2370 378 2407 coniectura
409 2371 543 2404 autem
573 2365 676 2404 illud
707 2368 909 2408 Cicerone
940 2370 1163 2408 obtrudere
1194 2369 1405 2420 religionis
1438 2365 1513 2404 ali-

52 2426 150 2478 quid
181 2425 321 2472 habet,
353 2424 600 2473 praesertim
633 2436 720 2461 cum
757 2424 856 2462 alias
889 2439 1049 2477 quoque
1081 2438 1224 2464 causas
1263 2427 1311 2463 ab
1341 2429 1513 2474 utroque

53 2479 174 2521 simul
217 2480 410 2518 defensas
456 2491 548 2516 esse
591 2485 765 2519 constet.
827 2478 972 2533 Itaque
1014 2484 1217 2521 assentior
1256 2480 1404 2530 Bakio,
1447 2480 1514 2529 qui

56 2551 132 2577 una
161 2537 304 2576 littera
336 2533 486 2572 leniter
516 2539 669 2573 mutata
700 2538 863 2575 restitui
895 2538 1024 2577 uoluit
1054 2540 1246 2590 AmpiO.
1315 2538 1403 2586 Quo
1436 2534 1514 2588 (Τ.

54 2595 200 2646 Ampio
232 2588 382 2644 Balbo)
414 2595 456 2628 et
487 2591 727 2630 Ciceronem
765 2598 807 2631 et
836 2593 1075 2647 Pompeium
1106 2595 1367 2634 familiariter
1397 2605 1514 2631 nsum

55 2662 148 2688 esse
191 2652 363 2688 constat.
420 2647 484 2687 Cf.
529 2646 657 2686 Orelli
708 2649 856 2688 Onom.
903 2664 936 2689 s.
977 2664 1015 2690 ιι.
1062 2653 1267 2703 Ampius
1321 2654 1363 2688 et
1413 2660 1513 2699 quos

58 2705 203 2744 Bakius
234 2704 374 2744 laudat
405 2703 517 2742 Man.
551 2703 599 2741 ad
632 2704 718 2744 Diu.
752 2701 784 2754 I,
817 2704 855 2748 3.
898 2707 1036 2746 Garat.
1078 2707 1127 2746 ad
1167 2706 1306 2747 Plane.
1344 2705 1410 2755 10,
1442 2703 1508 2745 25.

55 2766 98 2799 et
130 2761 272 2815 Spald.
303 2760 353 2799 ad
382 2761 522 2811 Quint.
554 2756 634 2812 III,
666 2760 708 2803 S.
741 2761 809 2802 50.
