1781 3192
423 191 583 230 LIBER
617 190 919 236 SECUNDUS.
973 195 1072 233 ΟΜ».
1106 195 1189 234 XX.
1451 196 1537 234 217

80 304 276 341 Brissonii
316 304 453 341 Form.
494 316 536 354 p.
572 302 690 354 1¹8.)
740 306 974 342 coniectura
1030 305 1284 343 deductio
1323 306 1532 357 haudqua—

82 372 196 410 quam
224 360 386 398 uidetur
410 361 636 397 necessaria
667 372 759 397 esse
785 373 856 409 pro
880 362 902 398 d
921 362 976 399 ed
995 370 1133 409 ucta3
1162 361 1264 412 quod
1293 362 1530 402 uocabulum

82 415 271 453 similiter
302 429 322 452 a
355 415 655 453 deducendi
690 417 816 453 uerbo
851 417 1078 456 deriuatum
1113 423 1176 456 est
1207 424 1329 468 atque
1368 419 1534 471 repulsa

82 486 101 509 a
135 473 261 508 uerbo
294 470 605 522 repellendi.
668 471 924 521 Stephanus:
968 481 1017 511 ut
1049 477 1089 511 si
1124 476 1169 512 in
1204 480 1534 514 testamento

86 532 136 566 ut
166 527 500 565 deduvantur
529 528 785 577 scriptum
820 541 914 566 non
950 532 1042 578 sit;
1076 531 1252 568 Lbinus:
1285 534 1534 581 partitio-

83 586 161 622 nis
203 589 380 632 caput:
422 584 461 619 si
504 584 549 620 in
595 589 714 622 test.
756 589 804 621 ut
851 586 881 622 C
910 585 1236 624 deducantur
1273 589 1534 639 scriptum

81 651 177 678 non
200 640 489 689 sitipsique
517 639 997 688 (Jn1inus31’earciusz
1028 644 1338 693 partitionis
1362 650 1534 694 caput:

82 695 124 731 si
155 695 203 731 in
237 701 354 733 test.
383 702 435 732 ut
459 701 659 732 centuni
683 700 867 734 nummi
895 698 1248 748 deducantur,
1281 702 1534 750 scriptum

81 763 179 788 non
213 752 284 787 sit
317 752 544 801 ipsique3
580 752 765 789 Dauisius
805 753 983 804 (lenique
1025 754 1256 793 dubitanter
1296 758 1534 806 proposuit:

82 808 193 844 siin
219 810 553 856 testamento,
580 811 632 844 ut
656 805 985 847 deducantur
1009 817 1212 849 centum
1236 813 1432 862 nummi,
1463 814 1533 850 sit.

193 864 241 899 in
275 862 560 900 donatione
603 876 660 900 sc.
706 865 743 901 in
787 864 1008 904 donatione
1046 869 1190 904 mortis
1230 880 1363 906 causa.
1427 869 1537 906 Uere

81 923 214 958 autem
248 919 459 969 wyttenb.
491 919 783 958 animaduertit
815 922 1072 961 donationem
1104 922 1279 973 intelligi
1311 924 1384 961 filii
1415 924 1536 962 fami-

79 975 182 1025 lias,
221 976 287 1025 qui
326 989 414 1013 cum
460 977 602 1013 testari
645 988 723 1013 non
764 984 933 1028 posset,
984 986 1118 1016 tamen
1172 979 1375 1030 peculium
1431 979 1538 1030 quod

81 1037 229 1070 uocant
255 1031 533 1082 profectitium
568 1031 720 1069 donare
750 1038 926 1083 poterat,
971 1036 1004 1071 si
1038 1041 1157 1086 pater
1197 1036 1238 1072 id
1282 1038 1538 1086 approbaret.

81 1087 163 1126 Sed
203 1088 540 1138 quemadmodum
586 1088 691 1139 quod
733 1094 852 1140 pater
903 1104 982 1128 non
1038 1093 1358 1143 approbanerat,
1408 1098 1539 1130 ratum

80 1158 160 1182 non
194 1149 297 1193 erat,
328 1146 382 1182 ita
410 1145 465 1194 id,
501 1144 605 1196 quod
640 1144 710 1182 ille
743 1148 1055 1197 approbauerat,
1095 1148 1209 1186 nullo
1245 1152 1364 1199 pacto
1405 1149 1538 1200 stipu-

80 1200 301 1239 lationibus
334 1204 481 1239 mutari
512 1206 690 1253 poterat.
752 1202 891 1253 ltaque
926 1205 976 1253 ei,
1019 1206 1084 1254 qui
1128 1205 1297 1242 dimidia
1341 1205 1537 1243 bonorum

81 1264 198 1309 parte
231 1257 405 1296 donatus
432 1264 533 1308 erat,
565 1256 699 1308 paullo
724 1259 859 1296 minus
883 1273 1031 1310 capere
1056 1273 1134 1298 non
1159 1260 1323 1298 licebat.
1380 1261 1538 1299 Deinde

81 1328 155 1366 pro
186 1312 383 1365 particula
417 1318 488 1364 et,
530 1327 644 1365 quam
678 1313 833 1351 Lbinus
863 1314 1045 1366 deleuit,
1079 1318 1205 1354 (izius
1239 1323 1307 1354 aut
1339 1319 1540 1356 etenim

83 1372 204 1409 scribi
238 1369 382 1419 uoluit,
415 1376 483 1409 aut
515 1374 676 1409 seruata
709 1369 777 1408 illa
810 1370 1006 1424 deinceps
1040 1375 1161 1411 etiam
1195 1373 1365 1411 eandem
1390 1376 1538 1412 iterum

84 1427 178 1479 poni
211 1423 288 1478 (et
320 1426 453 1476 quod
487 1439 540 1464 eo
573 1424 738 1478 insa).

199 1483 228 1532 ξ.
265 1482 329 1521 51.
390 1483 480 1520 llis
511 1483 809 1534 propositis
842 1484 870 1520 i.
904 1497 937 1523 e.
971 1485 1074 1522 nach
1105 1483 1367 1536 Ausstellung
1399 1485 1542 1523 dieser

86 1537 345 1577 Grundsa'tze
386 1539 560 1576 taucheu
603 1538 775 1576 manche
806 1539 1098 1591 Nebenfragen
1140 1541 1223 1579 auf.
1284 1542 1396 1580 Male
1439 1543 1540 1580 Dan.

85 1597 261 1634 coniecit
290 1597 498 1646 positis.
562 1594 625 1632 Cf.
660 1590 716 1631 ll.
750 1595 780 1643 ξ.
813 1593 881 1634 48.

200 1665 320 1701 quas
353 1654 431 1701 qui
466 1649 762 1700 intelligat]
828 1651 962 1689 Uerbo
995 1656 1310 1702 nascuntur,
1355 1651 1460 1704 quod
1500 1654 1542 1691 in

86 1708 176 1746 cod.
214 1708 325 1745 arch.
361 1707 492 1745 alieno
525 1708 614 1746 loco
647 1708 843 1744 intrusum
875 1713 938 1745 est
972 1709 1043 1758 (cf.
1079 1722 1169 1748 ann.
1203 1710 1339 1758 crit),
1373 1709 1543 1760 expulso

85 1765 243 1815 reliqua
275 1765 490 1801 uerissima
523 1768 640 1812 sunt,
685 1763 716 1799 si
758 1776 843 1800 cum
888 1764 1013 1803 Goer.
1051 1765 1155 1804 Mos.
1188 1765 1281 1803 sch.
1316 1767 1387 1804 Or.
1419 1766 1545 1804 Bakio

86 1822 190 1859 haec
222 1821 511 1869 interrogando
543 1819 696 1857 absolui
730 1819 989 1860 iudicaueris.
1052 1821 1108 1858 lta
1152 1822 1288 1858 mirari
1331 1835 1374 1859 se
1416 1824 1545 1873 signi-

88 1879 182 1915 ficat
208 1879 306 1914 istas
339 1875 669 1926 quaestiunculas
703 1876 750 1912 ab
783 1888 846 1924 e0,
879 1878 944 1926 qui
978 1876 1201 1927 intelligat,
1234 1890 1314 1914 non
1348 1880 1545 1930 perspici.

90 1932 420 1983 intelligere
454 1939 586 1970 autem
621 1937 684 1970 est
715 1932 752 1969 h.
786 1931 810 1969 l.
856 1933 1253 1981 quaestiuncularum
1298 1937 1545 1972 sententiam

90 1991 303 2040 percipere
342 1988 428 2034 (die
466 1990 623 2040 Fragen
665 1987 756 2025 dem
797 1988 924 2025 Sinne
970 1989 1074 2027 nach
1114 1989 1380 2039 vel-stelien),
1431 2003 1545 2042 per-

91 2047 300 2096 spicere
332 2049 464 2082 autem
499 2044 548 2082 ad
581 2045 818 2081 interiorem
853 2057 990 2082 earum
1025 2047 1298 2094 cognitionem
1326 2060 1548 2097 earumque

90 2114 178 2139 cum
211 2101 425 2151 principiis
454 2099 803 2138 necessitudinem
838 2105 1012 2150 spectat.
1076 2102 1133 2137 De
1164 2104 1408 2151 pronomine
1430 2102 1546 2143 relat.

90 2156 141 2194 ad
181 2155 450 2193 secundariae
490 2158 655 2194 uerbum
699 2154 829 2192 relato
870 2155 924 2192 cf.
960 2168 1061 2206 quae
1093 2156 1175 2194 dixi
1207 2157 1232 2195 1.
1267 2158 1300 2207 ξ.
1336 2158 1413 2206 623
1455 2172 1548 2197 nam

88 2212 236 2251 Bakius
277 2224 492 2262 perperam
536 2213 656 2249 uerba
701 2212 784 2261 qui
824 2211 1107 2262 intelligat
1144 2226 1165 2251 a
1195 2216 1439 2265 pronomine
1481 2228 1545 2253 se-

87 2270 220 2315 iunxit
251 2269 310 2305 sic
342 2269 661 2320 interpretatus:
695 2270 795 2318 „qui
829 2266 1067 2319 intelligens
1098 2270 1201 2308 sit“.
1261 2273 1368 2308 Ante
1400 2272 1549 2309 Gzium

90 2324 255 2375 uulgata
302 2324 405 2362 haec
453 2330 571 2362 sunt:
619 2337 739 2374 quas
785 2325 868 2374 qui
914 2337 1012 2363 non
1057 2324 1361 2377 intelligat,
1406 2329 1446 2365 si
1493 2327 1549 2364 ad

90 2385 245 2432 caput
275 2380 507 2430 reserat,
538 2393 628 2431 per
660 2393 712 2417 se
751 2381 869 2430 ipse
916 2380 1080 2419 facile
1120 2384 1437 2433 perspiciat.
1499 2384 1547 2421 A.

91 2437 141 2475 G.
181 2436 400 2486 Zumptius
442 2437 643 2474 coniecit:
683 2449 802 2486 quas
845 2439 884 2473 si
920 2439 1061 2487 quis,
1107 2440 1191 2488 qui
1241 2444 1546 2489 nascantur,

10 2519 20 2534 η.
88 2491 405 2542 intelligat,
437 2505 538 2531 non
569 2514 623 2520 —-
655 2491 986 2543 perspiciat?

206 2561 370 2599 eaque
409 2548 659 2600 pecunia]
731 2548 911 2586 Temere
952 2550 1096 2588 Bakius
1145 2564 1312 2601 eoque
1359 2554 1547 2591 coniecit.

89 2605 159 2644 Ea
208 2607 436 2657 pecunia
491 2613 553 2643 est
602 2606 775 2656 pecunia
825 2607 1030 2656 posterius
1088 2613 1262 2655 exacta3
1311 2622 1414 2659 quae
1468 2622 1548 2646 non

7 2662 29 2706 ις,
89 2661 195 2712 sola,
233 2660 308 2699 sed
340 2674 418 2699 una
453 2674 541 2700 cum
574 2663 749 2712 pecunia
789 2667 885 2698 ante
924 2674 946 2698 a
984 2662 1184 2713 legatario
1225 2671 1364 2702 exacta
1403 2665 1571 2707 dicitur..

89 2730 171 2755 non
216 2718 351 2754 minor
382 2729 475 2755 esse
515 2717 647 2766 facta,
687 2729 804 2766 quam
847 2729 918 2766 ea,
957 2731 1058 2768 quae
1104 2720 1291 2757 omnibus
1328 2721 1553 2758 heredibus

92 2779 159 2812 est
198 2772 362 2812 relicta.
431 2773 658 2812 Luculeuto
711 2773 919 2823 Wyttenb.
969 2788 1054 2812 rem
1102 2775 1324 2813 illustrauit
1367 2775 1553 2829 exemplo

1314 2846 1335 2865 -s-
