1781 3192
193 160 284 200 304
769 156 837 195 DE
871 155 1105 196 LEGIBUS

305 269 600 319 serebatur]
684 269 827 320 Steph.
875 269 986 308 Man.
1039 270 1138 308 Ern.
1188 269 1329 319 Wagn.
1394 272 1482 309 sine
1537 271 1658 311 codd.

194 330 438 368 auctoritate
467 325 835 376 efferebatur,
869 326 975 377 quod
999 340 1050 365 ne
1075 327 1154 365 dici
1189 327 1351 376 quidem
1386 327 1551 366 uidetur
1581 330 1659 368 nisi

195 387 246 425 de
278 386 416 432 rebus,
448 387 492 419 ut
525 381 611 423 Cic.
644 382 696 420 de
726 383 796 422 Or.
830 378 864 432 Ι,
898 381 966 423 2-1.
1002 383 1095 423 111.
1127 388 1411 435 petamque
1442 398 1464 423 a
1496 386 1659 435 uobis,

194 455 254 481 ne
282 442 374 478 has
404 451 544 476 meas
576 440 815 490 ineptias
850 440 1124 479 efferatis.

308 507 459 557 quasi
493 520 612 545 com.
644 507 1027 558 respondisset
1057 510 1081 548 i.
1114 522 1148 549 e.
1180 510 1235 546 ita
1267 508 1318 546 de
1351 522 1398 547 eo
1439 507 1662 560 loqueban-

195 571 283 613 tur,
324 564 435 614 quasi
479 563 586 614 quod
629 564 915 616 respondisset
953 566 1210 603 commodum
1254 571 1375 605 esset.
1441 567 1580 605 Lamb'.
1619 570 1662 603 et

195 624 294 660 bau.
330 633 474 670 quam
510 621 945 659 commodissime
979 622 1353 672 respondisse,
1396 636 1511 673 quam
1546 626 1661 674 patet

195 678 498 717 correctionem
543 691 634 714 esse
677 678 839 727 mendi,
892 678 996 729 quod
1043 685 1107 716 est
1148 681 1185 716 in
1228 679 1317 716 aliis
1364 678 1483 717 codd.
1528 679 1659 717 dett.:

195 736 344 786 quasi
389 735 818 772 commodissime
869 736 1236 785 respondisse,
1289 737 1329 773 in
1381 749 1457 786 quo
1507 737 1659 786 quasi

195 796 336 842 inepte
383 791 568 828 additum
620 797 732 829 esset
786 791 837 829 ad
882 792 1148 842 mitigandam
1203 793 1509 845 metaphoram,
1558 805 1661 843 quae

194 848 302 886 nulla
337 851 412 887 est,

309 915 457 966 duos]
528 915 645 953 Hanc
685 928 759 964 ego
801 914 975 954 formam
1017 930 1036 953 a
1076 917 1217 966 Steph.
1259 919 1368 958 Man.
1412 917 1553 956 Lamb.
1593 928 1664 954 ex-

198 985 380 1025 pressam
418 971 591 1025 (reliqui
625 971 719 1009 duo
753 970 1032 1025 scripserunt)
1058 976 1237 1023 restitui,
1264 977 1354 1026 quia
1382 988 1402 1011 a
1426 974 1514 1012 cod.
1535 974 1663 1023 arch,

195 1035 234 1067 in
268 1044 343 1079 quo
378 1042 464 1066 eam
498 1029 627 1066 fuisse
659 1029 777 1068 codd.
811 1035 1007 1081 arguunt,
1046 1044 1125 1068 non
1166 1037 1325 1069 temere
1366 1029 1660 1069 discedendum

196 1099 287 1124 esse
319 1087 472 1138 putaui.

310 1156 402 1204 iis,
435 1153 539 1204 qui]
603 1152 762 1190 Maiore
804 1152 920 1194 codd.
966 1156 1209 1194 auctoritate
1249 1170 1337 1194 cum
1372 1155 1516 1207 Steph.
1548 1154 1662 1193 Man.

196 1212 340 1250 Lamb.
382 1211 481 1250 Dan.
522 1210 622 1247 Ern.
666 1209 808 1259 Wagu.
848 1212 995 1261 scripsi
1035 1213 1125 1260 iis3
1169 1213 1272 1250 Gzio
1309 1219 1476 1251 auctore
1518 1210 1662 1262 reliqui

198 1269 291 1308 his.
355 1267 437 1305 Sed
480 1280 560 1304 non
593 1267 681 1317 ipse
715 1279 838 1316 eques
870 1280 1062 1304 romanus
1096 1273 1138 1305 et
1168 1267 1412 1318 libertinus,
1459 1268 1533 1305 sed
1573 1269 1663 1305 uni-

198 1338 361 1363 uersum
396 1336 525 1374 genus
558 1323 778 1360 monstrari
811 1322 991 1361 uidetur.
1042 1323 1149 1362 Gud.
1174 1325 1215 1375 2,
1249 1326 1403 1363 codicis
1427 1326 1662 1375 ceteroquin

200 1382 362 1434 optimi,
396 1378 506 1417 nulla
537 1383 602 1417 cst
633 1379 709 1416 hac
741 1379 779 1415 in
814 1392 858 1416 re
892 1380 1124 1419 auctoritas,

311 1446 614 1496 inferioris]
678 1446 764 1483 Non
800 1445 906 1497 quod
938 1447 1200 1484 tenuioris
1232 1447 1364 1497 ipsum
1395 1459 1469 1497 per
1498 1458 1543 1484 se
1577 1444 1664 1485 dis-

197 1504 387 1557 pliceret,
421 1503 493 1540 scd
527 1504 618 1553 quia
653 1502 816 1541 uidetur
846 1504 1046 1541 correctio
1074 1516 1164 1541 esse
1188 1503 1325 1541 mendi
1364 1504 1666 1551 interioris,

199 1560 306 1612 quod
341 1566 405 1597 cst
436 1562 474 1598 in
506 1559 627 1597 codd.
663 1559 901 1597 melioribus
934 1565 975 1598 et
1006 1560 1125 1598 huius
1159 1561 1283 1611 ipsius
1323 1558 1574 1610 probabilior
1604 1563 1669 1596 est

198 1618 398 1656 correctio
446 1618 524 1654 iam
573 1630 592 1654 a
635 1617 732 1654 Uict
794 1617 933 1655 Lamb.
979 1617 1080 1656 Dau.
1121 1630 1314 1667 expressa
1363 1616 1666 1663 inferioris,

199 1676 276 1713 hoc
307 1675 457 1725 ipsum,
490 1686 570 1711 non
604 1672 705 1711 illud
738 1675 890 1724 recepi.
951 1672 1062 1711 idem
1095 1673 1335 1711 uocabulum
1362 1672 1466 1723 quod
1488 1675 1663 1724 primum

201 1732 409 1770 sententia
432 1731 612 1782 propria,
639 1729 791 1767 deinde
808 1730 947 1780 paucis
974 1731 1110 1767 uerbis
1136 1730 1362 1768 interiectis
1384 1730 1583 1769 translata
1605 1733 1669 1766 est

200 1792 457 1838 usurpatum,
480 1787 522 1824 id
547 1786 650 1824 nihil
676 1785 889 1824 molestiae
913 1787 1048 1825 habet.
1073 1786 1137 1824 Cf.
1157 1786 1280 1837 Seyff.
1305 1786 1356 1825 ad
1373 1785 1488 1827 Lael.
1512 1799 1550 1836 p.
1570 1783 1665 1826 26ξέ.

314 1856 423 1893 Non
467 1854 641 1904 uides,
685 1852 929 1904 Luculle]
1004 1852 1201 1903 Lucullo,
1252 1855 1317 1904 qui
1369 1854 1448 1891 iam
1492 1866 1528 1890 a.
1571 1850 1666 1892 697.

201 1916 388 1950 mortuus
422 1918 526 1961 erat,
562 1910 611 1948 ad
643 1910 702 1960 id,
735 1911 842 1961 quod
875 1910 1208 1948 commodissime
1246 1910 1516 1962 respondzsse
1556 1909 1667 1946 sere-

200 1970 337 2018 batur,
370 1970 534 2007 Marcus
557 1969 615 2006 sic
638 1968 879 2018 respondet,
913 1969 1023 2018 quasi
1048 1969 1270 2005 etiamtunc
1305 1969 1477 2006 uiueret.
1521 1966 1665 2003 Uicem

202 2027 330 2075 igitur
361 2024 431 2063 ille
465 2024 765 2076 quodamme
798 2026 958 2062 obtinet
987 2037 1123 2061 eorum
1156 2025 1401 2075 principum,
1433 2024 1500 2074 qui
1522 2021 1666 2060 eadem

202 2082 362 2120 luxuria
394 2086 437 2120 et
466 2081 694 2133 cupiditate
725 2083 985 2119 tenebantur.
1046 2081 1152 2117 Hinc
1183 2094 1274 2118 mox
1307 2081 1355 2118 ad
1384 2092 1511 2130 genus
1534 2081 1666 2130 ipsum

207 2151 347 2176 eorum
388 2140 578 2186 transiit,
611 2138 676 2187 qui
707 2136 869 2174 Luculli
910 2134 1064 2173 similes
1089 2141 1219 2173 erant.
1281 2133 1533 2186 Imperfecto
1561 2139 1668 2171 tem·-

203 2208 304 2246 pore
336 2196 376 2231 in
409 2195 600 2245 primaria
625 2194 830 2230 sententia
851 2204 923 2243 pro
946 2191 1348 2243 plusquamperfecto
1375 2191 1663 2240 (licuisset,

204 2252 245 2288 si
278 2256 333 2289 tu
364 2263 460 2288 non
494 2249 733 2287 fecisses
768 2253 835 2286 aut
865 2248 1139 2297 licuisset,
1173 2250 1216 2285 si
1248 2252 1298 2286 tu
1330 2261 1425 2285 non
1458 2247 1667 2284 faceres

205 2321 262 2347 sc.
295 2313 339 2345 ut
370 2303 568 2362 cuperes)
604 2306 807 2343 Romanos
842 2306 897 2342 uti
930 2306 969 2342 in
1004 2318 1047 2342 re
1080 2306 1269 2342 continua
1303 2317 1378 2342 nec
1406 2302 1536 2341 semel
1561 2304 1667 2339 sacta

205 2366 305 2401 satis
339 2367 513 2402 constat.
568 2359 940 2411 Ci·.Li=1.1X,19.
1002 2361 1220 2410 Persas,
1248 2356 1400 2398 Indos
1426 2359 1667 2409 aliasque

206 2422 251 2458 si
283 2418 593 2458 Alexander
624 2418 975 2456 adiunxisset
1005 2424 1204 2468 gentes,
1238 2417 1666 2468 impedimentum

204 2478 374 2514 maius
407 2489 551 2526 quam
585 2474 834 2513 auxilium
868 2476 1129 2514 traheret.
1164 2475 1248 2514 Cic.
1280 2472 1386 2512 Phil.
1415 2473 1517 2523 Vlss,
1542 2471 1666 2512 414.

204 2545 316 2570 num
350 2534 516 2583 igitur
548 2545 681 2581 eum,
714 2532 758 2568 si
790 2536 892 2568 tum
926 2543 1097 2580 esses,
1129 2532 1474 2569 temerarium
1506 2530 1668 2568 ciuem

204 2593 294 2626 aut
325 2588 599 2627 crudelem
633 2584 890 2639 putares?
919 2587 1045 2626 Tusc.
1079 2583 1120 2636 I,
1162 2586 1231 2627 37.
1265 2585 1333 2627 90.
1376 2601 1463 2625 cur
1503 2586 1670 2636 igitur

208 2643 468 2683 Camillus
501 2643 736 2694 doleret,
769 2645 810 2682 si
840 2644 965 2682 haec
996 2650 1115 2696 post
1147 2648 1425 2682 trecentos
1450 2648 1500 2681 et
1522 2643 1667 2693 quin-

205 2703 461 2752 quaginta
492 2702 611 2739 sere
643 2714 802 2738 annos
829 2705 1088 2739 euentura
1115 2698 1361 2752 putaret?
1391 2701 1432 2738 in
1457 2696 1668 2748 Vernlll,

209 2757 272 2798 13.
307 2757 373 2799 32.
406 2771 480 2811 pro
506 2758 627 2797 Rosc.
662 2759 752 2798 Am.
776 2757 845 2808 36,
879 2755 969 2799 103.
994 2770 1067 2808 pro
1086 2759 1133 2797 C.
1158 2758 1260 2796 nah.
1281 2757 1323 2807 ἔ),
1348 2756 1413 2798 15.
1468 2757 1671 2795 Disseruit
