1781 3192
0 2614 11 2659 i

474 198 635 237 1,qust
664 194 924 236 'rmlTlhsa
971 194 1074 234 CAr.
1107 194 1175 232 lv.
1471 190 1561 229 267

88 313 442 365 optimatibus
478 315 617 358 nota.
676 307 834 347 Plurali
872 320 1041 346 numero
1082 305 1391 356 suffragiis,
1432 315 1551 354 quein

88 371 188 409 Dau.
222 374 263 407 et
294 367 442 407 Bakius
484 364 848 415 commendarunt,
891 377 970 402 non
1011 376 1111 415 opus
1147 368 1223 401 est.
1280 360 1388 399 Plin.
1421 360 1472 398 H.
1500 359 1552 397 N.

87 425 230 474 Mul,
255 425 292 466 6.
313 429 353 465 ὅ.
385 437 493 462 cum
530 426 576 461 in
598 421 913 472 suffragium
949 422 1048 458 trib
1065 433 1118 458 us
1150 421 1428 471 oporteret
1459 417 1552 454 ire.

88 481 344 531 Liu.xxxl,
371 481 410 519 7.
445 479 718 518 centurias
748 479 794 515 in
829 477 1145 527 suffragium
1180 478 1420 521 mittere3
1453 472 1551 512 ibid.

89 540 167 578 ite
197 539 245 575 in
278 537 614 587 suffragium.
648 534 698 585 X,
734 534 803 574 21.
836 534 894 572 ad
933 533 1251 583 suffragium
1286 530 1554 569 centuria·

89 606 296 633 uocare.

203 649 305 692 ΙΨ.
368 651 459 687 Ast
492 646 637 699 quid]
698 646 766 685 Sic
808 652 921 683 recte
965 647 1121 685 Manut.
1161 649 1203 681 rt
1245 643 1386 681 Gzius.
1446 640 1555 679 Uide

87 717 192 756 quae
235 705 358 743 modo
400 705 498 742 dixi.
575 705 684 742 Uict.
725 703 869 754 steph.
911 704 1011 741 Dau.
1054 703 1152 740 Ern.
1193 700 1336 750 Wagn.
1388 703 1439 736 at
1487 698 1553 745 si,

87 766 166 799 ast
197 762 238 798 si
272 761 587 812 wyttenbachio
618 773 787 798 suasore
822 760 926 797 Mos.
961 761 1031 796 ()r.
1063 758 1160 796 Bak.

201 819 412 855 coerari
445 830 605 854 oesus
638 817 728 867 sit]
792 817 903 853 Haec
937 814 1136 853 'l'aurellii
1179 817 1221 850 et
1260 811 1414 850 Dauisii
1457 821 1554 848 con·

87 874 259 922 iectura,
305 888 326 911 a
368 875 471 912 Gzio
516 873 583 911 illa
618 875 813 923 probata,
847 868 1340 922 Maduigio(E1nendatt.
1373 880 1413 918 p.
1446 865 1554 915 86),

86 927 260 977 Orellio,
292 930 416 968 Bakio
450 943 529 968 non
566 931 698 967 minus
739 928 952 967 meliorum
998 928 1186 965 codicum
1222 923 1393 972 mendo,
1436 935 1554 973 quam

87 988 296 1024 sententia
349 993 469 1037 atquc
521 987 706 1024 oratione
748 986 1026 1024 confirmatur.
1096 985 1224 1022 Turn.
1264 982 1372 1019 Man.
1417 980 1557 1018 hamb.

85 1042 181 1081 Ern.
211 1042 351 1093 Wagn.
377 1044 572 1082 Schuetz.
593 1043 697 1082 Mos.
727 1055 782 1080 co
799 1055 882 1080 era
898 1047 1014 1079 tore
1047 1052 1206 1078 ocsus
1233 1037 1390 1084 (Lamb.
1416 1048 1556 1085 usus,

87 1098 199 1137 Man.
236 1104 349 1147 usu)
382 1101 465 1137 sit.

201 1155 421 1205 produnt
451 1169 507 1194 sc.
541 1156 574 1193 si
607 1167 781 1192 necesse
812 1160 892 1202 est,
923 1158 1066 1190 contra
1099 1164 1216 1202 quam
1243 1152 1282 1187 in
1309 1145 1401 1186 aliis
1428 1148 1555 1198 magi-

86 1213 299 1260 stratibus,
336 1225 434 1261 quos
455 1210 628 1263 populus
649 1209 756 1248 solet
777 1222 936 1248 creare.
990 1209 1069 1246 Est
1089 1209 1214 1258 igitur
1236 1217 1363 1253 mera,
1396 1209 1439 1241 ut
1459 1215 1557 1241 uere

86 1267 235 1305 Bakius
259 1267 378 1318 uidit,
412 1269 676 1319 magistratus
700 1266 926 1316 descriptio
950 1267 1041 1303 sine
1067 1264 1149 1303 uilo
1174 1265 1231 1300 rei
1260 1260 1466 1313 gerendae
1490 1260 1555 1297 in-

87 1324 211 1362 dicio.
274 1325 534 1377 Quapropter
555 1337 634 1362 non
654 1337 756 1374 opus
782 1327 845 1360 est
866 1323 1018 1360 Moseri
1046 1322 1281 1359 coniectura
1310 1316 1556 1369 prodent.

200 1381 460 1431 rogassit]
523 1381 751 1429 Rogare,
784 1381 817 1416 si
850 1378 1017 1416 creandi
1052 1379 1132 1415 uim
1165 1377 1305 1424 habet,
1336 1386 1414 1411 non
1449 1371 1554 1410 dici-

88 1439 169 1484 tur,
201 1437 278 1471 nisi
308 1435 359 1473 de
391 1437 697 1485 magistratibus
740 1434 934 1486 populum
979 1434 1113 1484 legem
1161 1431 1228 1470 uel
1272 1431 1557 1480 magistratum

89 1492 343 1541 rogantibus.
415 1493 554 1542 ltaque
596 1497 710 1529 recte
760 1490 896 1542 paullo
948 1495 1045 1528 ante
1100 1488 1249 1527 dicitur
1287 1484 1557 1524 consulum

88 1547 438 1597 rogandorum
497 1560 652 1585 causa
704 1545 918 1602 (interrex
970 1547 1076 1584 enim
1125 1542 1318 1597 populum
1369 1538 1558 1595 rogat),

89 1604 269 1653 itemque
303 1603 354 1641 de
388 1606 480 1642 Diu.
507 1600 540 1653 Ι,
581 1603 640 1643 17.
672 1603 725 1644 33
771 1603 853 1642 Ti.
886 1602 1154 1641 Gracchus
1188 1600 1404 1639 comitia
1443 1610 1557 1636 con-

87 1659 295 1697 sulibus
327 1662 589 1711 rogandis
621 1660 819 1698 habuit.
851 1656 1109 1709 Liu.l,17.
1153 1656 1557 1707 magistratibus

87 1715 364 1765 rogandis,
395 1714 537 1754 multis
569 1716 671 1754 locis
704 1716 821 1766 aliis;
863 1728 1057 1766 nusquam
1101 1720 1234 1752 autem
1273 1710 1448 1764 populus
1488 1709 1557 1749 uel

87 1771 206 1824 plebs
238 1771 371 1823 legem
406 1779 473 1810 aut
505 1774 787 1824 magistratum
813 1785 956 1824 rogare
987 1772 1150 1809 dicitur.
1212 1770 1410 1807 Nimirum
1437 1780 1557 1818 roga-

87 1834 169 1878 tur,
201 1841 280 1866 non
314 1836 444 1879 rogat,
509 1831 709 1878 Quocirca
748 1831 876 1882 probo
909 1828 1097 1880 equidem
1131 1827 1244 1865 Bakii
1277 1825 1558 1863 coniecturam

87 1883 282 1938 plebes
315 1889 555 1924 creassit
583 1891 626 1924 ut
657 1888 955 1935 necessariam,
996 1883 1216 1934 rogandi
1249 1883 1415 1920 uerbum
1451 1880 1559 1932 quod

88 1941 303 1994 praecedit
334 1956 496 1981 causam
533 1955 626 1980 esse
659 1949 795 1991 ratus,
840 1948 884 1980 ut
911 1942 1019 1980 idem
1055 1954 1075 1978 a
1106 1939 1275 1979 librario
1308 1938 1557 1976 dormitante

88 2003 363 2050 repeteretur.
438 2000 534 2038 Mox
581 2000 709 2037 Turn.
762 2001 874 2038 Man.
927 1999 1067 2037 Lamb.
1121 1996 1436 2035 censuerint
1484 2007 1557 2046 pro

91 2066 248 2092 oesus
288 2056 407 2095 erit.
478 2055 637 2094 Deinde
682 2058 770 2093 sine
811 2069 931 2093 causa
976 2056 1129 2093 Lbinus
1171 2064 1410 2104 quaeque
1449 2064 1555 2090 cum

90 2109 315 2163 populo,
348 2111 455 2164 quod
488 2113 584 2149 item
619 2113 721 2150 Gzio
752 2113 918 2163 placuit.

207 2167 240 2217 ᾧ.
280 2168 344 2207 11.
406 2174 486 2206 ast
517 2168 661 2219 quid]
721 2170 811 2206 Non
851 2180 952 2219 opus
984 2170 1050 2203 est
1081 2166 1337 2203 correctione
1369 2162 1452 2202 ulla
1480 2176 1558 2203 nec

91 2224 247 2261 Dauisii
286 2237 430 2274 quom
480 2238 555 2262 nec
599 2225 755 2263 Moseri
804 2221 1066 2276 quidquid
1116 2235 1193 2260 nec
1236 2219 1403 2270 Orellii,
1455 2234 1558 2271 quae

91 2278 216 2316 Bakio
248 2278 428 2329 placuit,
462 2286 544 2318 ast
579 2283 622 2319 si
663 2281 800 2330 quid.
863 2281 1053 2319 Omnium
1083 2285 1220 2316 autem
1253 2279 1420 2315 minime
1458 2289 1556 2328 pro-

93 2334 367 2385 bari‘potest,
399 2336 504 2386 quod
539 2336 647 2376 Man.
668 2337 767 2377 Ern.
793 2337 933 2387 Wagn.
968 2335 1191 2373 ediderunt
1219 2340 1300 2373 ast
1328 2335 1413 2384 qui
1453 2339 1503 2371 tu
1517 2347 1557 2371 r-

93 2391 182 2429 bas
198 2391 278 2430 sit.
338 2391 399 2428 De
439 2393 603 2442 passiua
642 2394 755 2431 uerbi
800 2393 932 2430 forma
961 2405 1042 2430 non
1073 2397 1186 2430 recte
1219 2391 1443 2429 dubitatum
1477 2397 1557 2428 est.

93 2448 160 2485 Cf.
203 2447 330 2484 Uarro
372 2447 425 2485 de
463 2449 526 2486 Re
570 2449 621 2486 R.
662 2462 698 2487 c.
746 2447 805 2488 14.
848 2450 1092 2501 parietes
1127 2460 1325 2497 omneS,
1371 2453 1424 2485 ut
1454 2448 1558 2485 ius-

92 2507 252 2553 situr,
285 2503 431 2542 calce
464 2511 517 2542 et
548 2507 850 2544 caementis
881 2506 1073 2544 faciat.

208 2560 432 2611 actoris]
496 2563 758 2612 Auctoris,
791 2562 901 2613 quod
929 2564 971 2600 in
1003 2561 1095 2601 cod.
1141 2560 1255 2600 arch.
1296 2559 1426 2598 fuisse
1465 2571 1558 2598 cer-

95 2621 182 2656 tum
223 2623 314 2668 est,
357 2616 469 2656 solus
510 2618 611 2656 Ern.
646 2620 818 2657 retinuit
854 2632 944 2657 cum
986 2619 1207 2671 Wagnero.
1273 2618 1330 2656 At
1376 2629 1459 2655 non
1506 2615 1559 2655 de

99 2677 266 2712 auctore
302 2675 554 2725 rogationis,
594 2676 660 2725 qui
701 2673 769 2713 uel
809 2674 913 2714 alius
953 2688 1049 2715 esse
1085 2678 1226 2728 potest
1265 2678 1387 2725 atque
1428 2677 1558 2722 actor,

101 2728 228 2769 ueluti
281 2729 388 2783 legis
433 2730 644 2770 cuiusdam
693 2733 877 2783 agrariae
914 2737 1028 2772 actor
1067 2733 1147 2770 fuit
1185 2729 1351 2770 Flauius
1392 2735 1442 2769 tr.
1483 2728 1558 2780 pL,

99 2791 243 2826 auctor
277 2787 500 2841 Pompeius
540 2786 649 2842 (Cic.
692 2788 741 2827 ad
781 2791 867 2829 Att.
900 2789 938 2841 Ι,
984 2787 1050 2831 19.
1082 2787 1175 2841 4.),
1219 2787 1291 2825 sed
1334 2786 1384 2824 dc
1419 2790 1559 2824 actore

1294 2858 1342 2878 *¹1-
