1781 3192
234 171 324 210 204
802 169 874 209 DE
908 170 1140 210 LEGIBUS

240 282 345 325 dixit
375 284 586 335 pertinere
618 280 665 323 ad
699 283 795 331 uim,
827 280 1001 322 alterum
1035 283 1085 324 ad
1113 285 1338 335 pecuniam.
1400 287 1462 324 An
1494 287 1591 325 ferri
1620 300 1700 326 non

239 346 379 394 potest
422 337 648 387 asyndeton
687 343 944 388 perrupta
985 338 1267 391 corrupta?
1315 342 1367 379 At
1412 343 1492 380 isto
1541 343 1581 380 in
1622 343 1701 382 hoc

238 397 409 435 incitato
439 406 629 433 sermone
661 393 766 432 nihil
798 396 930 446 aptius
957 402 1044 446 est,
1087 402 1131 434 ut
1160 398 1371 448 perruptio
1412 403 1455 435 et
1493 400 1702 448 co'rruptio

240 450 458 501 separatim
487 450 595 488 sacta
631 451 835 500 cogitetur
868 457 990 502 atque
1022 451 1144 491 aliter
1172 465 1218 490 ac
1247 455 1381 492 minus
1419 459 1563 505 aperte
1603 467 1704 492 con-

238 508 425 550 tinuetur
464 506 629 556 partitio
669 513 764 545 ante
803 505 991 547 instituta
1032 506 1158 563 (tum
1198 532 1251 537 —
1292 514 1421 560 tum,
1460 509 1609 549 modo
1651 533 1702 539 -

236 559 527 614 uicissim).
589 563 776 614 itemque
806 562 945 616 lepide
987 567 1111 603 uerba
1151 566 1413 606 hominum
1452 579 1550 606 non
1582 565 1641 604 de
1657 579 1703 605 o-

237 632 375 669 rum,
417 619 561 670 quibus
602 619 860 670 praecedens
903 623 1112 661 sententia
1153 621 1388 672 generalior
1426 624 1703 674 restringitur,

239 676 330 719 sine
367 673 567 727 particula
607 675 896 728 adponuntur,
938 690 1018 716 non
1061 691 1151 717 cum
1193 677 1395 730 particula
1432 677 1507 732 (at
1546 680 1704 718 homi-

240 729 379 784 num)
413 736 692 783 opponuntur.
753 730 860 786 (Nos
894 734 1105 776 similiter:
1144 736 1218 773 wir
1249 736 1374 773 sahen
1408 735 1477 774 die
1509 736 1707 776 Gerichte

242 787 554 826 durchbrochen
585 802 661 826 von
694 789 836 839 ihnen,
868 791 1111 842 bestochen,
1137 792 1184 843 ja
1216 790 1290 830 der
1316 793 1562 843 Mcnschen,
1595 792 1709 830 nicht

242 844 320 884 der
351 841 538 899 Gotter).
599 844 816 884 Postremo
845 847 954 897 quod
986 847 1127 887 dicunt
1157 848 1259 887 haec
1289 850 1336 886 ab
1356 849 1434 887 hoc
1456 848 1548 888 loco
1575 847 1707 887 aliena

244 913 371 952 esse,
402 902 493 952 quia
526 899 684 940 scelera
713 903 804 940 istis
835 902 1099 943 declarentur
1128 917 1295 955 eorum,
1334 907 1399 955 qui
1441 905 1593 945 iudicia
1621 910 1707 945 tum

242 958 523 1012 perruperint,
557 962 641 996 tum
675 961 959 1010 corruperint:
993 974 1135 1000 uerum
1167 960 1211 998 id
1241 960 1404 1012 quidem
1440 966 1528 1011 est3
1561 960 1636 1000 sed
1668 966 1710 999 et

242 1027 398 1067 pronus
437 1015 625 1065 profecto
667 1020 756 1053 erat
794 1029 814 1053 a
858 1019 1152 1068 superstitioso
1203 1019 1352 1055 timore
1401 1022 1444 1056 et
1496 1017 1710 1069 religionis

243 1076 452 1114 contemtu
488 1070 537 1109 ad
569 1070 610 1109 id
643 1073 864 1122 transitus,
904 1077 947 1111 et
984 1076 1119 1112 uerbis
1159 1075 1421 1113 hominnm
1456 1088 1552 1113 non
1591 1075 1708 1113 deo-

242 1140 349 1169 rum
392 1127 544 1168 additis
585 1127 653 1167 uel
692 1127 792 1167 haec
830 1129 880 1168 ad
920 1143 1094 1181 poenam
1135 1130 1309 1169 diuinam
1341 1128 1508 1180 retulit,
1550 1130 1602 1169 de
1634 1143 1711 1181 qua

241 1181 437 1235 loquitur.

364 1241 396 1291 ξ.
430 1236 494 1280 44.
557 1241 853 1292 Reprimam
906 1243 1000 1280 iam
1051 1257 1106 1282 sc.
1148 1257 1238 1292 reS,
1291 1257 1387 1294 quas
1426 1242 1596 1281 Clodius
1647 1239 1711 1279 uel

245 1297 377 1346 gessit
410 1295 472 1334 uel
506 1310 728 1348 perpessus
762 1303 842 1347 est,
875 1300 1002 1336 menti
1041 1305 1317 1337 occurrentes.
1382 1299 1585 1338 Similiter
1626 1299 1710 1337 Cic.

245 1353 364 1393 Verr.
388 1349 468 1401 ΙΙΙ,
502 1353 570 1393 20.
603 1353 673 1393 51.
705 1367 934 1404 pergam,
970 1357 1118 1405 inquit,
1152 1361 1201 1392 et
1224 1357 1474 1406 insequar
1497 1355 1711 1405 longius

245 1422 300 1447 sc.
338 1421 442 1446 rem.
483 1409 610 1448 Turn.
642 1408 786 1448 Lamb.
820 1410 946 1448 Goer.
979 1411 1078 1449 Sch.
1117 1411 1223 1449 Mos.
1266 1412 1338 1450 Or.
1382 1412 1519 1451 Madu.
1563 1415 1712 1461 (progr.

244 1478 286 1517 p.
321 1464 409 1512 20.)
441 1466 720 1516 reprimam
751 1467 849 1505 iam
883 1478 981 1516 me,
1027 1480 1128 1518 quae
1168 1471 1234 1505 est
1271 1480 1384 1506 mera
1421 1469 1623 1506 correctio
1662 1480 1714 1507 ne

245 1521 469 1573 probabilis
504 1521 666 1573 quidem
699 1528 872 1573 propter
901 1523 1205 1563 incommodam
1248 1525 1503 1563 obiectorum
1545 1529 1638 1571 (me
1673 1529 1715 1562 et

247 1577 512 1624 Clodium)
545 1581 923 1617 commutationem.
985 1581 1086 1619 nau.
1126 1582 1406 1631 reprimam
1447 1582 1542 1619 iam
1572 1581 1714 1621 iram.

247 1633 452 1685 Maduigii
496 1639 549 1672 et
593 1636 828 1673 omittentis
879 1637 1115 1675 coniectura
1161 1649 1263 1675 non
1311 1638 1593 1687 insequar,
1638 1650 1716 1687 qua

249 1689 423 1733 alteram
465 1704 552 1729 rem
598 1692 639 1729 in
680 1691 851 1730 alterius
892 1691 1027 1731 locum
1071 1692 1300 1732 succedere.
1349 1694 1622 1743 significatur,
1673 1698 1716 1730 ut

248 1748 361 1785 Brut.
395 1746 462 1797 15,
495 1746 562 1789 58.
601 1745 803 1785 latrant
840 1753 1104 1798 oratores,
1146 1762 1246 1787 non
1285 1747 1598 1799 loquuntur,
1640 1762 1715 1787 nec

249 1805 487 1845 necessaria
518 1808 560 1842 et
591 1805 725 1842 minus
757 1803 922 1842 idonea.
983 1805 1069 1843 Cs..
1092 1804 1174 1842 Cic.
1216 1804 1332 1846 Verrx
1370 1804 1400 1854 l,
1445 1804 1480 1844 1.
1519 1804 1716 1855 patior,

248 1859 488 1910 iudices,
529 1865 582 1898 et
620 1873 714 1898 non
755 1858 985 1899 moleste
1024 1862 1154 1903 sero.
1192 1860 1291 1903 ibid.
1323 1861 1394 1913 IV,
1426 1860 1495 1903 60.
1532 1859 1623 1902 135.
1666 1859 1718 1901 de

249 1918 344 1956 Nat.
376 1916 500 1955 Deor.
532 1913 568 1966 I,
601 1916 667 1958 33.
701 1914 772 1957 92.
804 1916 856 1954 (le
887 1917 974 1958 lnu.
1006 1914 1043 1968 I,
1073 1916 1143 1959 36.
1174 1915 1242 1958 64.

368 1977 567 2011 tantum
601 1972 806 2024 ponam]
867 1973 946 2011 Est
975 1973 1078 2012 haec
1103 1974 1288 2013 'l‘urnebi
1319 1974 1519 2012 correctio
1548 1974 1720 2026 probata

252 2030 300 2071 ab
333 2031 534 2069 omnibus.
591 2030 635 2068 ln
667 2029 840 2068 eandem
863 2031 1111 2069 sententiam
1141 2029 1377 2082 ponendi
1409 2031 1578 2068 uerbum
1601 2043 1719 2068 usur·
1780 2039 1781 2044 ’

253 2088 368 2138 pauit
387 2082 442 2126 II.
475 2088 509 2138 ᾗ.
533 2085 572 2126 6.
595 2086 709 2124 Brut.
733 2085 803 2135 45,
832 2084 924 2125 165.
958 2085 1070 2125 alibi.
1130 2085 1374 2125 Difficiliora
1398 2091 1493 2125 sunt
1518 2088 1719 2138 proxima,
1780 2105 1781 2140 j

254 2154 358 2193 quae
389 2143 449 2179 sic
480 2143 633 2192 scripta
663 2143 705 2182 in
728 2141 817 2180 cod.
842 2142 978 2181 arch:
1010 2144 1177 2180 merui
1210 2142 1475 2194 duplicem
1507 2155 1719 2193 poenam

253 2211 375 2238 esse
406 2197 636 2236 diuinam
670 2198 782 2239 uarie
814 2198 890 2236 uiri
922 2197 1033 2237 docti
1067 2197 1289 2237 emendare
1327 2200 1464 2237 conati
1496 2204 1607 2237 sunt.
1668 2198 1721 2237 Et

257 2255 477 2295 'l'urnebus
530 2254 695 2305 quidem
743 2256 922 2294 coniecit
971 2256 1086 2294 erui
1138 2254 1279 2307 dupl.
1317 2268 1470 2307 poen.
1513 2268 1553 2293 e.
1595 2254 1720 2304 diu.‚

255 2312 411 2353 Lbinus
450 2312 603 2349 breui
645 2309 809 2361 dupL,
842 2311 1030 2351 Dauisius
1062 2313 1216 2350 rebus
1252 2310 1415 2363 dupl.,
1445 2309 1721 2350 Huelseman-

257 2381 333 2407 nus
366 2365 574 2406 sceleri
606 2366 772 2419 dupL,
815 2367 942 2407 Gzius
982 2370 1127 2407 cerni
1158 2367 1326 2421 dupl.,
1356 2366 1535 2407 Orellins
1566 2379 1720 2420 prop-

256 2429 408 2466 terea
431 2422 592 2475 dupL,
618 2424 809 2466 Mosei-us
841 2426 1050 2464 crimini
1081 2424 1241 2478 dupL,
1263 2425 1411 2464 Bakius
1435 2437 1557 2463 uere
1580 2421 1720 2474 dupl-

258 2482 375 2530 Quae
412 2482 548 2519 omnia
585 2493 729 2533 parum
771 2484 867 2521 suut
894 2481 1133 2532 probabilia.
1193 2483 1338 2532 Neque
1381 2493 1457 2531 ego
1499 2493 1604 2518 nunc
1643 2478 1720 2517 ad-

257 2537 423 2581 modum
452 2537 596 2588 probo,
629 2536 738 2588 quod
767 2538 809 2576 in
840 2551 977 2589 progr.
1014 2536 1134 2578 18-11.
1164 2552 1203 2591 p.
1237 2538 1297 2579 17.
1334 2538 1493 2576 conieci
1531 2534 1720 2587 quodque

257 2593 369 2636 idem
407 2593 643 2645 Zumptium
681 2595 912 2636 coniecisse
950 2594 1072 2634 uideo
1110 2596 1154 2634 in
1192 2595 1536 2646 interpretatione
1573 2605 1721 2632 uerna-

260 2649 352 2694 cula
390 2648 568 2691 uideri
608 2649 900 2702 duplicem,
937 2653 1184 2703 praesertim
1226 2664 1314 2690 cum
1356 2662 1450 2690 mox
1486 2662 1566 2689 non
1604 2661 1720 2688 con-

259 2710 372 2750 stet
403 2711 479 2755 et,
512 2705 620 2757 quod
648 2708 864 2758 Zumptius
896 2708 1111 2759 probauit,
1152 2708 1226 2746 sed
1264 2711 1475 2746 constat
1513 2711 1566 2744 et
1606 2705 1721 2745 codi-

264 2776 355 2803 cum
403 2764 647 2805 auctoritate
687 2765 964 2808 confirmetur.
1027 2764 1204 2804 Uidetur
1241 2776 1338 2804 uero
1386 2762 1581 2805 mendum
1629 2775 1720 2804 cum
