1781 3192
221 174 308 211 218
789 171 859 209 DE
893 170 1124 210 LEGIBUS

232 287 333 325 hoc:
367 282 540 334 „Titius
573 279 737 331 reliquit
767 281 1039 321 hereditatem
1083 281 1228 321 decem
1270 283 1324 321 Μ.
1367 297 1607 335 numorum,
1650 290 1693 323 ut

235 342 358 381 Caius
389 351 438 377 ex
469 336 540 375 illa
571 338 745 388 pecunia
775 350 848 375 sex
870 339 926 379 Μ.
957 338 1084 390 legati
1107 340 1272 377 nomine
1300 342 1524 391 acciperet.
1571 342 1692 380 Caius

234 392 518 436 tantummodo
561 394 709 431 sumsit
749 398 922 444 quatuor
958 395 1045 445 M.‚
1084 408 1137 432 ne
1179 396 1305 433 sacris
1339 395 1692 447 adstringeretur3

235 460 276 490 at
308 451 394 489 Caii
425 450 547 487 heres
580 449 765 487 Maeuius
795 450 870 488 hos
901 452 964 489 bis
996 450 1108 488 mille
1148 464 1336 489 nummos
1369 466 1390 489 a
1423 452 1522 490 Caio
1563 466 1693 504 quon-

234 509 326 546 dam
357 507 554 544 remissos
594 506 718 555 exigit
757 507 804 543 ab
835 506 1058 545 heredibus
1089 507 1190 545 Titii
1222 508 1354 557 iisque
1388 510 1539 546 exactis
1572 509 1695 547 habet

236 576 306 602 sex
348 562 408 600 M.
457 574 504 599 ex
542 566 686 599 uetere
727 560 797 599 illa
838 563 941 600 Titii
979 563 1226 602 hereditate.
1291 563 1399 614 Ergo
1438 563 1530 615 plus
1570 565 1696 603 habet

236 632 355 670 quam
387 617 535 668 reliqui
559 617 753 656 heredes.
807 618 946 669 ltaque
970 618 1080 656 solus
1103 621 1228 657 sacris
1254 619 1354 657 Titii
1376 618 1694 672 adstringitur“.

350 698 481 746 Quin
514 697 667 734 etiam
702 696 916 746 cauent]
995 696 1059 735 Ad
1110 695 1282 735 alterum
1331 695 1521 748 legatarii
1567 700 1694 737 sacris

234 753 437 793 liberandi
469 751 632 790 modum
667 750 790 790 alium
829 754 950 790 etiam
992 753 1099 791 hunc
1141 751 1365 791 Scaeuolae
1406 754 1695 804 adiunxerunt,

234 816 281 849 ut
320 822 395 861 per
433 821 503 846 aes
543 812 585 846 et
624 807 769 846 libram
810 806 901 860 (qui
941 808 1111 847 dominii
1153 809 1392 859 acquirendi
1431 810 1575 849 modus
1616 813 1696 850 ini-

235 868 355 905 batur
386 878 521 903 coram
553 871 745 915 praetore
778 864 974 903 adhibitis
1006 867 1185 916 quinque
1206 867 1383 903 testibus
1410 870 1451 903 et
1475 880 1554 905 uno
1577 866 1696 905 libri-

236 919 398 974 pende)
430 920 652 971 legatarius
683 919 858 971 legatam
887 922 1099 972 pecuniam
1133 921 1277 959 heredi
1311 923 1584 973 manciparet,
1617 925 1696 961 sibi

234 979 293 1028 id,
324 977 431 1029 quod
462 975 641 1027 legatum
675 982 801 1027 esset,
842 976 1059 1029 stipulans,
1128 978 1187 1015 lta
1228 991 1318 1016 cum
1359 977 1531 1016 eandem
1570 992 1697 1031 pecu-

235 1037 343 1073 niam
379 1035 587 1085 acciperet
618 1032 874 1085 stipulatam,
908 1046 989 1071 non
1021 1032 1217 1084 legatam,
1259 1039 1301 1072 et
1328 1033 1525 1073 heredem
1568 1039 1698 1074 testa-

236 1091 365 1129 menti
408 1089 532 1127 soluit
573 1093 616 1126 et
654 1091 744 1140 ipse
786 1091 913 1127 sacris
953 1089 1153 1128 liberatus
1192 1095 1268 1130 est.
1329 1090 1392 1130 Cf.
1425 1091 1459 1140 ᾗ.
1491 1090 1560 1131 53.
1628 1092 1697 1130 Sic

238 1151 354 1185 recte
374 1148 671 1196 interpretatus
694 1152 757 1184 est
777 1145 985 1196 wyttenb.
1010 1150 1052 1183 et
1075 1146 1253 1197 Sauigny
1274 1147 1479 1186 Zeitschr.
1504 1161 1540 1198 p.
1557 1146 1698 1187 378-

237 1201 333 1243 380.
393 1203 489 1241 Mox
520 1214 664 1252 quam
707 1205 824 1240 sine
864 1201 1145 1252 religione
1186 1215 1376 1254 capere
1411 1202 1581 1242 liceat
1618 1204 1697 1241 hoc

239 1264 327 1298 est:
370 1271 489 1309 quam
524 1270 671 1308 capere
700 1258 840 1307 liceat,
884 1259 979 1308 quin
1013 1259 1138 1296 sacris
1177 1257 1467 1309 adstringatur.
1538 1258 1697 1297 Deinde

236 1318 406 1367 propter
462 1312 678 1352 meliorum
735 1314 856 1353 codd.
912 1315 1198 1352 auctoritatem
1253 1327 1343 1352 cum
1392 1315 1537 1364 Steph.
1586 1316 1697 1356 Man.

235 1372 339 1409 Dan.
379 1371 505 1421 probo
542 1368 716 1421 leges,
755 1383 835 1408 non
875 1369 1073 1420 legem,
1113 1369 1220 1421 quod
1258 1383 1324 1409 me
1362 1372 1492 1410 inuito
1530 1372 1571 1410 in
1603 1384 1697 1410 ora-

236 1428 349 1465 tione
381 1425 551 1465 resedit.

351 1506 513 1549 XXI.
577 1504 611 1554 ᾗ.
645 1504 711 1545 52.
774 1503 968 1543 Ciuilis
1001 1504 1137 1543 enim
1169 1505 1306 1543 iuris
1333 1505 1436 1556 cet]
1495 1505 1695 1545 Nimirum

235 1562 449 1614 pontificio
481 1562 570 1598 iure
602 1574 718 1600 sacra
746 1575 834 1600 cum
868 1562 1040 1612 pecunia
1072 1564 1289 1600 coniuncta
1312 1569 1443 1612 erant,
1474 1561 1584 1601 nulla
1604 1562 1697 1614 lege

236 1617 366 1667 ciuili,
400 1630 503 1668 quae
533 1623 734 1669 perpetua
765 1622 922 1656 tantum
956 1630 1069 1655 sacra
1102 1630 1196 1655 esse
1227 1620 1361 1658 iussit.
1422 1619 1533 1657 Juris
1575 1621 1698 1670 igitur

236 1673 368 1712 ciuilis
400 1675 574 1711 scientia
605 1678 713 1721 (nam
748 1675 839 1711 hac
870 1675 1105 1711 scientia
1138 1680 1203 1711 est
1232 1674 1387 1712 huius
1419 1687 1475 1712 sc.
1503 1676 1602 1713 iuris
1635 1677 1697 1713 ci-

236 1729 332 1768 uilis
356 1730 603 1768 scientia.
636 1730 687 1769 cf.
714 1742 816 1780 quae
839 1729 921 1766 dixi
947 1725 1002 1767 Il.
1036 1729 1067 1779 ξ.
1088 1730 1148 1776 7.)
1183 1728 1352 1767 eludere
1375 1730 1566 1769 dicuntur
1585 1730 1696 1780 illa,

235 1798 339 1837 quae
379 1787 420 1822 in
460 1786 550 1822 iure
588 1788 798 1837 pontificio
834 1787 971 1837 posita
1007 1791 1136 1824 erant.
1197 1786 1349 1823 Merito
1389 1787 1513 1836 igitur
1548 1787 1696 1825 Bakius

236 1856 284 1881 ex
316 1841 436 1881 codd.
468 1843 651 1880 restituit
681 1841 774 1879 illa
811 1854 885 1892 pro
918 1854 964 1878 ea
997 1854 1099 1891 quae
1131 1855 1152 1879 a
1184 1841 1379 1880 'l'urnebo
1408 1842 1504 1880 inde
1535 1842 1698 1894 uulgata

236 1904 302 1937 est
335 1899 571 1936 coniectura
602 1898 909 1949 haudquaquam
932 1899 1167 1935 necessaria
1187 1897 1348 1937 illam.
1410 1898 1536 1936 Gzius
1558 1898 1696 1951 paullo

237 1959 333 1993 ante
364 1966 562 2005 peruerse
594 1956 773 1993 coniecit
809 1951 965 1992 nulla
994 1954 1314 2006 pontificum
1348 1957 1695 2006 auctoritate,

235 2009 380 2050 nulla
410 2010 539 2061 lege.

351 2077 426 2116 Ti.
459 2077 826 2128 Coruncanio]
886 2080 1021 2128 Aegre
1050 2091 1233 2116 caremus
1273 2081 1563 2130 praenomine,
1605 2092 1694 2118 cum

234 2138 277 2172 et
307 2133 574 2185 praecedenti
608 2135 763 2170 nomini
794 2135 849 2171 sit
878 2135 1149 2185 praemissum
1192 2147 1268 2172 nec
1302 2134 1382 2172 ulla
1414 2134 1558 2173 uocula
1589 2140 1694 2172 tam-

236 2202 354 2241 quam
394 2187 650 2227 celebritatis
682 2188 830 2239 index,
874 2193 917 2227 ut
956 2203 1029 2241 pro
1069 2190 1191 2227 Arch.
1234 2191 1273 2239 7,
1310 2190 1399 2240 16„
1437 2190 1694 2242 adiungatur.

233 2246 377 2297 ltaque
423 2257 700 2297 praenomen,
757 2244 865 2296 quod
906 2252 1002 2284 ante
1043 2251 1085 2284 et
1122 2245 1300 2284 Orellius
1342 2252 1386 2284 et
1421 2248 1694 2293 Krausiusrin

235 2314 373 2354 progr.
402 2315 441 2353 p.
471 2300 532 2341 10.
564 2301 950 2352 commendauerat,
981 2304 1128 2340 merito
1162 2315 1268 2341 nunc
1298 2302 1446 2341 Bakius
1479 2302 1621 2341 elicuit
1648 2315 1696 2342 ex

233 2357 386 2396 mendo
428 2358 501 2396 hii
541 2359 581 2395 in
624 2371 703 2395 uno
744 2357 832 2398 cod.
875 2359 905 2395 B
948 2364 1134 2408 seruato,
1185 2360 1224 2396 in
1266 2357 1434 2409 reliquis
1476 2361 1694 2399 exstincto.

234 2414 428 2452 Ceterum
473 2414 540 2452 Ti.
583 2414 861 2452 Coruncanius
900 2428 983 2454 cos,
1025 2428 1059 2455 a.
1100 2428 1140 2454 u.
1180 2413 1279 2455 474.
1314 2416 1471 2466 primus
1512 2428 1536 2454 e
1572 2414 1696 2468 plebe

233 2471 422 2522 pontifex
455 2472 653 2508 maximus
687 2475 790 2509 erat.
822 2471 912 2509 Liu.
940 2470 1051 2523 Epit.
1085 2470 1147 2511 18.
1180 2472 1412 2522 itemque
1453 2477 1517 2510 est
1556 2471 1694 2510 mendi

233 2526 482 2576 idemque
514 2528 714 2564 correctio
747 2528 980 2565 necessaria
1010 2532 1107 2579 post
1124 2527 1354 2566 Manutium
1378 2526 1557 2578 uulgata,
1602 2527 1694 2566 Non

234 2583 342 2620 enim
385 2583 563 2620 interest
603 2582 800 2633 delinire,
841 2582 949 2634 quod
981 2582 1209 2622 Scaeuolae
1241 2588 1284 2621 et
1314 2584 1572 2622 Coruncanio
1603 2582 1693 2635 pla-

198 2638 381 2698 4cuerit,
414 2638 524 2677 idem
555 2640 705 2676 ceteris
737 2638 944 2690 placuisse
977 2637 1082 2693 (illis
1107 2639 1203 2690 quid
1227 2638 1428 2691 placeret,
1461 2652 1513 2677 ne
1535 2639 1695 2678 dixerat

231 2690 447 2747 quidem);
480 2693 558 2732 sed
587 2695 667 2733 hoc
697 2699 981 2746 exspectatur,
1022 2697 1270 2734 sententiam
1308 2697 1562 2748 propositam
1603 2694 1692 2748 pla-

228 2750 366 2791 cuisse
397 2756 439 2789 et
469 2749 694 2789 Scaeuolae
726 2756 768 2789 et
799 2751 1055 2790 Coruncanio
1088 2756 1131 2791 et
1159 2751 1327 2791 ceteris.
