1781 3192
220 205 306 243 102
788 207 857 245 Di«)
890 208 1120 246 LEGfflUS

222 316 505 365 absoluebant,
540 316 836 356 condemnatus
870 319 986 357 est“.
1048 320 1121 357 Est
1154 321 1276 369 igitur
1301 318 1371 357 ille
1395 320 1593 360 ablatiuus
1619 325 1684 373 qui

221 379 390 410 uocatur
423 375 698 412 instrumenti.

336 440 413 476 uir
447 441 551 476 iste
583 439 689 478 fuit
720 438 817 478 ille
848 441 1077 491 quidem]
1141 442 1305 479 Errauit
1333 443 1371 479 in
1403 457 1446 482 re
1473 446 1686 482 notissima

219 494 431 544 Krausius,
465 498 529 545 qui
564 498 603 533 iu
636 497 772 534 Jalmii
806 498 910 534 Ann.
939 496 1060 537 1843.
1094 511 1130 548 p.
1156 496 1253 537 467.
1286 511 1359 548 pro
1392 501 1500 538 iste
1535 500 1685 538 Dauisii

219 551 491 588 coniecturam
527 552 648 590 Tite
682 553 1002 603 commendauit,
1046 555 1135 604 ipse
1174 566 1253 591 non
1294 553 1511 606 definiens,
1552 560 1684 593 utrum

219 619 309 643 cum
360 606 506 644 eodem
558 609 764 659 quidem
809 610 943 647 omitti
989 609 1091 647 uelit
1137 621 1280 647 necne.
1352 611 1404 648 At
1454 625 1542 650 cum
1590 610 1685 649 ille

220 661 427 700 hominem
462 664 541 701 iam
566 666 815 702 nominatum
842 664 975 702 denuo
1002 665 1155 703 attendi
1182 666 1337 714 iubeat,
1367 680 1443 705 nec.
1464 667 1683 718 quidem,

220 717 269 754 ad
326 717 432 768 quod
481 721 610 770 ipsum
663 721 976 759 sustentandum
1029 721 1194 759 additur
1238 734 1488 772 pronomen,
1535 723 1685 760 deesse

218 778 373 825 potest,
409 779 450 812 et
484 777 622 825 uagius
649 777 876 814 Antiochus
910 776 1085 828 simplici
1120 779 1221 815 uiri
1255 779 1420 816 nomine
1459 778 1682 830 apellat'ur3

219 831 438 867 monstrari
479 844 568 868 eum
604 835 784 884 opotluit
816 837 1018 884 tamquam
1055 847 1161 884 eum,
1195 833 1245 871 de
1278 847 1354 884 quo
1390 830 1557 873 Atticus
1589 839 1685 872 tunc

218 887 350 937 ipsum
399 885 584 927 dixisset.
656 889 731 926 Uel
784 902 1008 940 pronomen
1060 890 1137 928 hoc
1177 891 1215 928 in
1259 903 1411 940 genere
1462 889 1683 942 superaddi

217 943 447 993 pronomini
488 948 626 982 notum
670 949 747 982 est.
821 945 886 982 cf.
932 946 1016 983 Cic.
1058 945 1109 983 de
1151 947 1242 984 Fin.
1286 946 1362 996 lV,
1411 946 1474 988 16.
1517 946 1585 987 43.
1633 946 1683 983 hi

219 1004 386 1036 autem
419 1006 624 1050 ponunt
652 1000 738 1039 illi
773 1000 979 1051 quidem
1013 1003 1177 1052 prima
1210 1007 1452 1051 naturae3
1493 1009 1535 1041 et
1581 1015 1685 1054 quae

219 1054 360 1093 Madu.
402 1054 443 1092 h.
476 1055 500 1093 l⁴
546 1055 772 1108 disputauit
805 1071 844 1108 p.
879 1057 976 1097 552.
1022 1071 1067 1094 ac
1107 1058 1233 1108 Seyff.
1275 1058 1323 1095 ad
1356 1058 1470 1097 Lael.
1511 1072 1553 1110 p.
1591 1058 1683 1098 125.

219 1111 305 1148 Nec
344 1111 449 1161 sugit
488 1112 530 1150 id
572 1114 734 1164 quidem
777 1114 1014 1161 Krausium;
1064 1114 1139 1151 sed
1187 1116 1429 1164 pronomina
1479 1114 1683 1152 stcundae

220 1171 262 1204 et
299 1168 448 1204 tertiae
490 1181 693 1220 personae
728 1171 831 1207 iste
875 1174 915 1207 et
955 1167 1051 1207 illc
1092 1172 1259 1220 negauit
1310 1176 1424 1208 recte
1475 1171 1680 1220 coniungi,

220 1224 335 1273 quasi
378 1235 477 1261 uero
519 1238 745 1276 pronomen
793 1230 904 1263 esset
942 1238 1144 1276 personae
1177 1226 1398 1263 secundae.
1473 1225 1683 1275 Quemad-

220 1279 385 1317 modum
419 1280 501 1318 hic
529 1280 629 1334 (der
659 1280 774 1335 hier)
807 1294 891 1319 rem
923 1281 1111 1332 loquenti
1141 1286 1308 1333 propius
1332 1282 1554 1330 admotam,
1590 1281 1683 1320 ille

220 1334 321 1389 (der
360 1334 477 1389 dort)
519 1350 604 1375 rem
648 1337 809 1389 longius
851 1339 898 1375 ab
939 1351 987 1375 eo
1029 1344 1225 1376 remotam
1268 1338 1442 1377 indicat:
1483 1339 1542 1376 sic
1582 1339 1683 1376 iste

218 1392 318 1445 (der
349 1388 423 1443 da)
456 1393 545 1430 sine
575 1392 654 1431 ulla
687 1407 763 1432 nec
791 1395 959 1444 propius
991 1396 1049 1431 rei
1083 1395 1272 1432 admotae
1313 1407 1389 1431 nec
1422 1395 1581 1445 longius
1616 1409 1682 1432 re-

220 1451 355 1485 motae
387 1448 689 1497 significatione
730 1449 900 1487 alacrius
942 1449 981 1487 id
1028 1450 1206 1499 indicat,
1246 1449 1352 1500 quod
1392 1456 1594 1501 tamquam
1637 1464 1684 1489 ex

219 1503 393 1541 aduerso
429 1506 607 1555 positum
651 1510 720 1544 aut
761 1505 887 1543 mulis
918 1510 987 1544 aut
1018 1508 1153 1544 animo
1184 1507 1426 1544 intucamur.
1486 1507 1592 1544 Ilinc
1626 1509 1684 1557 fit,

220 1568 279 1609 ul,
322 1561 398 1597 etsi
438 1560 682 1612 plerumque
726 1562 777 1599 de
810 1563 857 1599 iis
889 1564 1010 1600 rebus
1045 1567 1278 1614 usurpetur,
1326 1576 1428 1613 quae
1460 1563 1681 1601 secundam

217 1629 431 1667 personam
467 1618 767 1668 quodammodo
803 1620 1022 1669 attingant,
1059 1632 1135 1657 nec
1169 1624 1302 1657 tamen
1336 1620 1468 1670 ipsum
1503 1620 1557 1657 sit
1588 1633 1683 1671 pro-

218 1686 364 1711 nomen
397 1686 599 1724 personae
632 1675 837 1713 secundae
872 1675 941 1723 (de
968 1676 1069 1726 Leg.
1104 1675 1132 1725 Ι,
1170 1676 1206 1715 1.
1239 1674 1277 1715 4.
1308 1674 1554 1714 nonnulli
1588 1678 1683 1714 isti

220 1743 263 1767 sc
324 1743 424 1780 quos
472 1731 588 1771 dicis,
634 1733 746 1769 Brut.
789 1730 857 1781 33,
906 1732 1000 1772 125.
1041 1739 1202 1781 atque
1243 1733 1400 1769 istum
1457 1744 1515 1770 sc.
1564 1745 1681 1782 quem

219 1786 336 1835 (licis,
379 1785 436 1823 (lc
469 1788 866 1840 superioribus.
907 1801 983 1839 pro
1025 1788 1135 1826 Sest.
1178 1786 1248 1838 45,
1289 1786 1358 1827 97.
1400 1789 1517 1837 quis
1560 1801 1683 1838 ergo

220 1847 300 1879 est
331 1845 437 1879 iste
465 1847 693 1895 optimus
729 1842 1047 1897 quisqiie'*)‚
1087 1848 1224 1882 tamen
1269 1843 1319 1881 ad
1363 1855 1430 1880 eas
1460 1844 1581 1881 etiam
1618 1856 1683 1881 res

218 1899 517 1949 transferatur,
560 1914 661 1951 quae
702 1913 821 1950 eum,
869 1914 988 1951 quem
1029 1899 1296 1951 alloquimur,
1338 1898 1440 1936 nihil
1482 1901 1686 1950 attingant.

220 1960 261 1992 et
300 1968 398 2005 quas
438 1957 528 1993 sine
571 1956 652 1994 ulla
688 1958 810 2008 spatii
849 1957 1149 2008 significatione
1191 1961 1393 2006 tamquam
1441 1960 1681 2007 praesentes

219 2017 260 2049 et
291 2012 364 2048 sub
398 2011 538 2049 oculos
570 2015 725 2065 positas
757 2012 941 2051 indicare
970 2013 1158 2050 uelimus·
1221 2012 1308 2050 Cic.
1341 2025 1413 2063 pro
1450 2012 1571 2051 Rosc.
1596 2013 1681 2049 Am.

223 2069 258 2116 ’1,
303 2067 344 2107 2.
389 2068 582 2118 siquis
622 2072 841 2107 istorum
884 2069 1136 2117 dixisset,
1188 2080 1314 2118 quos
1352 2067 1554 2105 uidetis
1597 2067 1680 2104 ad-

218 2135 347 2161 esse.
423 2123 509 2160 cic.
561 2124 613 2161 de
656 2125 726 2161 Or.
769 2120 835 2173 II,
876 2123 942 2163 56.
987 2122 1083 2162 228.
1136 2122 1267 2173 quod
1316 2124 1405 2160 isti
1455 2125 1684 2173 contigit

219 2180 304 2216 uni
337 2191 393 2216 sc.
428 2178 576 2216 Crasso
608 2181 835 2230 praesenti.
887 2179 1008 2217 Yerr.
1047 2175 1100 2228 H,
1136 2179 1202 2218 71.
1244 2178 1333 2219 175.
1368 2180 1500 2216 istos
1533 2181 1683 2231 ipsos

218 2236 492 2286 principes
535 2236 812 2285 equestris
854 2235 1060 2272 ordinis
1104 2250 1162 2273 sc.
1204 2234 1444 2286 publicanos
1482 2249 1682 2287 praescn-

219 2297 306 2339 tes3
341 2292 522 2340 itemque
554 2293 744 2329 continuo
777 2292 966 2340 istius,
1001 2294 1086 2341 qui
1114 2292 1278 2341 legem
1303 2305 1440 2343 prom
1457 2291 1680 2341 uulgauit,

219 2348 311 2397 quia
345 2351 386 2384 et
416 2348 545 2398 ipsum
581 2353 840 2397 praesentem
876 2347 993 2385 uidit.
1055 2348 1234 2385 'i‘cmere
1266 2360 1491 2398 pronomen
1519 2347 1680 2397 quidam

220 2402 504 2442 sollicitarunt.
569 2406 698 2453 Atque
730 2405 824 2441 hinc
857 2408 935 2453 est,
970 2403 1074 2454 quod
1110 2416 1253 2451 reus,
1288 2404 1450 2441 etiamsi
1491 2416 1570 2441 non
1610 2416 1683 2455 ap-

219 2459 414 2511 pelletur,
446 2461 688 2510 pronomine
721 2461 823 2497 istc
855 2461 1072 2497 monstrari
1107 2459 1215 2497 solet
1254 2456 1365 2513 (Cic.
1414 2460 1531 2499 Verr.
1573 2456 1607 2509 I,
1640 2459 1680 2500 6.

223 2516 286 2556 16.
321 2516 370 2565 ΙΙ,
407 2516 476 2557 51.
515 2516 612 2556 227.
664 2520 706 2553 et
757 2514 860 2555 locis
914 2513 1158 2570 sexcentis).
1227 2515 1349 2553 Unde
1387 2516 1573 2568 prosecta
1618 2521 1681 2552 est

219 2575 449 2612 contemtus
492 2573 760 2622 significatio,
802 2586 904 2624 quae
946 2573 1201 2625 pronominis
1244 2571 1551 2622 haudquaquam
1593 2572 1680 2622 ipsa

218 2631 255 2667 ui
290 2641 359 2666 sua
390 2630 555 2680 propria
589 2633 667 2667 est.

316 2750 346 2789 Ἴ
378 2750 532 2792 respexit
571 2749 736 2784 nimirum
776 2751 875 2783 illud.
914 2752 1005 2793 quod
1044 2750 1285 2784 aduersarius.
1328 2760 1479 2792 quocum
1511 2750 1576 2792 ipsi
1605 2760 1680 2781 rer-

221 2800 342 2829 tamen
372 2801 461 2829 crat.
492 2797 533 2829 (le
564 2797 706 2829 natione
730 2796 956 2839 optimatium
984 2796 1130 2830 dixerat.
