1781 3192
458 183 615 222 [ABER
648 182 907 222 ΤΕΙὶΊΊΠδ.
959 184 1060 222 ΟΜ).
1095 183 1181 222 ΧΧ.
1459 182 1550 222 327

85 299 250 337 comitia
290 302 376 335 rata
410 308 505 334 esse
544 295 669 346 dicit,
709 297 853 346 quibus
894 295 1152 347 priuilegium
1192 298 1413 346 irrogetur.
1482 296 1550 334 ln-

85 354 239 406 telligit
271 358 402 391 autem
437 352 588 403 legem,
622 364 739 403 quam
772 352 942 390 Clodius
976 353 1086 401 tulit,
1117 357 1159 390 ut
1191 354 1257 403 qui
1289 354 1419 390 ciuem
1441 365 1544 391 rom.

85 411 364 450 indemnatum
398 411 694 458 interemisset,
728 410 763 445 ei
798 423 897 459 aqua
922 414 965 447 et
991 411 1073 459 igni
1098 409 1439 457 interdiceretur3
1472 422 1549 459 qua

85 467 196 519 lege,
233 469 310 505 etsi
343 479 422 503 non
456 467 761 514 nominabatur,
806 471 940 504 tamen
976 466 1089 504 solus
1133 467 1277 504 Cicero
1315 467 1546 517 petebatur.

86 525 149 565 Cf.
182 523 321 562 Halm.
355 535 427 573 pro
459 526 568 561 Sest.
606 522 671 571 10,
704 521 773 561 24.

201 585 250 617 et
283 578 450 628 uobis]
492 580 558 616 siv
584 579 691 616 Uict.
716 579 860 629 ιἱίυμῐι.
886 579 998 617 Man.
1022 578 1193 626 llakius3
1218 577 1362 629 reliqui
1385 580 1549 619 nobis.

201 634 511 673 Clarissimi
547 635 671 685 uiri]
734 636 831 672 Cum
859 636 902 674 L.
930 634 1130 672 Lentulus
1155 648 1240 672 cos.
1275 636 1325 672 de
1348 636 1552 673 Cicerone

87 692 318 731 reuocando
367 691 417 728 ad
467 697 653 729 senatum
698 691 913 729 retulisset
954 697 996 729 et
1035 692 1077 730 L.
1118 692 1238 729 Cotta
1279 691 1546 739 Ciceronem,

85 751 153 800 qui
185 747 296 786 nulla
326 747 419 797 lege
452 749 631 797 abesset,
671 753 835 785 senatus
867 749 1110 786 auctoritate
1139 750 1324 785 reuocari
1355 754 1548 799 oportere

84 805 289 854 dixisset,
337 805 556 855 Pompeius
605 806 799 853 censuit,
856 810 899 842 ut
951 804 1000 842 ad
1045 810 1212 841 senatus
1259 805 1546 842 auctoritatem

84 860 224 913 populi
258 873 416 912 quoque
446 874 546 898 rom.
583 862 824 898 beneficium
851 873 946 911 erga
970 874 1059 898 eum
1095 860 1402 911 adiungeretur,
1434 862 1545 898 eius-

84 931 164 969 que
213 918 420 955 sententia
471 918 661 956 obtinuit.
735 918 800 955 Cs.
847 931 920 968 pro
971 917 1081 955 Sest.
1133 917 1202 966 12,
1251 915 1319 956 74.
1386 916 1547 955 Deinde

81 974 328 1013 latrones
367 976 568 1012 correctio
610 974 842 1011 necessaria
885 980 963 1012 est.
1023 972 1181 1011 Eodem
1225 974 1390 1011 nomine
1433 974 1546 1011 Cati-

82 1030 191 1069 linae
223 1033 358 1069 socios
391 1029 570 1080 appellat
601 1043 673 1080 pro
709 1031 819 1067 sest.
849 1030 884 1079 1,
919 1031 958 1069 2.
1021 1030 1124 1067 'rum
1152 1031 1383 1068 sciuisse
1409 1029 1545 1068 dice-

82 1092 206 1126 rent
247 1088 399 1127 omisso
439 1090 680 1137 pronomine
723 1091 839 1124 recte
880 1087 1030 1124 Bakius
1076 1091 1117 1122 et
1158 1091 1254 1123 ante
1286 1086 1546 1137 Stephanus;

82 1143 229 1194 reliqui
264 1144 493 1183 sciuisse
526 1157 577 1180 se
610 1143 864 1180 dicerent
896 1143 960 1180 Cl'.
996 1142 1058 1180 lll.
1092 1142 1125 1190 ᾗ.
1151 1141 1217 1181 43.
1282 1142 1465 1192 Denique
1498 1154 1546 1179 ex

83 1201 175 1239 cod.
216 1203 334 1248 Pan,
377 1200 438 1236 cui
478 1201 751 1249 sull'ragantur
783 1207 817 1247 γ
848 1198 927 1237 Gd.
967 1201 1002 1237 1.
1048 1197 1121 1247 10,
1165 1198 1354 1235 Dauisius
1403 1200 1545 1249 inepte

82 1263 266 1295 cuncta
300 1254 466 1293 ltalia.

195 1314 322 1357 xx.
386 1310 420 1360 ξ.
453 1309 520 1351 46.
582 1310 852 1360 Sequitur]
914 1311 1026 1348 Haec
1057 1309 1194 1347 mendi
1227 1309 1410 1361 sequid
1452 1324 1544 1348 cor-

80 1370 239 1418 rectio,
282 1370 359 1405 iam
399 1368 439 1404 in
481 1366 598 1405 codd.
640 1367 795 1416 aliquot
833 1371 1012 1416 tentata,
1056 1368 1143 1404 iure
1186 1367 1313 1417 Gzio,
1352 1368 1545 1416 Mose-ro,

83 1423 268 1475 Orellio,
310 1422 433 1460 Bakio
472 1422 634 1474 placuit.
707 1423 783 1459 Est
826 1424 932 1460 enim
974 1436 1051 1460 una
1092 1422 1288 1473 quaedam
1332 1421 1423 1473 lex,
1465 1436 1544 1461 non

82 1479 238 1533 plures,
272 1492 348 1517 nec
379 1483 532 1530 potest,
572 1478 914 1530 quemadmodum
951 1480 1267 1530 wyttenbachio
1301 1481 1429 1517 uisum
1465 1486 1544 1528 est,

82 1538 147 1588 qui
180 1535 321 1588 legis
363 1536 623 1574 retinendum
664 1537 882 1585 censebat,
928 1535 1096 1587 pluralis
1138 1536 1188 1573 ad
1229 1535 1408 1586 singulas
1455 1538 1541 1574 eius

80 1592 188 1644 legis
236 1597 377 1645 partes
433 1594 604 1642 referri,
656 1597 699 1630 ut
739 1594 946 1630 sententia
989 1593 1090 1630 haec
1132 1594 1208 1630 sit:
1251 1598 1546 1643 sequuntur

79 1650 177 1688 hae
220 1654 409 1701 partes
451 1647 609 1700 legis,
653 1662 781 1699 quae
826 1655 947 1686 sunt
988 1649 1048 1686 de
1089 1649 1260 1698 captis
1292 1651 1543 1700 pecuniis

82 1710 134 1744 et
163 1705 223 1744 de
256 1705 464 1744 ambitu.
534 1706 590 1743 Ac
630 1709 765 1742 tamen
807 1705 916 1744 Uict.
958 1705 1091 1742 Gebli.
1132 1705 1258 1754 Ern.,
1297 1706 1366 1756 qui
1405 1704 1543 1756 legis

80 1766 329 1811 tenuerunt,
365 1765 406 1799 et
437 1762 513 1812 ipsi
545 1760 742 1813 pluralem
780 1763 1028 1799 asciuerunt.
1091 1762 1219 1810 Quem
1264 1764 1330 1812 qui
1369 1774 1544 1814 recepe-

82 1822 192 1868 runt,
223 1820 251 1856 ii
283 1819 437 1855 rectius
469 1820 658 1869 profecto
692 1817 843 1855 deinde
875 1820 1170 1856 correctionem
1202 1816 1347 1869 leges
1385 1820 1544 1856 asciue-

79 1880 191 1925 runt,
223 1879 268 1913 ut
298 1874 476 1923 Lbinus,
510 1876 574 1925 qui
608 1872 728 1912 simul
761 1878 810 1911 et
840 1880 935 1925 post
962 1876 1205 1926 pecuniis
1238 1876 1403 1923 omisit,
1444 1875 1542 1914 Dau.

79 1930 225 1982 Wagn.
261 1931 384 1970 Goer.
417 1930 522 1970 Mos.
558 1932 625 1971 Or.
689 1930 771 1968 Sed
804 1932 975 1981 probata
1007 1932 1264 1969 correctione
1294 1932 1546 1981 sequitur

82 1992 152 2026 aut
182 1986 348 2037 legis,
382 1985 423 2023 id
456 1985 562 2036 quod
594 1992 688 2038 post
720 1987 866 2024 Gzium
902 1992 944 2025 et
972 1987 1144 2037 reliquis
1185 1986 1342 2039 placuit
1372 1991 1414 2025 et
1446 1987 1542 2024 milii

80 2045 160 2095 ipsi
203 2042 299 2081 olim
344 2041 554 2093 placebat,
608 2041 894 2094 expellendum
937 2049 1022 2094 est,
1066 2049 1155 2093 aut,
1206 2043 1249 2081 id
1289 2043 1395 2094 quod
1435 2057 1543 2081 nune

80 2100 209 2149 magis
241 2099 394 2150 probo,
427 2097 498 2135 illo
531 2106 695 2137 seruato
736 2101 862 2136 uerba
900 2101 1007 2138 hunc
1049 2102 1088 2138 in
1131 2099 1294 2138 modum
1334 2101 1543 2151 interpre-

81 2154 204 2192 tanda
236 2166 412 2192 censeo:
444 2154 696 2204 „dicendum
733 2153 883 2192 deinde
915 2161 980 2193 est
1017 2156 1067 2194 de
1109 2157 1237 2206 eap'tis
1277 2158 1462 2206 pecuniis
1503 2161 1544 2193 et

81 2211 133 2248 de
162 2212 330 2259 ambitu,
363 2209 414 2247 de
447 2211 591 2261 quibus
624 2213 745 2248 rebus
779 2210 843 2248 lex
872 2213 1059 2262 sancw‘,
1092 2218 1135 2250 ut
1158 2225 1238 2249 non
1256 2213 1384 2263 ipsam
1406 2211 1541 2263 legem

81 2268 197 2316 sequi
240 2265 423 2315 indicet,
467 2266 540 2303 sed
574 2280 636 2316 ea,
670 2279 771 2318 quae
794 2267 888 2318 lege
911 2271 1212 2309 contineantun
1272 2270 1422 2307 Mirum
1445 2282 1542 2306 sane

82 2327 147 2360 est
177 2323 224 2359 ab
258 2323 489 2373 interprete
516 2321 682 2373 legis,
714 2336 795 2361 non
827 2323 974 2374 leges
1020 2338 1110 2363 esse
1149 2327 1431 2376 suppositum,
1475 2330 1542 2362 aut

79 2378 160 2416 hoc
197 2379 231 2416 si
275 2379 530 2429 suppositum
563 2378 666 2429 fuit,
709 2384 905 2417 mutatum
944 2382 984 2418 in
1023 2380 1124 2418 illud
1153 2395 1257 2421 esse.
1320 2381 1466 2432 Steph.
1500 2386 1543 2418 et

80 2434 195 2473 Man.
237 2435 326 2472 sine
369 2433 516 2472 codd.:
565 2434 626 2472 de
663 2436 740 2485 ui,
794 2435 858 2473 de
897 2439 1064 2488 captis
1105 2442 1219 2486 cet.;
1272 2435 1543 2488 similiterque

80 2490 223 2543 Steph.
259 2495 301 2528 et
331 2489 485 2528 Lbinus
519 2490 552 2540 ξ.
588 2490 654 2531 11.
684 2493 724 2529 ἰῃ
756 2493 846 2543 ipsa
887 2491 1001 2543 lege:
1044 2495 1139 2532 uim
1182 2506 1242 2531 ne
1282 2494 1541 2542 faciunto,

82 2547 267 2585 donum
311 2551 390 2584 cet.
454 2547 624 2585 Causam
658 2548 778 2585 huius
811 2548 1085 2599 supplementi
1117 2551 1242 2588 uerba
1271 2549 1403 2588 fuisse
1428 2555 1544 2602 patet

80 2602 276 2655 deinceps
307 2604 438 2654 posita
471 2604 548 2641 uis
581 2606 787 2656 capite,
818 2604 870 2641 de
901 2607 1044 2655 quibus
1075 2619 1168 2644 mox
1200 2606 1442 2647 uidebimus.

192 2661 331 2710 Quae
363 2660 625 2711 quoniam]
685 2661 827 2698 Genus
859 2669 1049 2700 neutrum
1082 2664 1336 2714 pronominis
1359 2662 1541 2700 refertur

82 2713 133 2752 ad
171 2720 240 2754 ‘res
281 2721 423 2755 contra
454 2715 585 2767 legem
620 2718 873 2767 commissaS‚
903 2731 982 2756 non
1015 2719 1066 2757 ad
1105 2719 1236 2769 leges.
1295 2720 1541 2757 Necessaria

79 2772 207 2823 igitur
243 2777 308 2812 est
348 2774 549 2826 scriptura
591 2773 713 2813 codd.
755 2773 858 2814 dett.
899 2775 1206 2816 sancienda.
1264 2775 1428 2814 Deinde
1465 2789 1538 2828 pro
