1781 3192
257 177 345 216 186
823 181 894 220 DE
926 183 1156 225 LEGlBUS

270 293 421 332 nobis
464 295 674 330 nostras
716 306 778 331 ne
819 293 1103 336 ademeris.
1175 298 1273 336 Nam
1318 304 1359 338 et
1398 303 1491 340 urbs
1533 309 1574 342 et
1611 303 1726 358 leges

271 349 581 388 Atheniensium
610 348 784 388 Atticum
817 349 967 401 solum,
1000 365 1080 390 non
1102 352 1224 392 simul
1247 355 1429 394 Marcum
1453 360 1726 410 attingebant.

387 407 603 454 augusta
634 403 734 444 illa
773 410 1031 457 mysteria
1070 411 1098 448 i.
1139 423 1176 449 e.
1218 409 1440 453 Eleusinia.
1500 415 1730 466 Augusta

289 484 433 524 graece
457 455 648 518 σεμνά)
682 485 728 510 ea
762 476 915 525 uocari,
947 478 1040 527 quia
1063 476 1280 517 humanam
1304 478 1580 520 conditionem
1603 495 1729 534 supe-

266 532 361 567 rent
392 533 435 566 et
466 527 516 566 ad
547 527 727 567 diuinam
760 543 889 583 prope
920 532 1117 572 accedant
1138 536 1451 585 praestantiam,
1481 550 1579 576 uere
1600 539 1727 590 wytt.

268 584 574 624 animaduertit.
1659 620 1662 624 .

383 643 534 680 bonis
566 640 873 694 firmisque]
935 644 1015 683 Pro
1039 646 1187 683 bonis
1222 645 1508 699 firmisque
1540 650 1728 696 (sirmis

267 700 347 736 iam
380 699 576 737 Ernestio
606 697 894 750 displicuerat)
925 701 1114 740 Mosei-us
1147 703 1322 741 coniecit
1354 704 1486 743 bene
1517 706 1728 745 firman-

269 754 376 805 dis,
408 753 515 806 quod
546 754 694 793 Bakius
727 757 783 795 ita
806 758 1021 808 probauit,
1055 763 1098 796 ut
1120 763 1256 796 tamen
1275 772 1350 810 pro
1376 759 1571 800 aduerbio
1596 763 1728 801 bene

266 813 311 849 in
341 811 545 850 adiectiuo
579 812 726 851 bonis
759 812 869 852 aliud
899 816 1159 866 participium
1198 813 1330 853 latere
1369 816 1543 857 diceret.
1605 817 1727 857 Orel-

262 866 343 906 lius
389 869 568 907 coniecit
597 869 748 908 bonis
781 871 1046 922 sanisque,
1069 871 1263 909 Krausius
1285 870 1314 910 l.
1338 870 1365 910 l.
1389 886 1429 924 p.
1452 872 1548 915 470.
1575 875 1726 913 bonis

263 923 585 975 liberisque.
646 926 697 964 At
728 927 919 966 firmus
955 941 978 966 a
1016 925 1253 966 ualetudine
1292 928 1470 967 hominis
1509 930 1578 978 (ad
1608 931 1725 970 Fam.

263 981 373 1033 XVI,
401 981 440 1023 8.
474 981 512 1022 2.
557 981 750 1033 effice,
791 988 843 1022 ut
882 983 1070 1023 firmus
1109 997 1164 1021 ac
1208 982 1394 1024 ualens
1435 999 1579 1037 quam
1619 988 1726 1038 pri-

265 1051 392 1078 mum
435 1037 496 1077 ad
532 1051 624 1076 nos
667 1042 866 1088 uenias)
907 1045 1023 1079 recte
1063 1039 1313 1079 transfertur
1352 1041 1403 1080 ad
1446 1042 1724 1082 ualetudinem

262 1095 420 1148 populi.
463 1094 529 1133 Cf.
570 1094 653 1135 Cic.
695 1096 747 1135 de
782 1097 889 1150 Rep.
929 1097 968 1148 l,
1008 1095 1077 1137 32.
1125 1097 1381 1136 concordi
1427 1098 1625 1151 populo
1672 1106 1725 1138 et

264 1154 435 1191 omnia
467 1151 743 1193 referente
776 1153 835 1193 ad
867 1151 1292 1192 incolumitatem
1323 1158 1375 1192 et
1410 1154 1723 1194 libertatem

262 1221 399 1247 suam
431 1206 572 1246 nihil
603 1220 720 1249 esse
749 1208 1141 1259 immutabilius,
1174 1208 1310 1248 nihil
1333 1209 1554 1249 firmius.
1617 1211 1724 1250 Sunt

261 1266 387 1316 igitur
423 1266 545 1304 boni
583 1265 834 1319 firmique
870 1267 1012 1319 populi
1052 1267 1104 1315 ii,
1144 1268 1210 1316 qui
1245 1267 1362 1305 bonis
1404 1269 1584 1306 moribus
1628 1273 1724 1306 sunt

257 1334 336 1360 nec
373 1323 451 1360 iam
490 1334 647 1360 morum
689 1325 894 1374 prauitate
934 1320 1128 1361 uacillant
1166 1327 1209 1361 et
1249 1325 1290 1361 in
1325 1325 1551 1375 perniciem
1583 1330 1721 1364 ruunt.

258 1378 495 1417 Infirmis
528 1378 692 1429 quidem
725 1384 767 1418 et
795 1379 971 1431 perditis
1002 1377 1117 1428 leges
1148 1378 1254 1417 nihil
1284 1380 1447 1418 omnino
1476 1386 1661 1432 prosunt.

376 1434 410 1484 ᾧ.
448 1432 518 1475 36.
587 1436 694 1487 ipsi
743 1434 971 1485 initiati]
1042 1433 1266 1473 Eleusiniis
1315 1448 1397 1473 non
1442 1438 1719 1476 Athenienses

260 1489 417 1541 solum,
458 1489 533 1529 sed
574 1496 736 1531 exteros
777 1504 940 1544 quoque
973 1491 1157 1529 initiatos
1197 1504 1290 1530 esse
1322 1497 1495 1533 constat.
1540 1493 1602 1533 Cf.
1632 1493 1719 1535 cic.

258 1546 311 1586 de
340 1548 435 1586 Nat.
467 1547 593 1586 Deor.
625 1548 657 1600 1,
689 1547 756 1589 42.
793 1547 889 1589 119.
921 1548 1032 1587 Suet.
1064 1550 1166 1598 Aug.
1199 1546 1269 1589 93.

374 1616 469 1655 ego
512 1616 638 1644 uero
680 1604 952 1658 excipiam]
1024 1603 1111 1642 Lex
1159 1605 1248 1657 ipsa
1290 1603 1378 1643 sola
1424 1605 1562 1643 Bonae
1605 1604 1717 1644 Deae

259 1661 459 1699 sacrificia
496 1665 695 1701 nocturna
726 1666 1003 1701 concesserat.
1064 1660 1149 1698 Sed
1188 1663 1281 1712 quia
1311 1663 1472 1700 Atticus
1505 1660 1716 1700 Eleusinia

257 1729 417 1768 quoque
446 1719 578 1770 excipi
609 1717 739 1757 uoluit
770 1717 1002 1772 (excipis
1035 1716 1195 1755 credo
1227 1716 1322 1756 illa
1364 1715 1496 1770 cet.),
1540 1729 1586 1755 ea
1627 1719 1716 1769 ipsa

252 1778 427 1827 propter
464 1775 679 1814 mirificam
720 1787 859 1813 eorum
901 1774 1194 1826 praestantiam
1233 1787 1277 1811 se
1319 1779 1581 1825 excepturum
1622 1786 1715 1811 esse

255 1831 327 1880 ait,
359 1843 406 1869 ea
434 1834 572 1869 tamen
606 1831 806 1881 indicans,
839 1843 942 1881 quae
971 1831 1012 1867 in
1045 1830 1172 1867 sacris
1205 1830 1416 1868 nocturnis
1447 1830 1540 1881 lege
1574 1831 1713 1867 uetitis

256 1887 334 1925 sibi
374 1885 624 1938 displiceant
666 1892 708 1926 et
745 1886 844 1939 quid
886 1885 956 1924 illa
996 1884 1166 1924 licentia
1206 1887 1363 1925 Romae
1413 1885 1507 1924 data
1543 1884 1713 1924 Clodius

254 1948 418 1982 acturus
460 1943 604 1995 fuerit,
645 1957 858 1996 quaerens.
929 1944 1017 1992 Quo
1057 1942 1167 1981 facto
1206 1944 1368 1982 Atticus
1416 1943 1596 1994 acceptis
1636 1944 1712 1991 eis,

254 2012 359 2050 quae
398 2000 560 2040 Marcus
599 2004 883 2049 concesserat,
935 2003 1133 2037 nocturna
1172 2001 1369 2038 sacrificia
1407 1998 1497 2037 tolli
1540 1999 1713 2049 Romae,
1779 2029 1781 2035 .

259 2057 415 2094 seruari
445 2057 620 2096 Athenis
649 2059 778 2096 iubet.
840 2056 960 2093 Errat
990 2056 1114 2105 igitur
1144 2056 1311 2106 Bakius,
1355 2057 1421 2107 qui
1450 2054 1663 2094 Eleusinia
1690 2068 1712 2092 a

253 2111 455 2150 Cicerone
488 2111 577 2151 tolli
611 2125 659 2151 ex
689 2113 755 2150 his
787 2112 912 2150 Attici
942 2112 1079 2149 uerbis
1112 2110 1275 2152 elucere
1307 2112 1408 2151 dixit
1438 2117 1480 2150 et
1510 2112 1712 2151 excidisse

251 2167 450 2219 quaedam
493 2170 722 2220 suspicatus
765 2169 897 2207 estin
939 2167 1048 2206 hunc
1086 2168 1176 2206 fere
1215 2168 1406 2207 modum:
1451 2181 1546 2220 ego
1583 2180 1710 2206 uero

251 2225 513 2276 excipiam
560 2225 841 2263 nocturnis
898 2222 1138 2264 sublatis.
1217 2225 1330 2274 Quae
1380 2229 1465 2262 tum
1516 2224 1709 2274 tandem,

252 2291 427 2331 quaeso,
477 2283 663 2332 exceptio
715 2279 807 2319 est!
868 2280 979 2318 Uere
1025 2281 1127 2319 haec
1179 2282 1257 2319 iam
1306 2283 1568 2333 interpretati
1613 2286 1710 2319 sunt

252 2337 380 2375 Gzius
413 2341 455 2376 et
481 2337 687 2387 Moserus,
726 2351 817 2376 cum
852 2337 1132 2388 interrogandi
1166 2339 1284 2389 signo
1316 2342 1412 2390 post
1451 2339 1706 2389 excipiam

246 2395 382 2444 posito
414 2395 462 2432 ab
494 2394 706 2444 Ernestio,
741 2393 991 2432 exclamandi
1025 2408 1042 2431 a
1066 2394 1286 2445 VVagnero,
1319 2394 1392 2433 ille
1424 2394 1603 2445 negandi
1626 2396 1708 2433 uim
1760 2432 1761 2436 ,

248 2451 385 2488 uerbis
417 2451 615 2501 tribuere,
648 2451 714 2489 hic
746 2449 914 2503 optandi
938 2448 1153 2491 uoluisset.
1216 2451 1387 2490 Rathius
1411 2450 1587 2502 denique
1608 2463 1706 2503 per-

246 2517 368 2544 uerse
409 2508 465 2545 ita
512 2509 839 2559 interpretatur:
887 2519 997 2557 „ego
1048 2520 1145 2546 uero
1193 2509 1385 2560 excipere
1432 2507 1581 2559 uelim,
1629 2506 1704 2544 sed

244 2574 323 2600 non
354 2563 572 2615 possum“.

360 2619 632 2670 uidentur]
694 2619 780 2658 Nec
819 2620 926 2657 iusta
969 2619 1153 2659 codicum
1187 2622 1426 2660 auctoritate
1457 2620 1602 2658 nititur
1632 2622 1701 2658 ui-

246 2672 494 2726 deantur,
527 2675 634 2728 quod
665 2675 768 2715 Gzio
800 2676 1016 2728 probatum
1047 2690 1137 2716 cum
1170 2677 1280 2717 Uict.
1311 2677 1468 2727 recepit
1495 2676 1700 2727 Moserus,

242 2742 321 2769 nec
351 2732 481 2783 ipsum
511 2745 587 2785 per
617 2745 663 2771 se
695 2738 759 2771 est
790 2731 1017 2785 probabile,
1050 2735 1142 2786 quia
1175 2733 1421 2773 uidentur
1449 2738 1513 2771 est
1546 2735 1700 2771 utrius-

240 2799 318 2837 que
350 2790 580 2828 sententiae
611 2791 779 2829 uerbum
814 2802 1043 2832 commune,
