1781 3192
202 175 296 216 266
777 175 847 214 DE
882 174 1114 216 LEGIBUS

219 292 271 332 nd
297 291 399 331 Hor.
431 289 522 328 sat.
552 287 583 338 Ι,
617 286 651 327 1.
687 286 752 329 16.
813 288 900 327 Nec
942 302 1039 328 uero
1081 303 1103 328 a
1140 287 1327 340 pedestri
1374 292 1557 331 oratione
1606 293 1684 333 hoc

221 347 399 388 alienum
432 355 543 392 esse,
575 342 695 382 multi
728 348 912 384 ueterum
955 347 1201 398 scriptorum
1241 346 1322 384 loci
1355 352 1542 397 arguunt.
1594 349 1684 390 Cic.

220 405 272 444 de
309 397 502 451 Fin.11‚
547 399 613 440 17.
645 400 715 442 57.
755 401 1015 441 occultum
1046 415 1159 441 esse
1188 402 1396 441 facinus
1424 407 1686 457 potnerit,

221 459 506 513 gaudebit3
538 456 914 509 deprehensus
947 472 1141 498 omnem
1182 471 1405 511 poenam
1450 467 1686 500 contem-

221 522 325 555 net.
357 514 411 553 de
441 515 535 553 Nat.
571 515 692 554 Deor.
722 511 757 565 I,
791 515 860 555 21.
891 516 962 558 57.
992 518 1034 555 in
1068 516 1186 556 Verr.
1221 515 1288 566 ΙΙΙ,
1321 517 1362 557 2.
1395 514 1435 557 4.
1468 531 1540 569 pro
1573 518 1686 558 sest.

219 572 291 622 ⁴12,
323 569 395 611 92.
454 571 545 611 Par.
577 570 626 611 V.
660 571 694 622 ᾗ.
728 571 795 613 36.
831 572 898 612 Ἦ.
932 573 967 624 §.
999 571 1066 614 44.
1128 574 1250 611 Beier
1289 573 1340 611 ad
1380 574 1459 614 Off.
1494 570 1576 625 III,
1623 572 1687 616 19.

223 629 293 671 75.
324 629 494 680 Zumpt.
527 626 579 666 ad
608 628 726 669 Verr.
757 629 810 679 V,
842 628 910 671 65.
946 629 1041 672 168.
1074 631 1185 668 Kritz
1219 628 1270 667 ad
1300 629 1400 670 Sall.
1428 632 1520 682 Jug.
1546 630 1616 682 64,
1648 631 1688 674 5.

335 684 696 736 prohibessit]
756 685 835 724 Est
864 687 966 726 haec
996 687 1136 726 mendi
1170 687 1417 738 prohibet
1459 701 1538 737 se,
1579 688 1689 739 quod

225 748 290 782 est
318 742 359 779 in
392 741 509 780 codd.
539 741 794 793 melioribus,
831 745 1043 782 uerissima
1067 744 1285 792 correctio,
1318 743 1414 782 inde
1435 757 1455 782 a
1479 745 1689 797 Stephano

225 797 405 850 uulgata.
467 797 551 836 Sed
589 797 696 837 male
734 798 856 838 simul
886 814 906 838 a
937 799 1147 852 plerisque
1181 806 1346 851 recepta
1378 806 1442 839 est
1473 814 1526 839 ea
1549 800 1689 840 mendi

224 855 452 905 correctio,
494 868 596 905 quae
636 859 701 894 est
736 857 777 895 in
820 856 1125 907 deterioribus,
1162 863 1382 895 senatus
1426 857 1688 897 consulta.

224 910 343 961 Quod
375 913 409 949 si
443 911 494 950 ad
525 917 777 951 seruanto
808 913 1020 963 retuleris,
1059 913 1277 951 absurdum
1321 918 1386 952 est
1423 914 1539 966 (erat
1580 915 1688 953 enim

222 968 283 1019 id,
315 967 423 1019 quod
455 973 621 1016 senatus
654 968 858 1020 decreuit,
891 971 924 1008 si
953 970 1207 1022 prohibitum
1242 975 1356 1021 erat,
1396 983 1478 1009 non
1521 976 1688 1010 senatus

222 1024 472 1074 consultum,
505 1025 579 1064 sed
612 1028 846 1067 auctoritas,
879 1027 955 1065 Dio
978 1027 1201 1077 Cass.L11,
1231 1026 1418 1077 23.1.V,
1449 1026 1487 1067 3.
1520 1027 1609 1066 Cic.
1638 1026 1691 1066 ad

224 1083 339 1122 Fam.
372 1081 478 1131 Vm,
506 1080 548 1121 8.
581 1083 739 1124 Manut.
770 1083 819 1121 ad
851 1084 965 1124 Fam.
995 1079 1028 1133 I,
1060 1081 1144 1137 2.),
1179 1084 1212 1121 si
1246 1083 1294 1121 ad
1331 1084 1523 1135 prohib
1539 1085 1688 1133 essin

223 1152 304 1177 non
335 1139 641 1189 necessarium,
681 1141 773 1190 quia
812 1139 938 1178 facile
979 1139 1193 1178 decreta
1233 1139 1453 1178 audiuntur
1501 1152 1551 1178 ex
1603 1142 1688 1191 eis,

224 1208 327 1246 quae
364 1193 632 1246 praecedunt.
706 1193 850 1247 Itaque
893 1210 982 1234 cum
1022 1197 1209 1235 Manutio
1263 1201 1304 1234 et
1342 1197 1472 1247 Gzio‚
1519 1209 1687 1248 quorum

224 1253 349 1291 etiam
382 1251 529 1289 Bakius
558 1253 759 1290 rationem
791 1253 996 1304 probauit,
1026 1251 1129 1290 illud
1161 1252 1315 1291 deleui.

338 1308 383 1346 is
416 1307 543 1345 ordo
575 1309 706 1346 uitio
740 1308 947 1359 uacato]
1009 1308 1141 1360 Supra
1172 1309 1206 1359 ᾧ.
1232 1309 1268 1348 7.
1304 1308 1541 1347 censoribus
1565 1320 1689 1347 sena-

225 1369 291 1402 tus
332 1363 533 1415 purgandi
569 1364 748 1401 officium
790 1366 992 1413 iniunxit3
1030 1364 1073 1404 h.
1116 1363 1147 1403 1.
1192 1363 1288 1415 quid
1339 1368 1554 1403 senatores
1608 1366 1686 1417 ipsi

223 1421 341 1471 sequi
373 1420 567 1469 debeant,
599 1421 814 1471 praecipit.

339 1489 486 1527 quom
537 1476 660 1515 suff.
715 1475 1151 1526 consciscentur]
1230 1476 1343 1513 Haec
1393 1475 1533 1513 nescio
1573 1477 1691 1514 cuius

227 1534 462 1572 coniectura
505 1546 525 1571 a
557 1532 779 1571 Gebhardo
822 1546 1017 1583 expressa
1059 1541 1101 1571 et
1142 1533 1189 1570 ab
1226 1532 1421 1570 Ernestio
1461 1531 1559 1570 inde
1600 1531 1691 1570 uul-

224 1594 333 1640 gata,
365 1591 406 1627 in
440 1602 516 1640 qua
545 1595 681 1628 tamen
715 1589 1019 1640 aequabilitatis
1051 1602 1170 1628 causa
1204 1602 1278 1641 pro
1310 1602 1458 1640 quum
1497 1589 1690 1628 substitui

225 1659 403 1698 quom,
438 1660 527 1684 cum
562 1646 810 1698 reliquorum
844 1645 962 1686 codd.
995 1645 1181 1695 mendis,
1225 1652 1308 1684 tum
1350 1644 1500 1683 mendo
1539 1645 1619 1686 Gd.
1648 1644 1690 1685 2.

225 1703 506 1742 confirmatur.
571 1703 628 1741 ita
659 1705 866 1741 creatio
899 1705 1333 1753 magistratuum,
1371 1701 1577 1740 iudicia
1606 1714 1690 1754 po-

226 1757 366 1811 puli,
398 1760 545 1797 iussa
578 1763 769 1809 uetita,
808 1772 898 1798 cum
932 1760 1135 1810 suffragiis
1170 1761 1421 1808 sciscentur,
1462 1763 1557 1796 nota
1597 1769 1691 1796 esse

224 1816 418 1854 iubentur
459 1818 752 1867 optimatibus3
804 1816 845 1854 id
885 1816 994 1866 quod
1030 1817 1136 1854 hanc
1178 1817 1258 1854 uim
1307 1815 1467 1865 habet,
1518 1819 1562 1853 ut
1595 1816 1687 1854 „ista

227 1873 389 1923 omnia,
413 1870 527 1910 adum
570 1874 821 1922 sciscantur,
860 1885 942 1910 non
979 1874 1082 1911 scita
1119 1872 1282 1910 demum
1316 1877 1413 1910 nota
1444 1883 1541 1909 esse
1572 1871 1686 1911 uelit.

228 1927 348 1979 Quod
378 1928 487 1967 idem
522 1934 587 1968 est
618 1934 740 1980 atque
772 1929 942 1967 sidicat
974 1929 1241 1980 suffragia
1271 1930 1321 1966 in
1354 1928 1688 1979 magistrati-

226 1987 318 2024 bus
351 1985 603 2024 creandis
636 1987 766 2024 etin
807 1985 1025 2037 legibus
1065 1985 1372 2024 sciscendis
1413 1985 1688 2036 optimati-

226 2044 320 2081 bus
351 2046 470 2080 nota
510 2048 694 2081 sunto-
734 2043 801 2082 Cf.
841 2042 876 2093 §-
922 2041 990 2082 38.
1061 2044 1321 2094 Quapropter
1353 2054 1433 2079 non
1474 2053 1574 2093 opus
1624 2044 1689 2079 est

226 2099 303 2138 hac
335 2098 552 2138 audaciore
581 2101 795 2137 uerborum
836 2100 1159 2149 transpositione
1197 2112 1217 2136 a
1251 2098 1445 2136 Turnebo
1486 2103 1529 2135 et
1556 2097 1687 2136 Lbino

223 2157 265 2194 in
290 2155 392 2193 edit.
424 2153 544 2195 1566.
568 2154 876 2192 commendata:
909 2168 1015 2193 cum
1042 2155 1462 2202 consciscentur‚
1494 2152 1687 2190 suffra-

225 2211 307 2264 gia
337 2211 689 2263 optimatibus
726 2216 870 2258 nota3
915 2223 1032 2261 quam
1068 2210 1212 2262 Steph.
1248 2213 1370 2248 etiam
1405 2213 1447 2246 et
1476 2208 1685 2247 Manutius

221 2269 282 2307 ita
311 2268 550 2320 probarunt,
583 2272 628 2304 ut
649 2280 722 2318 pro
756 2280 878 2305 cons
894 2269 1164 2305 ciscentur
1194 2267 1424 2304 scriberent
1452 2268 1686 2302 sciscen-

226 2330 328 2364 tur.
389 2324 715 2362 Consciscen
732 2324 779 2362 di
812 2325 978 2361 uerbum
1020 2329 1133 2360 reete
1172 2325 1211 2361 in
1253 2323 1302 2359 iis
1338 2325 1579 2372 usurpatur,
1619 2321 1688 2372 qui

226 2394 306 2420 una
344 2393 435 2419 cum
473 2379 565 2419 aliis
595 2393 680 2418 rem
714 2373 909 2420 sciscunt.
974 2379 1038 2418 Cf.
1074 2380 1160 2418 Liu.
1195 2380 1224 2429 Ι,
1255 2378 1322 2419 32.
1356 2382 1687 2429 senatusque

225 2435 408 2490 populi
439 2438 638 2476 romani
668 2437 952 2486 Quiritium
979 2438 1210 2487 censuit,
1243 2435 1539 2483 consensit,
1572 2447 1687 2472 con-

226 2495 419 2545 sciuit,
444 2498 497 2533 nt
521 2493 708 2532 bellum
737 2507 840 2532 cum
873 2494 1072 2546 priscis
1094 2493 1303 2531 Latinis
1323 2491 1505 2530 fieret.
1524 2491 1615 2529 Liu.
1635 2490 1686 2541 X,

228 2549 293 2594 18.
350 2549 509 2590 Tusci
541 2550 658 2588 fere
689 2563 861 2588 omnes
893 2551 1276 2589 consciuerant
1307 2545 1514 2586 bellum.
1559 2545 1689 2584 Daui-

224 2609 310 2647 sius
350 2620 476 2659 praue
513 2609 759 2659 pronomine
802 2608 1055 2659 transposito
1097 2607 1303 2646 coniecitt
1345 2616 1450 2643 cum
1494 2601 1686 2641 suffra-

228 2665 329 2716 giis
369 2666 705 2716 sciscentur‚
760 2677 818 2703 ea
856 2664 1238 2716 optimatibus3
1279 2659 1427 2700 Bakius
1469 2671 1687 2711 perperam

226 2720 466 2760 secundaria
498 2722 707 2759 sententia
739 2735 760 2759 a
790 2721 917 2760 uerbo
947 2720 1152 2758 disiuncta
1181 2723 1224 2757 et
1258 2717 1309 2756 ad
1348 2717 1576 2755 subiectum
1618 2728 1686 2755 re-

222 2774 329 2817 lata:
361 2778 507 2817 iussa
538 2780 722 2828 uetita,
755 2789 884 2831 quae
907 2776 1197 2829 suffragiis
1217 2775 1538 2823 Miscentur,
1559 2772 1687 2812 haec
