1743 3202
114 1648 164 1681 lo.

192 199 222 238 6
768 199 838 238 DE
867 199 1102 241 LEGIBUS

191 311 288 370 Ego
310 312 418 354 enim
440 312 491 354 ab
513 311 670 354 ultimis
690 325 869 372 censeo,
905 315 1098 370 quoniam
1127 316 1198 357 illa
1217 317 1277 358 sic
1296 318 1452 374 scripta
1471 322 1595 377 sunt,
1625 323 1674 363 ut
1736 307 1739 309 ¹

191 391 244 420 ne
273 378 472 437 legantur
502 377 666 433 quidem
677 392 690 435 3
727 380 816 436 ipse
845 384 986 423 autem
1016 383 1237 438 aequalem
1267 386 1416 426 aetatis
1445 399 1548 427 suae
1577 400 1679 438 me-v

191 445 367 487 moriam
397 445 610 500 deposcit,
647 448 692 487 ut
723 458 772 487 ea
802 448 1128 506 complectatur,
1177 450 1322 504 quibus
1352 452 1441 506 ipse
1470 451 1672 494 interfuit.

189 509 278 554 Att.
314 510 412 568 Ego
443 523 546 552 uero
576 510 673 552 huic
702 514 838 567 potius
867 516 1095 570 assentior;
1131 520 1225 556 sunt
1244 517 1353 557 cuim
1373 518 1581 559 maximae
1603 531 1672 559 res

191 577 231 619 in
261 578 341 619 hac
372 577 575 618 memoria
612 580 737 632 atque
777 582 917 621 aetate
958 588 1115 622 nostra.
1186 581 1296 623 Tum
1323 586 1463 625 autem
1495 584 1672 625 hominis

191 643 457 699 amicissimi,
495 640 574 685 Cn.
604 642 819 701 Pompeii,
863 645 1012 688 laudes
1051 647 1298 705 illustrabit,
1335 650 1518 692 incurret
1546 650 1673 691 etiam

191 711 230 752 in
253 710 370 752 illum
386 710 699 751 memorabilem
717 724 869 752 aunum
883 726 1029 769 suum3
1059 727 1165 769 quae
1189 715 1239 755 ab
1264 715 1342 756 isto
1365 716 1475 758 malo
1497 715 1673 772 praedi-

190 777 303 833 cari,
348 789 497 832 quam,
534 779 579 818 ut
609 777 748 833 aiunt,
786 776 837 819 de
870 777 1010 821 Remo
1042 783 1083 821 et
1111 779 1311 822 Romulo.
1379 781 1440 825 M.
1478 781 1674 838 Intelligo
1726 830 1733 831 ἶ

190 842 382 898 equidem
403 856 428 883 a
449 855 516 883 me
535 842 659 884 istum
677 842 864 885 laborem
885 844 967 885 iam
990 844 1059 887 diu
1088 847 1310 903 postulari,
1339 846 1496 891 Attice.
1539 846 1676 900 Quem

189 921 269 950 non
302 921 572 965 recusarem,
609 909 644 949 si
671 908 771 950 mihi
800 910 931 952 ullum
962 913 1220 953 tribueretur
1248 926 1429 955 uacuum
1448 918 1613 968 tempus
1636 916 1676 954 et

188 974 382 1016 liberum.
433 973 585 1029 Neque
608 976 716 1016 enim
740 980 944 1032 occupata
975 991 1121 1035 opera,
1156 991 1290 1034 neque
1313 981 1510 1036 impedito
1539 980 1676 1020 auiino

191 1054 259 1082 res
293 1043 410 1082 tanta
439 1041 597 1096 suscipi
626 1044 778 1097 potest.
848 1043 1078 1098 Utrumque
1109 1058 1213 1100 opus
1244 1048 1307 1086 est
1338 1051 1377 1087 et
1397 1059 1498 1088 cura
1521 1056 1675 1085 uacare

159 1111 235 1148 .et
266 1109 454 1165 negotio.
524 1106 612 1148 Att.
658 1105 799 1160 Quid?
844 1108 898 1150 ad
940 1115 1108 1167 cetera,
1154 1123 1259 1165 quae
1296 1112 1498 1167 scripsisti
1538 1110 1676 1165 plura,

194 1187 318 1228 quam
348 1174 564 1228 quisquam
595 1186 617 1214 e
648 1175 824 1225 nostris,
862 1175 971 1229 quod
999 1176 1071 1217 tibi
1101 1177 1268 1217 taudem
1300 1180 1464 1232 tempus
1494 1187 1676 1217 uacuum

193 1239 271 1280 fuit
300 1236 577 1281 concessum?
650 1238 711 1280 M.
754 1238 980 1282 Subsiciua
1009 1241 1214 1295 quaedam
1237 1244 1427 1297 tempora
1446 1243 1676 1296 incurrunt,

191 1318 297 1361 quae
327 1318 409 1362 ego
436 1305 576 1361 perire
604 1317 684 1346 non
715 1306 874 1362 patior,
911 1310 985 1363 ut,
1022 1308 1056 1346 si
1093 1307 1160 1360 qui
1189 1305 1278 1347 dies
1308 1306 1362 1348 ad
1391 1306 1677 1349 rusticandum

191 1371 278 1413 dati
305 1372 402 1428 sint,
425 1371 475 1412 ad
500 1384 645 1412 eorum
666 1384 883 1413 numerum
906 1371 1289 1429 accommodentur,
1313 1387 1419 1428 quae
1441 1373 1676 1415 scribimus.

189 1437 377 1479 Historia
408 1450 510 1479 uero
541 1451 616 1478 nec
649 1437 803 1477 institui
841 1440 1002 1494 potest,
1048 1438 1125 1479 nisi
1163 1442 1414 1494 praeparato
1448 1441 1555 1496 otio,
1596 1451 1675 1480 nec

191 1504 349 1560 exiguo
385 1506 573 1558 tempore
601 1503 787 1556 absolui3
835 1506 876 1544 et
913 1517 995 1560 ego
1025 1504 1148 1544 animi
1179 1504 1360 1559 pendere
1398 1505 1541 1562 soleo,
1579 1518 1674 1546 cum

190 1569 321 1610 semel
349 1569 442 1623 quid
485 1581 605 1609 orsus
640 1565 684 1608 *s
697 1582 719 1609 u
737 1581 802 1625 m,
843 1570 878 1610 si
905 1569 1104 1612 traducor
1128 1570 1236 1627 alio,
1274 1584 1408 1627 neque
1430 1575 1515 1612 tam
1546 1569 1671 1612 facile

191 1636 422 1690 interrupta
453 1636 652 1691 contexo,
690 1647 814 1689 quam
843 1636 1018 1678 absoluo
1055 1637 1254 1678 instituta.
1323 1637 1414 1678 Att.
1456 1637 1670 1695 Legatio-

191 1714 285 1742 nem
309 1700 492 1755 aliquam
511 1701 705 1742 nimirum
724 1701 802 1742 ista
826 1703 958 1745 oratio
980 1702 1180 1759 postulat,
1209 1706 1280 1744 aut
1296 1702 1499 1745 eiusmodi
1521 1717 1673 1760 quam-

191 1768 305 1824 piam
330 1767 566 1808 cessionem
586 1767 763 1808 liberam
787 1772 912 1825 atque
934 1770 1126 1811 otiosam.
1181 1767 1244 1810 M.
1279 1768 1375 1830 Ego
1398 1782 1499 1811 ucro
1523 1771 1673 1812 aetatis

189 1922 248 1954 W.
259 1921 324 1954 Vd.
338 1920 586 1954 Efficiuooxx.
611 1937 656 1942 —
683 1917 863 1952 aetatis
889 1928 904 1948 s
917 1928 939 1949 ιι
955 1928 1002 1949 ae
1029 1917 1055 1949 A
1068 1917 1097 1949 Β
1112 1918 1139 1948 Ε
1156 1915 1207 1949 ll.
1220 1915 1276 1949 65.
1303 1928 1381 1949 cum
1408 1918 1589 1960 plerisque
1614 1918 1675 1949 de-

188 1977 360 2010 teriorum
385 1978 438 2017 (α
454 1971 489 2023 β
500 1985 532 2025 γ
545 1975 598 2007 239.
613 1974 667 2008 58.
681 1974 735 2007 96.
750 1975 846 2007 Mon.
861 1974 917 2007 W'.
930 1975 992 2005 Dr.
1007 1972 1036 2006 1.
1066 1974 1231 2005 omnibus
1243 1999 1252 2014 ,
1286 1974 1316 2006 si
1341 1974 1432 2006 fides
1462 1975 1494 2007 ei
1510 1975 1677 2007 habenda

189 2036 254 2073 est,
282 2033 472 2066 Goerenzii
499 2036 647 2074 excepto
675 2033 737 2064 Dr.
752 2030 784 2062 ⁶2.
814 2041 833 2062 a
845 2041 861 2061 c
878 2034 919 2061 ta
932 2029 966 2061 ti
990 2040 1006 2060 s
1020 2040 1041 2060 ιι
1056 2040 1075 2061 a
1087 2042 1104 2062 e
1135 2032 1200 2063 Gd.
1214 2031 1246 2063 ⁸2.
1267 2031 1320 2065 lO.
1347 2043 1362 2062 s
1375 2043 1397 2062 u
1412 2042 1432 2062 a
1447 2042 1465 2062 e.
1495 2042 1515 2063 a
1527 2030 1676 2063 etatis

186 2091 248 2122 Dr.
261 2087 293 2123 ²2.
306 2089 371 2122 Vel.
385 2089 443 2122 Cr.
465 2089 546 2120 etsi
568 2088 657 2120 fides
678 2087 822 2120 silentio
842 2089 907 2125 est,
929 2086 955 2118 C
969 2086 997 2116 D
1013 2092 1048 2119 δ.
1077 2103 1117 2108 -
1144 2086 1199 2117 ill
1216 2097 1284 2117 nm
1311 2097 1345 2117 m
1360 2098 1377 2117 e
1390 2098 1423 2117 ιιι
1436 2098 1454 2117 o
1468 2098 1485 2117 ι·
1498 2098 1517 2118 a
1527 2088 1549 2118 b
1563 2087 1573 2118 i
1589 2087 1677 2118 lem

189 2156 229 2189 (Ἴ.
245 2155 315 2188 Gd.
328 2153 360 2186 ι2.
389 2166 469 2186 cum
495 2154 713 2186 deteriorum
738 2152 917 2195 plerisque
943 2152 991 2189 (D
1004 2160 1037 2185 α
1056 2150 1106 2182 ll).
1120 2150 1173 2182 53.
1188 2150 1242 2183 oo.
1256 2153 1356 2185 ιἲΙιιιι.
1374 2153 1431 2184 Cr.
1447 2154 1503 2187 W.
1519 2155 1583 2185 Dr.
1600 2152 1628 2185 l.
1640 2151 1674 2186 2.

187 2210 250 2240 vd.
265 2205 317 2258 ψ.
343 2210 432 2242 illu
448 2222 481 2241 ιιι
508 2221 526 2242 e
544 2215 555 2241 t
580 2222 612 2241 ιιι
627 2222 645 2241 e
659 2221 693 2242 ιιι
707 2221 726 2241 o
738 2209 937 2240 rabilem
964 2207 998 2238 A
1012 2208 1038 2237 Β
1058 2207 1066 2237 l
1082 2205 1176 2238 hof».
1202 2209 1343 2249 (militm,
1369 2211 1398 2242 si
1423 2210 1515 2241 fides
1532 2209 1676 2242 silentio

193 2269 259 2305 cst,
288 2266 461 2298 accedunt
487 2260 709 2316 Εβγεῧῡ.
735 2283 779 2288 -—
805 2274 923 2307 quae
959 2263 1066 2295 ABE
1096 2263 1252 2305 itemque
1281 2265 1408 2298 Gd.2..
1447 2266 1554 2297 modo
1582 2266 1675 2307 quod

186 2322 222 2354 in
248 2321 317 2353 hoc
338 2321 511 2363 scriptum
539 2328 593 2354 est
620 2332 827 2364 queque.
857 2320 1021 2361 idemque
1047 2318 1116 2351 fnit
1143 2320 1176 2351 in
1203 2321 1230 2352 C
1252 2325 1285 2352 et
1311 2320 1361 2360 ll,
1387 2321 1420 2352 iu
1443 2320 1571 2363 quibus
1593 2332 1675 2352 cor—

188 2381 326 2411 rectum
352 2381 471 2409 tamen
498 2382 553 2410 est
579 2390 598 2420 q
611 2389 729 2410 uem.
753 2377 846 2419 quod
871 2376 964 2408 idem
991 2378 1045 2408 est
1072 2375 1106 2407 in
1134 2375 1190 2407 65.
1238 2376 1444 2408 Deteriores
1470 2377 1530 2408 uel
1555 2386 1676 2418 quae

189 2433 264 2469 (Cr.
290 2433 413 2476 plures
440 2433 633 2466 Goerenzii
659 2437 694 2466 et
718 2433 747 2465 si
774 2433 863 2465 fides
889 2431 1035 2464 silentio
1060 2436 1124 2463 est.
1150 2426 1230 2481 βγ
1246 2432 1319 2473 10.)
1342 2433 1402 2464 uel
1425 2443 1553 2474 quem
1578 2431 1676 2474 (Da

189 2488 246 2523 39.
261 2489 316 2522 58.
328 2488 449 2522 96.W.
464 2491 560 2524 Mon.
574 2491 636 2523 Dr.
652 2489 680 2522 l.
694 2491 728 2525 2.
748 2489 867 2530 Cass.)
880 2506 924 2511 —
938 2493 983 2523 et
1002 2489 1227 2532 eodd.pacue
1246 2499 1382 2522 omues.
1399 2499 1447 2521 ac
1471 2487 1540 2520 lib
1552 2500 1597 2522 er
1609 2499 1676 2521 um

189 2546 258 2578 Gd.
272 2545 305 2578 2.
319 2547 383 2581 Br.

278 2613 309 2654 §0
328 2612 361 2646 9.
411 2624 459 2646 or
474 2624 555 2646 sus
580 2624 695 2653 sum,
721 2612 758 2644 si
786 2612 875 2644 roni.
900 2612 1050 2645 Halmii.
1102 2613 1247 2645 Orsus
1269 2611 1307 2643 si
1335 2610 1435 2644 codd.
1454 2622 1590 2651 omne-s,
1607 2611 1677 2644 nisi

195 2668 227 2700 si
257 2668 291 2701 in
320 2681 389 2711 quo
420 2670 599 2702 scribendi
624 2679 744 2701 errore
773 2668 811 2700 si
836 2669 1131 2710 praetermissum
1158 2672 1233 2707 est.
1259 2667 1371 2700 ueluti
1397 2667 1431 2699 iu
1458 2661 1494 2716 β
1520 2672 1555 2700 ct
1573 2667 1630 2703 65.

281 2747 312 2788 §0
343 2746 395 2779 lo.
446 2748 539 2780 ista
576 2758 596 2780 o
610 2759 625 2780 r
637 2748 734 2781 atio
770 2749 869 2780 codd.
906 2749 1076 2781 meliores
1113 2760 1193 2781 cum
1229 2746 1409 2789 plerisque
1442 2745 1672 2784 deteriorum,

195 2803 306 2838 etiam
330 2805 393 2838 Dr.
412 2803 484 2840 1,2.
514 2815 594 2837 ora
610 2804 673 2837 tio
708 2804 804 2838 ista
824 2799 1005 2854 DsseCr.
1032 2824 1073 2830 ——
1099 2803 1375 2837 cessionem
1397 2802 1463 2836 EC
1479 2795 1524 2854 ὅ,
1546 2800 1675 2845 quibus
