1781 3192
234 176 325 216 280
805 173 875 211 DE
907 171 1140 212 LEGlBUS

241 291 329 339 Quo
373 287 511 325 uerius
553 283 703 322 deinde
742 297 815 335 pro
858 284 963 335 his,
1005 285 1111 336 quod
1151 285 1360 337 plerisque
1391 284 1572 338 placuit,
1604 293 1700 340 post

241 347 349 383 Uict.
383 342 529 392 Stcph.
564 341 790 379 Manutium
824 341 1004 380 Orellius
1037 347 1078 380 et
1110 342 1257 380 Bakius
1287 348 1536 393 receperunt
1560 345 1643 383 iis-

351 401 391 436 si
425 397 707 449 parebunt]
768 397 828 434 Ex
855 396 1019 436 diuersa
1043 398 1145 438 dett.
1181 399 1298 437 codd.
1325 401 1527 450 scriptura
1548 414 1699 452 pare-

239 460 365 496 bunt
387 478 436 483 —-
463 466 589 506 pare
605 458 690 491 ant
717 455 914 505 suspicari
939 453 1039 492 licet
1063 455 1218 493 duobus
1244 455 1376 493 modis
1400 458 1698 495 correctionem

237 510 376 550 mendi
408 512 678 564 parebant,
711 510 819 561 quod
850 511 957 549 haud
990 514 1074 549 scio
1105 526 1152 549 an
1188 513 1227 549 in
1271 512 1359 553 cod.
1401 514 1513 554 arch.
1557 513 1700 563 fuerit,

234 572 434 607 tentatam
470 580 562 605 esse
595 568 635 605 in
676 567 966 606 deterioribus.
1030 568 1113 606 Sed
1153 574 1398 619 pareant,
1439 570 1547 620 quod
1588 570 1700 609 Uict.
1769 583 1772 606 ι

235 626 380 663 Lamb.
420 625 522 663 Ern.
561 623 704 674 Wagn.
749 629 1010 675 receperunt,
1043 626 1203 676 respuit
1234 627 1388 674 orati03
1430 628 1543 678 sequi
1577 639 1701 679 opor-

239 686 347 719 teret
383 683 424 720 in
457 680 627 733 apodosi
659 678 796 719 nihil
826 682 891 719 iis
933 683 1018 720 sit.
1053 704 1104 709 —
1138 682 1219 719 his
1256 681 1466 733 legibus
1508 697 1564 724 sc.
1604 696 1702 735 quas
1771 670 1774 692 ἲ

233 751 339 777 nunc
370 739 475 776 fero.
508 737 606 776 Bak.

349 794 438 832 sed
470 794 734 845 sequitur]
795 793 1042 833 Particulam
1077 794 1192 844 sed,
1225 796 1314 846 quia
1348 796 1596 834 otiosissima
1634 808 1702 834 es-

237 856 326 901 sct,
372 852 612 889 tenuissima
664 852 756 889 cod.
802 851 863 891 10.
919 853 1162 889 auctoritate
1217 852 1361 890 Bakius
1414 851 1699 904 expellendam
1770 863 1771 866 ’

236 911 413 947 censuit.
473 909 527 946 At
559 908 637 945 etsi
673 906 767 945 alibi
802 908 853 947 ad
883 921 1029 946 nouam
1061 908 1195 959 legem
1228 910 1473 948 transiturus
1505 911 1586 948 ista
1608 922 1702 961 par-

236 965 364 1003 ticula
403 978 484 1015 non
525 966 652 1003 utitur
691 962 785 1019 (aut
817 967 910 1003 iam
943 966 1082 1016 ponit,
1117 970 1161 1003 ut
1195 961 1250 1014 ΙΙ,
1285 965 1318 1015 ᾧ.
1349 965 1417 1005 27.
1453 962 1535 1004 ΙΙΙ.
1566 967 1600 1017 ξ.
1631 967 1701 1006 27.

237 1027 306 1060 aut
337 1020 561 1071 deinde,
595 1020 881 1073 deinceps,
916 1018 1198 1071 tum111,§.
1232 1020 1299 1061 48.
1342 1030 1412 1059 aut
1443 1021 1595 1061 nullam
1628 1022 1702 1060 de-

236 1081 358 1129 nique
398 1077 663 1131 particulam,
706 1083 752 1116 ut
791 1075 868 1118 lll.
912 1079 947 1128 ᾗ.
990 1076 1060 1118 43.
1100 1080 1341 1129 sequitur
1385 1078 1573 1133 illud):
1624 1080 1703 1117 hoc

238 1143 375 1174 tamen
416 1135 505 1173 10co
547 1136 701 1186 optime
742 1136 961 1186 sehabet,
1000 1136 1092 1186 quia
1132 1139 1399 1187 posteaquam
1443 1149 1489 1174 se
1521 1137 1705 1175 cohibuit

238 1193 374 1232 uerbis
417 1191 509 1229 sed
552 1193 673 1241 iam,
713 1192 755 1229 si
798 1191 984 1243 placet
1013 1215 1067 1219 -ν
1100 1192 1352 1230 redeatur
1383 1191 1493 1246 (Cic.
1523 1193 1604 1232 Off.
1635 1193 1703 1241 ΙΙΙ,

239 1248 280 1290 9.
310 1248 376 1288 39.
410 1247 521 1288 Lael.
556 1248 585 1297 Ι,
618 1246 702 1300 5.),
734 1249 875 1299 paucis
907 1249 1044 1286 uerbis
1076 1249 1309 1286 interiectis
1339 1248 1451 1287 illam
1483 1249 1703 1288 cohibendi

238 1306 447 1345 notionem
482 1304 752 1355 redintegrat.

355 1374 484 1411 quae
525 1360 625 1411 est]
703 1361 966 1398 Substantiae
1016 1361 1184 1398 uerbum
1227 1372 1248 1396 a
1288 1359 1457 1411 reliquis
1509 1363 1702 1400 omissum

239 1419 392 1456 rectius
425 1417 477 1455 de
510 1417 602 1453 Gzii
638 1417 872 1453 coniectura
906 1416 1004 1453 sch.
1038 1416 1147 1453 Mos.
1181 1415 1250 1453 Or.
1277 1415 1426 1452 Bakius
1461 1424 1555 1465 post
1584 1431 1703 1468 pron.

240 1473 362 1513 relat.
396 1487 511 1524 quam
547 1473 677 1510 Turn.
713 1473 823 1510 Man.
858 1472 1000 1510 hamb.
1030 1476 1125 1522 post
1156 1477 1339 1509 nostra
1370 1472 1657 1511 restituerunt.

356 1529 652 1582 occupatis]
715 1530 815 1567 Nam
853 1541 901 1566 ex
944 1534 1085 1566 monte
1130 1540 1246 1565 sacro
1294 1525 1459 1579 plebem
1510 1533 1705 1567 armatam

239 1589 413 1627 Romam
465 1587 694 1624 recessisse
739 1590 860 1636 atque
905 1586 948 1623 in
989 1585 1194 1623 Auentino
1248 1583 1487 1622 consedisse
1527 1586 1707 1637 indeque

242 1648 436 1683 armatam
471 1645 510 1681 in
543 1640 789 1694 Capitolium
826 1644 990 1681 uenisse
1022 1641 1194 1679 tradidit
1233 1640 1320 1680 Cic.
1363 1642 1405 1679 in
1436 1642 1601 1694 Fragm.
1633 1655 1706 1694 pro

241 1703 363 1740 Corn.
398 1700 504 1752 apud
537 1700 607 1737 Or.
643 1699 710 1737 lv.
744 1700 785 1739 2.
816 1713 855 1751 Ρ.
887 1698 986 1740 451.
1027 1698 1090 1737 Cf.
1134 1699 1255 1735 ctiam
1302 1697 1354 1735 de
1393 1699 1499 1750 Rep.
1533 1699 1591 1749 11,
1634 1699 1705 1740 33.

241 1757 341 1798 Sall.
390 1759 432 1795 in
472 1758 636 1807 Fragm.
689 1756 800 1794 Ilist.
845 1757 883 1806 Ι,
923 1755 963 1797 8.
1004 1769 1042 1808 Ρ.
1083 1753 1181 1795 213.
1224 1753 1291 1794 cd.
1335 1754 1449 1796 Gerl.
1495 1756 1707 1794 foenore

241 1827 497 1867 oppressa
528 1813 684 1865 plebs
718 1818 943 1851 montem
978 1824 1181 1851 sacrum
1205 1815 1363 1862 atque
1386 1813 1706 1851 Auentinum

240 1871 460 1910 insedit.
524 1869 600 1908 Alii
632 1869 918 1908 tantummodo
959 1874 1140 1907 montem
1184 1881 1344 1906 sacrum
1384 1874 1708 1908 commemorant
1780 1914 1781 1922 ἵ

243 1928 364 1968 Dion.
400 1926 487 1967 Hal.
522 1926 592 1977 Vi,
624 1924 693 1964 45.
729 1926 819 1964 Liu.
854 1928 901 1977 ΙΙ,
936 1926 1006 1967 32.
1038 1925 1152 1964 Flor.
1187 1925 1217 1975 Ι,
1250 1923 1317 1965 23.

354 1982 710 2037 procreatum]
778 1984 1043 2035 Participium
1082 1982 1173 2033 quia
1212 1982 1362 2020 referri
1408 1987 1620 2034 oporteret
1657 1981 1708 2020 ad
1779 1996 1781 2034 j

242 2046 491 2096 potestatem
526 2041 800 2091 tribuniciam,
832 2042 1043 2079 Manutius
1076 2040 1254 2077 coniecit
1283 2044 1607 2090 procreatam
1641 2039 1707 2076 id-
1779 2046 1781 2053 “

244 2111 324 2150 que
357 2104 400 2137 et
431 2098 527 2137 Ern.
563 2101 605 2135 et
637 2097 762 2147 Wytt.
794 2098 985 2148 probauit
1014 2109 1093 2134 nec
1136 2095 1346 2147 displicuit
1386 2096 1526 2147 Wopk.
1569 2097 1707 2134 Lectt.

245 2153 356 2194 Tull.
389 2167 431 2206 Ρ.
464 2152 564 2194 203.
633 2153 685 2191 At
725 2168 746 2191 a
784 2154 984 2190 feminino
1025 2164 1179 2202 genere
1221 2153 1342 2189 nimis
1381 2165 1580 2204 praeceps
1619 2157 1708 2189 erat

245 2211 443 2250 transitus
483 2209 533 2247 ad
572 2209 687 2260 pueri
736 2208 1063 2248 similitudinem.
1135 2208 1324 2245 Dauisius
1373 2213 1415 2246 et
1462 2208 1707 2246 Schuetzius

244 2270 377 2321 ipsum
416 2267 733 2304 tribunatus
776 2265 1013 2304 uocabulum
1057 2264 1262 2302 excidisse
1300 2267 1376 2303 rati
1416 2263 1487 2302 ille
1528 2266 1707 2303 coniecit

246 2326 574 2363 tribunatum
618 2323 762 2359 inter
801 2336 938 2360 arma
989 2323 1206 2370 ciuium,
1258 2321 1324 2358 hic
1374 2326 1707 2373 procreatum

246 2380 485 2419 uidemus
516 2379 860 2419 tribunatum.
923 2380 977 2417 At
1015 2390 1113 2417 uero
1144 2391 1217 2429 pro
1248 2379 1539 2416 tribunicia
1562 2382 1707 2430 pote·-

247 2442 389 2476 state
437 2437 613 2488 primum
667 2442 985 2474 commemorata
1032 2436 1172 2484 Quinti
1221 2436 1355 2472 animo
1405 2437 1707 2473 tribunatus

245 2495 360 2534 notio
390 2491 686 2545 progrediente
715 2506 904 2531 sermone
937 2493 1152 2531 succurrit.
1223 2491 1341 2529 Unde
1382 2491 1514 2530 facilis
1556 2491 1708 2530 deinde

248 2550 299 2588 ad
342 2562 455 2599 eam,
496 2561 598 2600 quae
636 2550 841 2600 sequitur,
886 2548 1199 2587 similitudinem
1241 2550 1436 2588 transitus
1464 2548 1564 2598 fuit3
1605 2561 1709 2599 quae

244 2608 338 2659 ipsa
367 2605 477 2644 haud
508 2607 609 2655 scio,
642 2619 689 2644 an
724 2610 768 2644 ut
797 2606 840 2646 id
868 2608 991 2645 fieret
1020 2618 1138 2644 causa
1170 2605 1312 2645 fuerit.
1378 2606 1464 2644 Nec
1503 2619 1594 2643 raro
1633 2618 1707 2656 pro

247 2666 452 2702 abstracta
498 2675 615 2712 quam
668 2668 817 2701 uocant
860 2666 921 2702 rei
961 2664 1129 2701 notione
1179 2667 1273 2700 ante
1324 2663 1456 2714 posita
1507 2663 1710 2701 succurrit

246 2724 442 2759 concreta
473 2724 542 2757 aut
571 2732 644 2771 pro
676 2722 843 2759 nomine
875 2719 1074 2758 translato
1109 2721 1343 2771 proprium,
1384 2719 1433 2757 ad
1470 2719 1579 2770 quod
1609 2717 1708 2757 reli-

246 2789 416 2828 quorum
450 2777 664 2815 uerborum
696 2789 824 2828 genus
856 2775 1201 2816 accommodetur.
1235 2776 1317 2816 Cic.
1351 2789 1424 2828 pro
1448 2777 1554 2817 Mur.
1578 2775 1620 2827 8,
1647 2776 1706 2816 18.
