1791 3192
651 200 937 235 PRAEFATIO.
1417 205 1534 238 xxm

180 303 260 341 [am
313 306 346 341 si
395 304 651 354 quaerimus,
707 317 823 354 quam
878 306 958 342 uim
1000 307 1079 343 ista
1123 305 1345 358 disputatio
1386 308 1426 346 in
1467 309 1530 346 his

65 371 179 410 libris
211 372 476 410 recensendis
514 372 678 421 habeat,
711 372 904 409 nimirum
937 374 1041 412 hanc
1072 375 1222 425 habet,
1263 388 1315 413 ne
1345 376 1450 414 hanc
1479 376 1530 413 il-

66 440 204 479 lamue
235 438 387 478 codicis
420 439 588 478 alicuius
621 440 865 489 scripturam
895 443 1153 493 arripiamus,
1187 448 1232 481 ut
1254 448 1338 494 aut,
1372 445 1405 481 si
1433 458 1532 496 pro-

68 508 213 547 babilis
245 509 315 558 sit,
344 509 577 558 probemuS,
612 511 680 543 aut
711 507 744 543 si
775 507 939 557 probari
971 523 1051 547 non
1083 513 1237 562 possit,
1271 511 1532 549 emendatio-

67 590 161 616 nem
200 575 278 614 loci
320 577 368 613 ab
402 588 448 612 ea
478 578 739 626 repetamus,
781 574 857 612 sed
893 578 1058 627 potiuS,
1108 580 1335 630 ubicunque
1366 579 1531 617 codices

64 648 174 684 inter
203 656 246 681 se
279 643 530 695 discrepant,
563 642 643 679 hoc
675 654 934 693 quaeramus,
968 645 1065 695 quid
1095 647 1134 682 in
1164 648 1350 697 principe
1380 649 1532 685 utrius-

65 724 143 764 que
176 711 314 761 stirpis
346 710 449 750 libro
473 711 669 761 scriptum
695 709 835 748 fuerit.
897 712 984 759 Quo
1013 713 1182 751 inuento
1204 715 1237 752 si
1261 721 1330 752 aut
1352 717 1529 753 omnium

64 785 132 819 aut
177 779 446 830 plurimorum
490 777 676 817 codicum
720 790 922 815 consensu
959 779 1070 818 idem
1104 782 1146 819 in
1189 786 1360 832 utroque
1399 782 1530 821 fuisse

65 848 404 899 cognouerimus,
441 847 519 884 hoc
559 845 780 896 archetypo
819 846 1045 885 tribuamus
1076 861 1249 887 necesse
1278 856 1342 888 est
1374 851 1422 889 ab
1456 862 1529 888 eo-

63 928 157 965 que,
191 915 225 952 si
255 917 418 965 probari
450 928 531 952 non
562 919 717 966 potest,
747 913 827 951 loci
860 915 1189 954 emendationem
1215 918 1419 967 proficisci
1447 930 1523 955 ne-

65 995 182 1020 cesse
216 987 291 1023 est.
348 983 466 1032 Quod
504 984 537 1020 si
578 983 731 1034 passim
774 988 841 1020 aut
873 983 1021 1034 singuli
1053 988 1122 1022 aut
1151 986 1270 1036 pauci
1303 984 1468 1023 codices
1501 999 1523 1023 a

61 1049 216 1087 familia
247 1062 318 1087 sua
343 1050 627 1102 discrepantes
657 1051 901 1100 scripturam
932 1063 1019 1088 eam
1053 1055 1213 1100 tenent,
1248 1064 1367 1101 quam
1400 1064 1421 1088 a
1453 1051 1524 1089 Ci-

59 1128 211 1156 cerone
246 1117 477 1168 profectam
518 1130 611 1155 esse
655 1121 724 1154 aut
756 1122 913 1154 certum
947 1120 1003 1156 sit
1032 1125 1100 1157 aut
1134 1121 1219 1156 ueri
1251 1122 1363 1155 certe
1396 1116 1527 1155 simil-

55 1184 222 1224 limumt
255 1189 391 1223 tamen
431 1186 707 1223 coniecturam
739 1186 860 1223 istam
888 1186 1030 1223 haberi
1057 1197 1232 1223 necesse
1256 1190 1331 1226 est.
1392 1187 1526 1236 Quare

57 1255 145 1292 iure
174 1254 392 1306 probamus
423 1254 698 1302 coniecturas,
725 1265 827 1302 quae
857 1254 1014 1290 suntin
1040 1251 1158 1290 codd.
1189 1256 1226 1310 β
1259 1258 1301 1291 et
1331 1272 1366 1313 y
1398 1254 1429 1304 1,
1456 1252 1526 1294 42.

58 1334 226 1372 eaque
266 1333 416 1372 quae3
462 1316 543 1370 III,
583 1318 652 1361 28.
691 1319 786 1357 sed
825 1319 940 1357 late
980 1323 1132 1371 patet
1172 1326 1217 1358 ut
1247 1323 1525 1370 necessarias;

55 1391 330 1442 improbamus
371 1389 542 1438 merito,
583 1400 686 1439 quae
725 1392 819 1426 sunt
858 1387 1017 1427 eisdem
1054 1389 1095 1426 in
1135 1388 1344 1428 codicibus
1387 1385 1421 1439 I,
1454 1389 1524 1429 21.

55 1459 107 1497 ui
139 1462 191 1495 et
219 1462 427 1506 natura;
472 1452 508 1506 I,
540 1454 609 1496 44.
642 1459 729 1493 aut
760 1468 850 1493 cur
879 1469 1010 1505 cum3
1049 1456 1117 1507 111,
1157 1456 1222 1497 30.
1258 1458 1523 1509 praeterii

58 1528 281 1565 ceteris.
340 1524 524 1574 Utraque
555 1528 690 1561 autem
724 1523 908 1562 codicum
936 1524 1092 1564 familia
1119 1538 1212 1563 cum
1234 1525 1345 1562 inter
1367 1537 1412 1562 se
1436 1523 1523 1561 dis-

59 1598 220 1646 crepat,
264 1593 344 1629 nisi
381 1591 600 1630 deterioris
640 1593 885 1643 scripturam
927 1598 995 1631 aut
1036 1606 1174 1631 ueram
1206 1596 1276 1630 aut
1307 1604 1395 1629 eam
1429 1604 1523 1630 esse

55 1674 250 1714 perquam
282 1659 516 1699 luculenter
547 1659 820 1697 demonstrari
849 1662 1049 1712 potuerit,
1081 1659 1192 1698 unde
1221 1658 1302 1697 loci
1324 1659 1524 1699 emenda-

57 1732 211 1769 tionem
241 1729 445 1781 proficisci
477 1731 688 1779 oporteat:
720 1727 938 1766 meliorum
972 1729 1158 1767 codicum
1190 1729 1415 1767 auctoritas
1455 1741 1523 1766 se-

58 1797 219 1850 quenda
257 1801 345 1846 est,
385 1797 472 1834 siue
514 1797 675 1846 integra
708 1794 837 1833 Tullii
880 1798 1002 1835 uerba
1042 1798 1084 1834 in
1127 1797 1186 1834 eis
1223 1795 1388 1847 prodita
1426 1800 1522 1833 sunt

55 1867 143 1903 siue
183 1862 332 1901 menda
368 1868 616 1914 propagata,
658 1876 758 1913 quae
796 1865 837 1901 in
871 1865 1054 1903 codicem
1088 1865 1240 1904 archet.
1272 1865 1352 1901 iam
1385 1864 1520 1914 irrep-

56 1935 211 1981 serant,
245 1935 312 1968 aut
343 1936 457 1969 certe
489 1932 575 1968 eius
604 1930 825 1971 simillima.
885 1933 1015 1983 Atque
1038 1933 1070 1969 si
1095 1930 1254 1982 quando
1278 1929 1521 1970 ΑΒ11.65.

54 1998 289 2051 discrepant
319 2012 340 2036 a
371 1989 638 2048 C5EGdss2„
674 2002 767 2050 quia
800 1999 893 2037 illos
926 2001 1087 2051 saepius
1114 1999 1394 2037 correctiones
1427 2009 1520 2034 sus-

55 2071 216 2118 cepisse
260 2065 462 2116 uidimus,
507 2066 583 2103 hos
628 2069 763 2117 potius
804 2069 982 2120 spectari
1025 2071 1215 2118 oportet,
1258 2078 1375 2116 quam
1410 2062 1519 2102 illos.

55 2136 142 2184 Quo
175 2135 214 2171 iu
245 2146 398 2184 genere
431 2135 612 2184 grauiter
640 2134 790 2172 Bakius
822 2136 1034 2186 peccauit,
1077 2135 1144 2185 qui
1176 2132 1331 2172 codicis
1362 2132 1518 2170 archet.

54 2202 233 2254 speciem
281 2201 513 2239 refecturus
554 2209 596 2239 et
639 2202 808 2240 nimium
841 2202 1006 2241 illorum
1052 2201 1237 2240 codicum
1285 2200 1521 2237 auctoritati

55 2270 196 2307 tribuit
228 2272 270 2306 et
301 2281 424 2319 saepe
448 2268 698 2307 deteriorum
732 2270 986 2321 quorundam
1015 2269 1214 2307 librorum
1239 2268 1519 2306 correctiones

53 2336 134 2386 ipsi
178 2336 369 2387 probatas
408 2337 450 2373 in
485 2338 701 2375 uerborum
741 2339 889 2376 seriem
929 2340 1102 2390 recepit.
1166 2338 1252 2376 Nec
1292 2349 1340 2373 eo
1380 2339 1518 2373 tamen

57 2404 190 2440 secius
220 2416 364 2453 magna
397 2404 435 2441 ei
463 2403 653 2442 habenda
683 2406 813 2454 gratia
845 2410 925 2457 est,
958 2408 1025 2457 qui
1057 2408 1219 2458 integra
1243 2402 1371 2442 Tullii
1395 2403 1520 2440 uerba

57 2468 124 2507 uel
174 2482 222 2506 ex
264 2469 472 2508 codicibus
519 2469 757 2509 melioribus
797 2471 980 2524 pluribus
1019 2471 1121 2513 locis
1171 2472 1402 2513 restituerit
1449 2469 1518 2509 uel

56 2537 291 2575 coniectura
322 2549 370 2575 ex
400 2535 561 2575 illorum
594 2537 753 2576 mendis
783 2552 994 2592 expressa.

166 2617 282 2654 Hanc
322 2616 448 2666 igitur
487 2617 690 2655 rationem
729 2620 999 2670 pertinaciter
1037 2624 1225 2670 secutus,
1265 2623 1309 2657 ut
1349 2619 1514 2670 ubique,

57 2682 150 2733 quid
179 2684 220 2721 in
253 2683 341 2722 cod.
361 2683 469 2722 arch.
499 2690 540 2721 et
571 2685 610 2721 in
633 2686 819 2738 principe
843 2689 1055 2739 utriusque
1077 2686 1257 2726 familiae
1283 2685 1387 2724 libro
1410 2686 1516 2724 fuis-

59 2753 138 2800 set,
169 2751 490 2802 inuestigarem,
533 2752 642 2790 haud
680 2765 808 2804 pauca
836 2756 936 2793 mihi
967 2754 1114 2794 uideor
1144 2753 1213 2793 uel
1244 2767 1293 2793 ex
1322 2755 1423 2806 ipsis
1447 2766 1516 2790 co-

56 2814 209 2855 dicibus
242 2816 381 2856 Tullio
420 2819 573 2858 rectius
615 2821 847 2861 restituisse
883 2821 950 2861 uel
990 2823 1217 2861 correxisse
1262 2822 1513 2869 coniectura,
