1781 3192
412 199 567 238 LIBER
605 197 825 236 PRIMUS.
882 196 982 236 CM».
1020 194 1163 236 XV111.
1465 196 1525 233 89

47 314 180 354 aliena
222 319 299 351 cst.
374 311 601 349 Uerborum
652 323 739 348 cum
782 310 934 348 Ratbio
985 313 1044 348 sic
1090 306 1515 360 transponendorum:

50 371 101 410 id
136 384 234 421 quo
271 374 393 407 aute
427 367 606 406 oculos
639 374 743 416 est,
777 368 933 404 exiis
966 379 1092 418 quae
1133 378 1254 404 causa
1292 363 1403 402 nulla
1437 368 1514 404 est.

167 429 197 465 1⁴:
216 426 398 476 tenim]
461 426 576 463 Licet
602 422 849 462 concluserit
877 422 1214 474 disputationem,
1245 434 1352 459 nouo
1376 427 1514 458 tamen

54 490 294 534 argumento
330 483 436 520 idem
469 482 710 519 confirmare
743 480 992 530 aggreditur.
1055 481 1144 529 Quo
1185 480 1223 516 in
1257 489 1409 528 genere
1441 476 1516 515 ad-

54 532 214 580 modum
250 540 444 588 frequens
477 543 541 576 est
585 541 688 588 part.
731 539 952 574 etenim.
995 536 1061 574 Cf.
1097 549 1198 586 quae
1231 535 1310 573 dixi
1344 531 1379 584 Ι,
1414 533 1445 574 1.
1480 533 1514 573 1.

56 598 191 636 Madu.
235 596 286 633 de
329 597 415 634 lvin.
451 596 481 645 Ι,
522 596 554 634 l.
585 594 621 633 3.
692 594 846 631 Nititur
900 598 1034 631 autem
1086 593 1162 629 hoc
1203 605 1351 630 nouum
1395 603 1516 640 argu-

54 659 231 692 mentum
278 665 347 699 eo,
391 652 496 701 quod
539 656 579 688 et
619 652 818 689 iustitiam
862 656 904 688 ct
945 652 1117 688 uirtutes
1160 647 1338 700 reliquas
1371 658 1516 686 omnes

53 712 143 748 boui
180 709 254 746 uiri
288 715 434 759 suapte
468 709 521 757 ui,
551 720 630 745 uon
664 706 795 745 aliena
828 706 976 745 colant.

167 767 239 802 sit
271 766 318 801 iu
354 766 429 815 (ἐιΙ
492 764 552 802 Ad
594 765 698 802 hauc
731 763 892 813 mendi,
938 762 1044 813 quod
1084 763 1123 800 in
1157 760 1244 800 cod.
1277 760 1386 799 arch.
1419 758 1516 807 suit,

56 825 226 862 formam
265 834 406 872 parum
449 828 638 859 accurate
677 820 984 858 accommodata
1024 824 1089 856 est
1130 819 1382 856 deteriorum
1415 829 1518 867 quo-

56 878 225 917 rundam
268 876 453 916 codicum
497 883 539 916 et
579 891 625 915 ea
667 879 896 926 correctio,
939 889 1054 927 quam
1090 875 1196 913 Uict.
1227 875 1398 925 recepit.
1431 874 1520 918 (sic

57 942 107 973 ct
138 934 399 984 reliquae)
435 941 476 973 et
508 948 570 984 ea,
605 948 721 985 quam
755 934 843 972 Car.
878 933 1023 984 steph.
1063 932 1205 972 Lamb.
1249 931 1377 969 Goer.
1421 929 1519 968 Sch.

58 994 130 1029 Or.
164 997 457 1041 expresserunt
487 993 576 1036 (sic
600 991 868 1041 reliquae).
924 990 1076 1027 Dauisii
1104 1002 1202 1026 uero
1227 989 1520 1035 coniecturam,

55 1062 157 1099 qua(-
189 1048 382 1084 Ernestio
422 1050 592 1098 probata
633 1053 697 1084 est
740 1052 781 1085 et
810 1047 1013 1095 wagnero
1057 1046 1133 1082 sin
1166 1057 1246 1094 ea,
1278 1042 1522 1093 reliquae

56 1106 185 1141 oratio
225 1105 392 1153 respuit.
455 1103 759 1153 wyttenbachii
804 1105 1083 1139 coniecturam
1123 1102 1165 1138 si
1206 1101 1358 1148 haec,
1396 1098 1520 1136 reli-

55 1172 186 1211 quae
228 1172 302 1209 per
342 1172 388 1196 se
430 1157 542 1197 illam
585 1158 750 1208 quidem
794 1159 987 1208 optimam
1028 1158 1203 1208 probare
1234 1155 1407 1194 difficile
1439 1160 1522 1203 est,

57 1218 149 1267 quia
179 1229 258 1252 non
291 1214 413 1252 facile
453 1216 632 1264 dixeris,
675 1215 876 1265 quomodo
916 1213 1110 1251 mendum
1143 1213 1240 1251 inde
1279 1218 1412 1251 ortum
1453 1213 1522 1248 sit.

55 1274 284 1311 l’robarunt
314 1276 450 1310 tamen
482 1273 672 1310 Moserus
705 1277 746 1309 et
776 1263 1007 1322 Zumptiu‘s.
1068 1270 1391 1308 Probabiliorem
1430 1281 1523 1306 cor-

55 1329 217 1381 rigendi
246 1330 350 1366 uiam
379 1329 527 1367 Bakius
554 1330 648 1366 iniit
670 1329 893 1366 coniiciens
924 1329 998 1365 ita
1028 1326 1272 1377 reliquae
1305 1337 1525 1377 quoque.

57 1388 206 1425 Notum
251 1391 315 1423 est
357 1387 465 1424 enim
506 1388 576 1423 ita
615 1387 653 1422 in
695 1383 977 1423 concludendo
1026 1386 1214 1434 usurpari
1264 1384 1525 1433 saepissime.

60 1444 183 1482 'susc
218 1443 248 1491 Ι,
284 1442 318 1481 6.
357 1442 419 1480 12.
453 1444 532 1479 Off.
567 1443 633 1491 ΙΙΙ,
666 1440 704 1481 S.
738 1442 807 1481 35.
840 1442 935 1478 Nat.
968 1442 1092 1478 Deor.
1127 1438 1161 1490 I,
1191 1439 1260 1479 40.
1300 1438 1390 1479 110.
1443 1437 1526 1475 Sed

59 1513 148 1538 cum
183 1498 328 1535 eodem
364 1498 485 1535 modo
517 1500 595 1536 sic
628 1503 846 1549 usurpetur
877 1496 954 1549 (de
978 1498 1066 1535 Fin.
1092 1497 1162 1546 lv,
1190 1496 1256 1536 14.
1284 1494 1381 1548 37.)
1413 1508 1526 1534 cum-

59 1568 136 1606 que
179 1555 347 1605 propius
389 1554 438 1591 ad
485 1555 634 1592 codicis
679 1555 787 1593 arch.
830 1555 1006 1603 uestigia
1046 1554 1240 1603 accedat,
1294 1552 1401 1604 quod
1449 1564 1525 1603 ego

62 1613 207 1649 abhinc
240 1611 382 1648 decem
417 1624 542 1649 annos
575 1611 730 1650 conieci
773 1612 849 1648 sic
885 1611 977 1647 iam
1018 1610 1266 1661 reliquae
1306 1621 1527 1660 quoque,

58 1669 294 1706 etiamnunc
328 1668 406 1704 hoc
438 1669 565 1718 magis
597 1668 743 1718 probo.
806 1667 908 1704 Jam
934 1666 1001 1716 id,
1034 1668 1140 1717 quod
1165 1667 1394 1715 conficitur,
1428 1678 1527 1703 con·

55 1727 172 1763 tinuo
207 1724 322 1774 sequi
356 1723 545 1771 iudicat„
590 1724 657 1761 Cf.
691 1736 792 1774 quae
822 1723 902 1760 dix-i
935 1724 968 1773 ᾧ.
1005 1724 1075 1762 23.

177 1781 403 1829 benigna
435 1781 537 1830 est]
610 1781 677 1818 Sic
715 1785 830 1816 recte
873 1780 1108 1830 superiores
1150 1777 1375 1817 secundum
1408 1776 1530 1816 dete-

59 1839 194 1875 riores
239 1836 416 1875 codices,
485 1836 594 1874 Male
634 1836 780 1873 Bakius
819 1837 1010 1887 probauit
1055 1836 1246 1873 mendum
1297 1834 1529 1883 meliorum,

61 1893 172 1944 quod
200 1891 307 1929 haud
341 1894 440 1941 scio,
474 1906 522 1930 an
555 1895 611 1930 ita
643 1899 782 1930 natum
815 1894 885 1941 sit,
919 1898 962 1929 ut
1000 1891 1154 1930 mendo
1188 1894 1450 1943 benignus
1483 1903 1533 1929 ex

64 1955 207 1987 uetere
241 1949 443 1998 scriptura
476 1950 758 1999 benignast
791 1956 884 1986 nato
918 1948 1143 1986 adderetur
1175 1954 1271 1987 est.
1311 1948 1376 1987 Cf.
1410 1947 1532 1998 §.23-

64 2006 208 2056 inepte
246 2006 351 2041 euim
393 2018 479 2042 cum
525 2013 565 2043 et
608 2014 702 2042 ante
744 2010 784 2042 et
823 2010 920 2057 post
961 2005 1012 2043 de
1054 2004 1304 2044 liberalitate
1356 2004 1531 2052 dicatur,

66 2062 248 2099 hominis
279 2059 464 2099 liberalis
497 2064 653 2099 mentio
686 2063 952 2100 interiicitur.
1016 2061 1262 2100 Liberalitas
1301 2066 1453 2110 autem,
1489 2060 1534 2098 id

65 2117 174 2169 quod
206 2116 356 2154 Bakius
388 2122 528 2167 negat,
562 2124 641 2155 tam
677 2119 909 2168 benigna
932 2130 1049 2168 quam
1078 2120 1319 2169 gratuita
1344 2123 1386 2156 et
1407 2129 1534 2155 mer-

65 2174 283 2214 cenaria
315 2178 429 2210 recte
463 2173 709 2225 appellatur.
770 2174 915 2212 Omitti
947 2174 1025 2212 hoc
1057 2175 1320 2224 adiectiuum,
1350 2174 1395 2212 id
1427 2173 1535 2224 quod

62 2230 233 2269 Dauisio
276 2234 444 2268 auctore
497 2231 801 2268 commendauit
843 2231 1094 2282 Wagnerus,
1145 2243 1223 2269 nec
1260 2244 1336 2283 per
1368 2229 1535 2269 codices

62 2285 164 2324 licet
203 2297 281 2323 nec
322 2299 397 2337 per
435 2289 695 2325 sententiam.
763 2287 911 2325 Potest
960 2289 1068 2326 enim
1117 2289 1185 2339 qui
1225 2289 1315 2326 sine
1349 2289 1534 2340 praemio

67 2347 158 2392 est,
202 2347 400 2392 expetere
440 2346 669 2395 praemium
711 2356 788 2382 nec
829 2348 965 2383 tamen
1011 2344 1199 2397 adipisci.
1267 2345 1354 2382 Nec
1399 2349 1536 2381 tamen

68 2403 260 2446 euentus,
291 2398 365 2436 sed
398 2402 556 2438 animus
589 2401 724 2438 dantis
758 2401 980 2450 significari
1011 2401 1199 2442 debebat.
1248 2402 1335 2440 Nec
1359 2400 1538 2452 denique

68 2460 184 2493 recte
217 2453 367 2492 dicitur
399 2455 544 2507 aliquis
575 2470 664 2495 cum
696 2457 888 2495 mercede
922 2470 1027 2496 esse.

182 2512 524 2564 benIgnusue]
595 2514 695 2551 Jure
745 2526 826 2551 non
875 2515 1178 2566 obtemperauit
1214 2514 1363 2553 Bakius
1415 2514 1536 2563 Gzio,

68 2567 253 2616 Mosero,
289 2568 462 2620 Orellio,
502 2571 568 2621 qui
603 2583 650 2608 ex
684 2569 958 2609 deterioribus
988 2572 1229 2623 quibusdam
1261 2571 1382 2610 codd.
1417 2575 1459 2608 et
1489 2583 1538 2608 ex

66 2623 184 2663 Lact.
221 2621 325 2675 VII,
364 2625 447 2676 11„
485 2627 598 2664 cuius
629 2627 868 2665 memoriter
901 2630 1029 2667 uerba
1068 2628 1275 2667 laudantis
1312 2629 1390 2666 hac
1419 2630 1460 2665 in
1492 2639 1539 2665 re

70 2691 195 2729 parua
231 2686 294 2719 est
328 2685 565 2732 auctoritas,
600 2684 982 2735 benignusque
1003 2686 1292 2724 restituerunt.
1332 2682 1540 2724 Particula

71 2746 131 2772 ue
164 2749 242 2786 pro
275 2738 436 2777 liberali
479 2741 698 2790 benignum
739 2741 928 2779 substitui
968 2754 1093 2794 posse
1131 2743 1362 2793 significat,
1398 2742 1456 2778 ita
1497 2744 1542 2777 ut

69 2789 118 2827 ad
154 2804 247 2830 rem
279 2795 407 2846 ipsam
439 2796 482 2834 id
512 2795 614 2834 nihil
644 2795 768 2848 plane
799 2798 980 2838 intersit.
1042 2798 1154 2837 Uide
1186 2799 1260 2837 Off.
1292 2799 1325 2847 l,
1357 2798 1396 2836 7.
1428 2795 1499 2836 20.

1299 2867 1322 2886 ἕ-
