1781 3192
189 152 281 194 528
762 151 834 190 DE
864 149 1098 190 LEGIBUS

192 280 362 320 quum,
401 265 481 302 nisi
520 274 612 300 cum
652 260 879 301 editoribus
921 264 1107 302 omnibus
1151 268 1293 314 sunt,
1332 264 1442 315 quod
1479 267 1523 304 in
1564 265 1656 306 cod.

194 325 307 363 arch.
340 322 470 360 fuisse
502 322 659 356 certum
693 324 783 368 est,
824 324 984 357 mutare
1025 319 1209 358 uolueris
1249 323 1289 358 in
1329 323 1459 371 sint,
1501 323 1544 360 in
1583 323 1658 361 hac

192 391 337 420 causae
386 374 669 413 declaratione
718 377 886 413 restitui
935 389 1111 416 necesse
1160 381 1226 415 est
1276 379 1521 428 quoniam
1579 375 1656 432 (cf.

191 435 331 477 Madu.
365 431 419 469 de
446 432 540 469 Fin.
569 445 608 483 p.
643 428 766 484 25.),
799 431 840 470 ἰ(1
874 432 980 483 quod
1012 439 1184 485 propter
1211 434 1471 484 frequentem
1503 436 1658 473 utrius·

194 505 271 543 que
310 487 480 527 uoculae
521 501 666 538 quum
712 494 753 525 et
785 492 1032 538 quoniam
1067 490 1349 528 confusionem
1384 491 1511 529 satius
1545 491 1656 529 duxi.

193 549 290 588 Mox
321 547 425 584 Dau.
457 549 615 582 temere
650 546 828 582 coniecit
859 559 880 583 e
912 560 1002 584 suo
1036 548 1166 584 uitio
1198 560 1270 598 pro
1303 549 1351 586 in
1385 561 1474 586 suo
1506 549 1658 596 uitio,

195 605 311 642 cuius
353 602 520 652 generis
561 600 815 639 simillimum
866 602 1093 654 exemplum
1131 604 1318 641 Moserus
1365 605 1444 642 hoc
1486 605 1659 656 Nepotis

191 660 379 699 laudauit
417 659 499 698 Att.
541 658 611 707 li,
647 658 684 698 6.
726 672 785 696 ne
828 660 1010 709 qua'in
1050 674 1102 698 re
1144 662 1250 698 iure
1291 659 1658 711 plecteretur3

192 730 274 756 non
316 717 458 766 inepte
501 713 690 765 quidem,
742 714 818 752 sed
855 721 991 753 tamen
1031 718 1120 755 sine
1172 718 1424 755 necessitate
1471 718 1521 754 in
1570 728 1659 754 suo

196 775 424 826 quisque
457 772 606 809 uitio.
641 772 703 811 Cf.
738 771 822 811 Cic.
855 771 905 808 de
937 773 1088 822 011111,
1112 773 1177 812 22.
1205 773 1273 812 78.
1307 779 1358 811 ut
1389 775 1460 811 sit
1491 772 1660 811 libera

195 837 247 869 et
278 842 372 867 non
405 826 654 865 sollicita
687 840 806 865 suae
833 830 908 865 rei
943 830 1198 880 cuiusque
1229 831 1491 868 custodia.

310 896 498 933 noxiae
530 907 728 947 poenae
769 908 861 947 par
897 901 1031 945 esto,
1073 903 1125 935 ut
1163 898 1265 947 cet.]
1333 899 1421 936 Non
1466 897 1513 935 ad
1555 898 1661 935 hanc

195 951 324 993 solam
371 950 506 1002 legem
557 951 617 989 de
660 953 832 1003 captis
878 955 1127 1003 pecuniis
1174 956 1299 991 uerba
1353 953 1457 1005 legis
1501 954 1533 1005 53
1578 953 1661 994 11:

195 1009 331 1062 quod
360 1010 480 1059 quis·
517 1022 689 1045 earum
733 1022 901 1046 rerum
935 1032 986 1036 -
1022 1024 1114 1061 par
1155 1019 1268 1049 esto
1307 1014 1547 1062 pertinere⁷
1587 1009 1662 1048 sed

195 1064 391 1118 generale
427 1066 507 1102 hoc
558 1077 650 1102 esse
698 1070 963 1116 praeceptum
1015 1080 1115 1105 uere
1159 1067 1308 1105 Bakius
1354 1066 1661 1105 animaduertit.

195 1124 335 1173 ltaque
366 1127 480 1159 recte
514 1119 713 1171 exemplis
745 1135 828 1159 rem
870 1121 1154 1162 illustraturus
1193 1126 1314 1162 etiam
1357 1126 1438 1163 uim
1482 1135 1663 1162 comme·

194 1184 344 1228 morat,
378 1177 429 1215 de
462 1191 539 1228 qua
570 1184 663 1214 ante
693 1177 805 1217 dixit.
868 1179 980 1227 Quae
1009 1181 1097 1231 ipsa
1133 1194 1198 1218 res
1229 1194 1351 1219 causa
1384 1182 1461 1220 suit
1491 1178 1660 1232 supple—

194 1237 322 1274 menti
367 1234 428 1272 (16
460 1235 518 1273 ui.
582 1233 663 1270 Sed
704 1234 799 1271 hinc
833 1236 956 1272 etiam
989 1236 1066 1273 hoc
1099 1235 1258 1285 elucet,
1301 1237 1447 1276 melius
1488 1240 1529 1275 in
1567 1236 1660 1284 lege

196 1294 227 1340 §.
255 1292 321 1332 11.
354 1292 549 1328 maiorem
572 1292 949 1340 interpunctionem
971 1293 1067 1342 poni
1093 1298 1188 1331 ante
1212 1294 1334 1330 uerba
1368 1293 1503 1344 quod
1536 1294 1659 1343 quis,

310 1371 502 1420 Legum
544 1367 843 1405 custodiam
878 1368 981 1418 cen]
1051 1369 1157 1407 Cura
1206 1373 1379 1420 aerarii,
1425 1373 1466 1408 in
1519 1372 1663 1420 quibus

195 1426 312 1478 leges
356 1431 399 1464 et
437 1429 604 1463 senatus
644 1424 833 1462 consulta
873 1425 1166 1475 sanabantur,
1199 1426 1388 1464 mandata
1423 1431 1514 1465 erat
1542 1436 1664 1476 quae-

197 1485 389 1522 storibus.
462 1482 538 1530 Qui
582 1483 673 1531 quia
717 1487 759 1518 et
799 1483 919 1519 annui
962 1487 1003 1518 et
1055 1485 1226 1520 iuuenes
1277 1481 1393 1536 (nam
1445 1487 1663 1534 quaestura

198 1546 286 1579 erat
326 1541 481 1591 primus
519 1537 668 1588 gradus
709 1536 901 1591 honoris)
942 1537 1165 1577 tabulariae
1201 1540 1262 1577 rei
1312 1553 1393 1578 non
1444 1537 1662 1578 admodum

196 1597 319 1650 periti
361 1600 502 1644 eraut,
554 1595 686 1632 omnis
727 1607 773 1631 ea
813 1609 907 1632 cura
951 1595 1164 1633 Ciceronis
1208 1600 1344 1634 aetate
1385 1595 1531 1635 relicta
1578 1599 1667 1633 erat

198 1653 501 1705 apparitoribus
529 1656 571 1688 et
602 1651 764 1701 quidem
799 1653 1025 1689 scribarum
1057 1654 1225 1702 generi,
1260 1656 1324 1702 qui
1355 1652 1510 1691 librarii
1541 1665 1664 1690 uoca-

199 1712 346 1749 bantur
379 1707 458 1762 (cf.
491 1708 660 1746 Beckeri
696 1709 786 1747 Ant.
812 1721 911 1747 rom.
937 1709 985 1758 ΙΙ,
1017 1708 1055 1747 2.
1088 1723 1112 1760 p
1155 1707 1300 1760 373,);
1333 1723 1423 1747 nam
1451 1710 1666 1760 superiore

199 1771 338 1805 aetate
370 1766 566 1803 maiorem
604 1765 640 1802 ei
672 1767 730 1802 rei
763 1763 1019 1815 diligentiam
1048 1778 1140 1802 esse
1163 1765 1383 1803 adhibitam
1409 1767 1500 1817 ipse
1523 1765 1666 1802 Cicero

197 1823 374 1862 indicat.
435 1823 576 1872 ltaque
607 1823 640 1859 si
674 1820 833 1871 quando
865 1820 968 1871 legis
999 1833 1094 1858 usus
1127 1827 1230 1871 erat,
1271 1835 1291 1859 a
1327 1821 1503 1860 librariis
1543 1826 1665 1874 pete-

198 1882 319 1919 batur
348 1893 428 1917 non
461 1879 561 1916 satis
594 1876 818 1928 diligenter
850 1890 936 1915 eam
971 1890 1137 1929 semper
1165 1877 1509 1918 describentibus
1570 1878 1665 1916 Mox

200 1935 406 1990 publicam
442 1937 681 1973 memoriam
708 1933 884 1985 public-is
918 1934 1072 1972 litteris
1095 1935 1371 1983 consignatam
1397 1940 1512 1973 recte
1534 1935 1667 1971 inter-

201 1997 420 2046 pretantur
460 1991 620 2029 tabulas
662 1990 845 2042 publicas
885 1991 1050 2042 publica
1101 1993 1345 2028 auctoritate
1392 1993 1664 2030 confirmatas.

202 2051 359 2089 Maiore
400 2047 519 2088 codd.
552 2049 799 2086 auctoritate
833 2052 874 2084 et
913 2049 1004 2097 quia
1043 2048 1269 2098 insigniore
1312 2047 1666 2086 demonstratione

201 2119 284 2145 non
324 2118 424 2158 opus
465 2110 555 2155 est,
606 2117 698 2142 eae
737 2103 888 2153 leges
926 2105 1087 2141 restitui
1136 2116 1211 2154 pro
1257 2103 1420 2153 uulgata
1463 2105 1664 2154 scriptura

200 2165 295 2202 hae
324 2161 495 2212 leges.

343 2223 721 2289 νομοφύλακες
751 2236 1024 2287 creantur]
1087 2236 1151 2274 Cf.
1196 2236 1247 2274 de
1285 2237 1363 2274 hoc
1398 2235 1561 2274 illorum
1603 2234 1667 2272 of-

203 2299 299 2337 ficio
344 2297 620 2336 Schoemanni
662 2298 758 2334 Ant.
798 2296 872 2334 iur.
922 2293 1030 2345 publ.
1080 2307 1118 2344 p.
1159 2290 1254 2332 299.
1296 2292 1392 2333 358.
1440 2292 1667 2330 Hei-manni

203 2357 296 2395 Ant.
350 2368 409 2405 gr.
441 2367 482 2406 p.
521 2350 612 2393 129.
651 2358 735 2392 not.
784 2351 846 2391 15.
918 2349 1029 2387 Bakii
1072 2351 1307 2388 coniectura
1348 2350 1669 2387 creabantur

201 2416 376 2464 propter
416 2423 485 2460 ea,
520 2422 624 2460 quae
664 2414 916 2459 sequuntur,
954 2413 1140 2457 tempora
1182 2406 1427 2457 imperfecta
1465 2403 1666 2457 (obser-

202 2470 397 2506 uabant
426 2490 482 2495 -——
514 2467 811 2504 reuocaban
827 2462 866 2517 t)
901 2462 1067 2502 uidetur
1097 2464 1329 2501 necessaria
1353 2474 1462 2512 esse,
1491 2462 1570 2499 nisi
1592 2473 1665 2512 pro

202 2526 268 2564 his
307 2524 547 2577 praesentia
586 2524 810 2560 restituere
852 2519 1047 2559 malueris
1092 2521 1388 2558 obseruant
1427 2542 1480 2547 —
1520 2530 1667 2556 reuo-

203 2586 350 2631 cant,
402 2580 445 2618 id
499 2578 607 2630 quod
648 2577 925 2617 commendari
968 2574 1269 2627 quodammodo
1310 2575 1476 2614 uidetur
1518 2573 1667 2612 mendo

204 2639 349 2690 optimi
380 2636 534 2675 codicis
567 2635 646 2675 Gd.
680 2635 717 2675 2.
752 2634 1058 2681 obserbant3
1093 2639 1135 2671 et
1167 2644 1265 2670 sane
1297 2637 1422 2684 temp.
1464 2631 1669 2682 praeteri-

205 2701 291 2733 tum
325 2700 440 2732 erat
469 2691 649 2730 librariis
684 2704 804 2729 eausa
838 2703 929 2728 esse
951 2691 1101 2741 potuit,
1137 2696 1180 2727 ut
1204 2689 1400 2739 deinceps
1421 2687 1665 2739 imperfecta

203 2751 432 2800 inferrent3
481 2762 573 2788 nam
623 2746 947 2801 nomophylwes
987 2746 1198 2785 Ciceronis
1239 2749 1373 2783 aetate
1410 2746 1453 2783 in
1496 2744 1668 2782 Graecia
