1781 3192
216 198 276 236 28
787 194 857 234 DE
888 193 1120 233 LEGIBUS

332 310 366 360 ς.
405 308 468 349 16.
530 308 573 346 si
615 304 722 344 ullo
762 307 810 345 111
853 320 1049 358 genere
1090 306 1194 358 cet.]
1256 307 1367 356 Quae
1404 306 1566 359 uulgata
1598 308 1688 347 fere

221 370 318 405 eunt
345 362 569 403 secundum
601 362 766 401 codices
798 362 1053 403 deteriores:
1086 364 1138 401 in
1170 362 1320 401 nullo
1352 376 1552 413 genere
1582 365 1688 403 dis-

220 420 448 474 putandi
480 420 644 470 magis
675 419 908 459 honeste
938 420 1233 473 patefieri,
1257 432 1304 459 ea
1330 420 1564 470 neutiquam
1590 435 1689 472 pos-

222 483 319 517 sunt
338 476 524 528 probarig
548 489 625 514 nec
647 476 756 514 enim
781 478 819 515 in
843 477 918 515 hac
943 477 1222 528 disputatione,
1244 476 1373 526 magis
1396 478 1475 513 ista
1499 478 1687 527 patefieri

220 538 336 572 recte
377 531 591 582 dicuntur,
636 545 752 583 quam
791 535 831 571 in
873 532 950 571 alia
990 532 1095 583 ulla,
1136 545 1212 570 nec
1253 537 1347 583 apta
1376 536 1441 570 est
1472 532 1568 571 huic
1599 531 1689 572 loco

218 590 374 628 mentio
410 588 666 639 honestatis,
705 589 866 628 etiamsi
904 591 1104 628 honorem
1145 601 1235 627 cum
1276 590 1368 641 ipsa
1410 589 1691 640 patefactione

219 648 401 686 iunctum
431 657 523 683 esse
555 644 684 695 dicas,
718 649 763 683 ut
785 645 834 683 ad
867 647 1000 700 ipsum
1033 650 1237 686 auctorem
1263 646 1520 683 existimetur
1537 646 1689 685 redun-

219 702 318 741 dare
358 714 436 739 nec
477 714 566 739 cum
599 702 856 752 Goerenzio,
899 704 1089 752 Mosero,
1132 700 1288 740 Orellio
1336 699 1526 751 neglecta
1573 701 1691 741 latini

220 759 423 797 sermonis
463 762 605 798 natura
641 759 700 796 sic
731 759 1036 810 interpreteris,
1067 762 1112 796 ut
1151 760 1319 809 magis
1351 758 1574 796 honeste
1613 759 1692 797 hoc

221 816 277 855 sit
318 815 479 865 magi-s
521 815 567 852 in
607 814 860 856 honorem
908 816 1127 867 generis
1170 815 1396 854 humani.
1462 816 1548 853 Nec
1594 827 1691 853 uero

221 874 440 910 assumtam
466 868 638 909 aliorum
672 871 924 912 deteriorum
956 871 1143 911 codicum
1177 873 1420 923 scripturam
1464 870 1610 909 nullo
1640 872 1691 908 in

221 939 412 978 genere
436 925 753 978 disputandi
775 931 935 980 magis
958 929 1183 966 honesta
1207 928 1457 979 patefieri
1475 929 1692 980 Zumptius

221 984 503 1035 comprobauit
535 986 592 1023 ita
622 984 849 1025 uertendo:
888 986 953 1024 bei
990 984 1136 1024 keiner
1165 986 1242 1023 Art
1270 983 1694 1023 wissenschai'tlicher

222 1040 505 1091 Eroerterung
536 1040 706 1080 werden
736 1042 790 1082 im
822 1042 1009 1081 hochern
1044 1040 1181 1080 Grade
1212 1041 1374 1092 Fragen
1401 1041 1476 1078 der
1502 1040 1692 1080 811111011-

220 1096 307 1138 keit
338 1096 427 1136 klar
464 1098 672 1147 'gemacht-
736 1097 777 1135 ln
824 1111 900 1149 qua
944 1111 1032 1136 cum
1067 1096 1142 1137 alia
1171 1097 1419 1149 displicent,
1459 1101 1543 1135 tum
1573 1095 1691 1142 illud,

223 1152 331 1204 quod
363 1154 582 1192 uniuersae
609 1154 954 1193 honestarum
988 1166 1153 1191 rerum
1186 1154 1359 1202 notioni,
1392 1166 1494 1204 quae
1534 1159 1576 1190 et
1605 1154 1694 1203 ipsa

221 1210 269 1246 ab
295 1209 373 1246 hoc
401 1207 492 1247 loco
525 1209 659 1248 aliena
691 1214 770 1259 est,
804 1210 982 1261 singula,
1015 1224 1117 1260 quae
1149 1210 1367 1259 patefiunt,
1396 1210 1486 1246 sine
1515 1208 1597 1246 ulla
1618 1208 1693 1246 de-

220 1266 522 1304 monstratione
569 1266 785 1306 adduntur.
855 1267 1261 1305 Demonstrationem
1303 1278 1469 1314 eorum,
1510 1277 1612 1316 quae
1653 1266 1691 1302 in
1736 1303 1739 1306 ,

220 1321 296 1360 hac
329 1320 607 1375 disputatione
646 1323 870 1373 patefiant,
919 1321 1106 1360 codicum
1148 1320 1298 1359 mendo
1338 1322 1541 1359 contineri
1572 1333 1693 1373 prae-

223 1376 332 1414 clare
360 1376 551 1415 Halmius
590 1378 802 1429 perspexit
837 1378 876 1415 in
909 1378 1101 1416 Schneid.
1132 1376 1241 1415 Phil.
1280 1372 1310 1415 I.
1341 1390 1384 1428 p.
1421 1376 1516 1427 173,
1549 1378 1615 1428 qui
1647 1390 1694 1414 ex

221 1431 439 1473 meliorum
470 1433 657 1473 codicum
690 1432 841 1473 mendo
872 1435 1085 1484 ingeniose
1117 1438 1183 1483 et,
1221 1437 1266 1471 ut
1297 1437 1424 1484 puto,
1453 1446 1549 1472 vere
1590 1434 1693 1472 haec

223 1488 386 1526 effecit:
417 1502 528 1527 nam
562 1491 637 1529 sic
667 1491 945 1540 habetote,
985 1492 1028 1529 si
1073 1490 1184 1529 ullo
1216 1491 1263 1527 in
1295 1503 1488 1540 genere
1522 1490 1693 1541 dispu-

223 1545 405 1595 tandi,
433 1547 482 1584 in
515 1547 612 1584 hoc
645 1548 751 1585 ista
789 1548 1078 1598 patefieri,
1120 1546 1240 1600 quid
1281 1551 1357 1585 cet.
1416 1547 1572 1595 Quibus
1604 1560 1692 1585 cum

223 1603 264 1640 in
299 1600 389 1638 aliis
417 1602 706 1655 philosophiae
738 1604 936 1654 partibus,
971 1607 1054 1641 tum
1088 1605 1126 1641 in
1158 1603 1233 1640 hac
1262 1602 1542 1654 disputatione
1573 1608 1692 1655 pate·-

222 1658 310 1698 fieri
346 1657 594 1709 declaratur,
628 1660 724 1711 quid
759 1661 813 1697 sit
845 1661 1002 1697 1101111111
1037 1662 1234 1698 tributum
1266 1664 1411 1697 natura
1448 1663 1529 1699 cet.
1591 1660 1693 1698 Pro-

225 1714 394 1756 nomine
431 1714 764 1756 demonstratum
805 1717 989 1766 grauiter
1028 1717 1242 1768 sequentia
1279 1717 1497 1753 monstrari
1525 1717 1692 1753 notissi-

225 1783 334 1808 mum
367 1775 446 1811 est.
507 1772 591 1812 Cic.
626 1771 676 1812 ad
706 1771 804 1809 Fam
857 1771 925 1822 1V,
957 1772 994 1810 7.
1024 1772 1061 1812 2.
1104 1770 1190 1810 sed
1230 1770 1362 1809 idem
1403 1773 1558 1809 etiam
1599 1770 1691 1820 illa

225 1826 338 1864 uidi
374 1841 538 1879 neque
570 1832 620 1866 te
653 1827 938 1867 consilium
969 1827 1096 1866 belli
1137 1825 1324 1866 ciuilis
1362 1828 1435 1865 ita
1475 1828 1693 1877 gerendi

223 1895 314 1923 nec
347 1886 531 1937 copias
563 1885 647 1923 Cn.
681 1885 914 1936 Pompeii
966 1898 1060 1923 nec
1092 1896 1257 1940 genus
1290 1884 1552 1922 exercitus
1583 1895 1695 1933 pro-

222 1940 350 1978 bare
407 1954 720 1995 semperque
774 1954 969 1980 summe
1028 1939 1303 1979 dissidere.
1373 1939 1438 1978 Cf.
1480 1939 1603 1990 Seyff.
1646 1940 1697 1978 ad

222 1994 339 2034 Lael.
372 1996 414 2048 2,
447 1996 485 2039 8.
547 1997 722 2038 Dicendi
754 2011 884 2048 genus
915 1999 1155 2049 ignorarunt
1187 1996 1382 2035 Romanis
1405 2008 1602 2048 perquam
1632 1997 1696 2035 sa-

224 2051 401 2103 miliare‚
435 2055 520 2105 qui,
552 2059 597 2093 ut
629 2055 759 2094 Turn.
783 2055 922 2095 Lamb.
946 2055 1119 2094 Rathius
1144 2067 1217 2105 pro
1243 2052 1489 2103 disputan
1506 2051 1554 2090 di
1582 2064 1696 2091 com-

225 2108 473 2148 mendarunt
505 2110 919 2160 disputationis,
981 2110 1042 2148 Cf,
1083 2122 1186 2161 quae
1228 2108 1311 2151 dixi
1351 2107 1401 2146 ad
1441 2104 1522 2158 III,
1555 2108 1595 2149 6.
1633 2108 1694 2149 14.

226 2162 494 2215 Reliquorum
527 2167 783 2205 coniecturas
809 2165 1118 2218 haudquaquam
1144 2163 1391 2217 111-0110111165,
1423 2177 1474 2203 ne
1501 2164 1597 2216 quid
1621 2165 1696 2203 de-

225 2219 399 2260 siderari
433 2222 635 2272 uideatur,
667 2221 912 2274 simpliciter
944 2223 1170 2273 adiungam.
1206 2221 1386 2261 'l‘urnebi
1419 2226 1460 2259 et
1485 2221 1696 2260 Lambini:

224 2274 371 2314 nullo
403 2279 452 2315 in
484 2291 682 2329 genere
715 2279 1104 2330 disputationis
1136 2279 1208 2317 sie
1239 2278 1527 2328 patefieri3
1572 2278 1696 2316 Daui-

225 2334 298 2374 8112
328 2332 471 2373 nullo
504 2336 554 2373 in
586 2347 781 2385 genere
813 2334 1124 2387 disputandi
1156 2335 1322 2384 magis
1348 2338 1696 2386 potestpate-

122 2390 374 2460 “f-fier&
406 2383 735 2441 wyttenffihii:
767 2404 804 2430 n.
839 2392 866 2428 i.
891 2405 927 2442 g.
962 2392 1096 2443 disp.
1126 2390 1259 2429 illud
1292 2391 1568 2429 honestum
1600 2404 1695 2429 ma·-

222 2447 300 2496 gis
332 2446 617 2497 patefieri,
653 2448 783 2499 quod
817 2448 909 2497 sit3
943 2448 1115 2487 Orellii:
1154 2461 1191 2485 n.
1234 2448 1261 2485 i.
1294 2459 1334 2497 g.
1375 2446 1504 2497 disp.
1536 2449 1697 2497 magis

224 2502 514 2542 manifeste
545 2505 828 2554 patefieri3
862 2504 1000 2544 Bakii:
1046 2519 1082 2545 n.
1117 2506 1144 2544 i.
1178 2517 1216 2556 g.
1250 2502 1561 2557 disputandi
1592 2503 1694 2541 nisi

224 2559 322 2598 hoc
355 2557 422 2596 uel
455 2561 503 2597 in
535 2559 630 2598 hoc
662 2561 939 2612 patefieri.

340 2614 460 2665 quid
498 2617 572 2653 sit
611 2617 812 2655 homini
852 2630 874 2654 a
912 2622 1098 2656 natura
1137 2613 1411 2663 tributum]
1480 2614 1536 2652 Et
1575 2615 1697 2653 uerba

227 2673 332 2712 haec
366 2669 544 2724 (editum
574 2674 681 2711 enim
714 2677 778 2710 est
809 2674 858 2711 ab
887 2674 1073 2711 omnibus
1102 2672 1408 2724 praepositione
1433 2672 1584 2708 omissa
1613 2683 1695 2709 na-

227 2734 365 2776 tura)
410 2733 449 2766 et
492 2728 598 2766 hunc
630 2731 845 2768 uerborum
884 2729 1099 2778 ordinem,
1140 2740 1256 2779 quem
1299 2726 1397 2764 olim
1431 2727 1538 2765 Uict.
1580 2727 1696 2767 Man.

229 2784 468 2836 LambInus,
501 2797 606 2822 nunc
624 2785 772 2825 Bakius
792 2787 996 2839 probauit,
1028 2784 1190 2824 restitui
1211 2796 1258 2822 ex
1289 2782 1412 2823 codd.
1443 2781 1694 2834 melioribus,
