1781 3192
230 184 290 222 66
799 188 868 226 DE
902 189 1133 231 LEGlBUS

243 302 358 335 recte
390 296 538 335 Bakius
577 302 720 335 contra
758 303 938 352 monuit,
979 300 1173 353 idemque
1214 316 1260 341 ex
1302 304 1493 345 Tulliana
1534 322 1711 349 consue-

244 353 386 391 tudine
424 352 580 391 duobus
618 353 825 395 aduerbiis
862 359 975 397 fuse
1009 372 1061 397 ac
1095 358 1265 398 libere
1298 359 1376 400 duo
1408 360 1487 401 alia
1517 364 1711 405 aduerbia

243 407 491 460 opponenda
521 409 652 460 fuisse
683 412 944 462 significauit.

353 480 541 515 natura
573 490 692 517 esse
729 482 827 533 ius]
898 479 946 521 In
989 482 1083 521 cod.
1126 482 1238 521 arch.
1281 488 1437 522 certum
1481 489 1546 523 est
1582 487 1711 527 fuisse

238 537 475 571 naturae.
534 535 591 573 Et
618 535 778 586 quidem
810 544 1032 578 naturae
1065 543 1147 576 est
1176 541 1256 577 ius
1287 544 1356 576 aut
1382 541 1462 579 hoc
1485 543 1709 592 significat:

241 602 285 626 es
327 589 441 638 giebt
478 592 545 629 ein
584 593 855 645 Naturrecht,
896 601 968 633 aut
1004 594 1127 633 illud:
1172 594 1247 633 der
1282 596 1412 635 Natur
1448 598 1598 648 gehort
1635 599 1708 638 das

238 645 375 683 Recht
415 658 489 696 an,
533 653 577 686 ut
615 662 635 686 a
677 655 821 690 natura
851 665 932 690 non
963 653 1099 704 possit
1128 654 1324 701 separari,
1367 654 1706 703 quemadmodum

239 702 268 751 ᾗ.
302 699 370 741 35.
412 701 538 744 dixit:
576 708 688 744 iura
731 714 782 747 et
820 707 964 759 leges
1005 722 1025 747 a
1063 712 1253 746 natura
1295 721 1590 749 secernere
1618 713 1704 762 qui

238 755 404 796 licet?
455 760 609 799 Uerum
655 776 744 801 cum
783 777 861 803 nec
899 767 1000 803 satis
1035 764 1232 802 distincte
1270 766 1328 803 sic
1369 764 1473 804 illud
1516 767 1706 806 uideatur

238 813 465 866 declarari,
511 818 572 855 ius
615 830 662 859 ex
699 824 845 859 natura
882 826 1016 860 ortum
1061 833 1180 870 esse,
1230 833 1306 859 nec
1346 821 1478 860 Stoici
1517 835 1705 875 umquam

233 865 448 926 φύσεως
494 869 630 920 εἶναι
678 873 734 922 τὸ
784 877 994 923 δίκαιον
1039 887 1250 938 dicerent,
1294 888 1367 926 sed
1408 874 1569 936 φύσει
1615 881 1703 925 καὶ

223 935 300 996 μὴ
335 937 480 985 θέσει
516 954 653 1006 (mog.
685 956 826 996 Lam.
860 957 946 1006 vn,
984 954 1076 996 128.
1109 955 1219 994 stob.
1250 954 1337 996 Eu.
1369 956 1467 995 Ειιι.
1498 970 1539 1009 p.
1574 957 1703 1008 184),

233 1005 356 1044 Bakio
399 1014 721 1057 egorassentior
770 1018 813 1050 et
852 1013 1060 1063 Maduigio
1100 1010 1177 1066 (de
1219 1012 1314 1050 Fin.
1354 1025 1393 1064 p.
1434 1010 1556 1067 473.)
1604 1027 1702 1066 pro-

230 1063 423 1100 bantibus
462 1065 650 1107 Lambini
691 1070 970 1108 coniecturam
1010 1072 1218 1118 natura,
1263 1080 1365 1118 quae
1398 1068 1540 1108 eadem
1574 1070 1700 1109 Daui-

230 1120 292 1156 sio
322 1118 491 1170 placuit.

343 1178 392 1212 et
424 1177 646 1219 scilicet
678 1182 735 1227 (ia
769 1177 958 1233 freilich)
989 1184 1028 1220 in
1062 1180 1207 1219 eodem
1241 1184 1305 1218 est
1334 1191 1503 1231 genere,
1535 1180 1588 1219 de
1619 1196 1697 1232 quo

229 1230 311 1269 (lixi
343 1226 377 1280 Ῑ,
412 1231 444 1281 §-
478 1233 519 1274 4.
564 1242 606 1276 et
637 1237 705 1288 ΙΙΙ,
743 1239 776 1289 §.
817 1236 885 1277 24.
928 1238 1046 1276 Lbini
1089 1238 1195 1275 coni.
1238 1240 1323 1273 aut
1363 1236 1583 1275 scilicet
1619 1250 1697 1276 nec

225 1289 459 1326 necessaria
499 1304 577 1330 nec
618 1306 691 1344 per
726 1307 771 1332 se
809 1293 1035 1345 probabilis
1074 1297 1149 1331 est.
1212 1293 1312 1331 Cum
1355 1293 1485 1330 ironia
1523 1293 1696 1344 quadam

225 1344 401 1392 Quintus
433 1345 536 1386 haec
568 1349 691 1387 dicit:
730 1349 963 1388 disserendi
994 1349 1246 1399 libertatem,
1292 1361 1369 1399 qua
1401 1352 1445 1386 ut
1474 1348 1696 1388 Academi-

226 1412 296 1437 cus
330 1399 462 1439 adhuc
505 1406 711 1455 utebaris,
752 1411 797 1444 ut
832 1405 943 1443 nulla
981 1404 1319 1457 philosophorum
1359 1404 1581 1457 disciplina
1621 1405 1694 1444 ad-

226 1456 391 1493 strictus
442 1470 523 1497 non
566 1466 719 1499 certam
762 1474 927 1512 semper
968 1462 1202 1513 sequereris
1245 1462 1471 1510 rationem,
1519 1464 1694 1501 amisisti

225 1516 294 1549 aut
323 1513 355 1549 si
388 1525 467 1550 non
498 1522 611 1554 certa
642 1517 812 1568 quadam
845 1516 1182 1571 philosophorum
1225 1515 1441 1567 disciplina
1473 1516 1692 1557 adstrictus

222 1569 294 1616 sis,
328 1573 444 1606 certe
476 1570 569 1610 aliis
598 1574 888 1626 obtemperans
921 1587 1001 1613 non
1026 1579 1140 1613 tuum
1163 1574 1206 1610 in
1225 1571 1471 1624 disputando
1495 1573 1690 1613 iudicium

217 1625 419 1674 sequeris.

333 1680 365 1730 ᾗ.
395 1679 466 1720 37.
527 1685 619 1723 sed
652 1687 761 1724 iter
792 1687 895 1737 cet.]
955 1687 1071 1724 Hanc
1112 1685 1324 1725 meliorum
1367 1683 1552 1724 codicum
1586 1688 1689 1725 scri-

218 1739 378 1786 pturam
409 1738 631 1789 improbari
662 1756 742 1781 non
775 1745 957 1795 oportuit
987 1757 1008 1781 a
1030 1743 1211 1792 Dauisio,
1245 1744 1311 1793 qui
1334 1743 1525 1792 imperite
1546 1745 1687 1781 conie-

218 1796 295 1829 cit:
328 1795 435 1831 iter
456 1794 610 1836 huius
636 1801 892 1838 sermonis
925 1799 1047 1850 quid
1080 1800 1150 1836 sit
1179 1797 1333 1836 uiden
1357 1809 1434 1835 nec
1462 1811 1483 1834 a
1504 1797 1684 1848 Mosero,

217 1849 283 1897 qui
333 1851 426 1900 quia
470 1852 581 1892 iter
627 1857 889 1895 sermonis
936 1869 958 1893 a
1002 1855 1203 1893 Cicerone
1251 1853 1428 1892 alienum
1474 1852 1687 1904 iudicauit,

217 1907 416 1945 coniecit:
459 1909 552 1948 sed
594 1911 834 1951 interest
873 1913 1026 1950 huius
1067 1911 1345 1949 sermonis.
1405 1907 1688 1949 Uidelicet

214 1960 274 1998 ad
306 1967 387 2002 cet.
449 1963 527 2004 Est
556 1980 654 2005 uero
686 1970 792 2007 iter
822 1969 1083 2006 sermonis
1118 1966 1224 2018 quod
1256 1979 1330 2004 nos
1363 1965 1534 2004 dicimus
1567 1966 1686 2018 Gang

215 2015 290 2055 des
324 2019 587 2071 Gesprachs3
628 2024 750 2075 idque
786 2024 856 2063 uel
888 2025 1025 2063 uerbis
1058 2025 1323 2075 sequentibus
1355 2019 1441 2076 (ad
1471 2034 1604 2074 resp.
1629 2045 1683 2053 —

211 2077 390 2124 pergit
437 2081 630 2123 oratio)
682 2081 749 2118 nel
799 2081 888 2118 aliis
936 2080 1147 2118 Ciceronis
1191 2078 1294 2117 locis
1338 2080 1438 2116 satis
1486 2078 1682 2119 firmatur.

212 2127 279 2167 Cf.
311 2130 363 2167 de
394 2131 488 2170 Fin.
519 2134 589 2183 lv,
628 2134 692 2175 14.
729 2135 799 2176 37.
832 2137 883 2174 de
907 2136 976 2174 Or.
1002 2132 1060 2186 ΙΙ,
1093 2136 1162 2175 57.
1192 2134 1289 2175 234.
1323 2135 1377 2172 ib.
1404 2134 1452 2180 ll,
1486 2133 1556 2183 71,
1585 2133 1683 2176 290.

210 2195 411 2235 Similiter
457 2198 673 2240 Platonem
710 2203 838 2253 Legg.
878 2199 954 2242 Ill.
1002 2216 1042 2254 p.
1074 2201 1172 2243 688.
1202 2202 1252 2240 Ε.
1288 2186 1384 2249 Τὴν
1423 2185 1550 2235 ὁδὸν
1587 2192 1681 2237 Tot]

207 2248 376 2311 λόγθυ
409 2264 547 2305 dicere
585 2269 734 2307 Bakius
777 2269 1080 2307 animaduertit.
1150 2270 1210 2308 De
1251 2267 1420 2319 reliquis
1463 2269 1539 2306 uiri
1569 2269 1680 2309 docti

207 2322 379 2359 mirifice
409 2321 631 2363 dissident.
694 2325 898 2375 Dauisius,
930 2329 993 2364 cui
1022 2325 1118 2364 Ern.
1156 2324 1379 2376 applausit,
1412 2326 1589 2363 coniecit
1618 2326 1678 2364 ad

207 2389 291 2415 res
323 2377 455 2428 publ.
495 2380 788 2419 firmandas
831 2386 880 2420 et
923 2382 980 2420 ad
1021 2380 1384 2420 stabiliendas
1412 2379 1565 2431 leges
1597 2394 1676 2420 sa-

205 2433 411 2472 nandos
441 2436 691 2487 populos;
724 2438 914 2476 Moser-us
946 2443 989 2476 et
1010 2437 1192 2477 Orellius
1224 2439 1450 2489 probarunt
1476 2436 1534 2487 id,
1568 2438 1674 2488 quod

205 2488 447 2528 Schuetzius
471 2494 706 2532 coniectura
729 2499 818 2532 erat
841 2500 1080 2534 assecutus:
1110 2493 1169 2532 ad
1191 2507 1276 2532 res
1298 2492 1435 2546 publ.
1459 2493 1672 2531 firman-

202 2544 320 2594 das,
363 2547 420 2585 ad
465 2548 800 2589 stabilienda
830 2552 965 2600 iura,
1008 2550 1069 2589 ad
1103 2550 1391 2590 sociandos
1420 2547 1668 2600 populos;

202 2600 356 2639 Lbinus
386 2605 590 2642 coniecit:
622 2605 679 2644 ad
711 2608 787 2645 rei
819 2607 1065 2659 publicae
1095 2606 1388 2645 firmandas
1421 2607 1476 2642 et
1507 2605 1670 2642 stabi-

199 2655 411 2696 liendas
445 2662 592 2699 uires
625 2663 763 2701 etad
791 2663 1053 2702 sanandos
1088 2661 1331 2714 populos3
1368 2660 1565 2699 Rathius:
1609 2660 1670 2699 ad

196 2725 282 2750 res
313 2714 452 2764 publ.
485 2716 784 2758 firmandas
825 2724 876 2758 et
906 2719 962 2759 ad
995 2717 1376 2767 stabiliendas,
1408 2717 1527 2754 iure
1555 2730 1668 2755 san-

192 2769 379 2808 ciendo
429 2773 743 2825 populorum
797 2778 965 2815 omnis
1010 2780 1187 2815 nostra
1232 2777 1418 2826 pergit
1463 2774 1666 2822 orati03
