1781 3192
458 198 611 236 mulcti
647 197 903 235 ΤΡΙΙΚῚῚΙῙἈ.
953 197 1053 234 Car.
1091 197 1156 235 Vi.
1453 195 1542 234 273

78 311 291 363 familiam,
323 323 427 362 quae
457 312 533 349 iam
566 310 815 348 indicaretur
846 309 1046 357 Platonis,
1083 307 1331 358 Aristotelis,
1364 307 1535 346 aliorum

79 371 313 407 nominibus
362 367 597 406 afferendis.
679 365 855 404 Ueteres
902 367 1134 404 Academici
1181 371 1224 404 et
1270 366 1536 417 Peripatetici

79 427 242 477 saepius
275 438 295 462 a
319 425 517 464 Cicerone
548 423 737 462 dicuntur
769 435 845 461 una
877 423 1029 460 familia
1063 425 1088 460 i.
1116 436 1153 460 e.
1188 421 1405 473 disciplina
1436 435 1537 461 oon-

82 483 201 520 tineri
235 478 346 534 (Cic.
380 483 450 520 Ac.
488 479 518 532 Ι,
551 479 591 520 4.
625 481 664 519 7.
698 479 748 516 de
772 480 863 518 Fin.
887 477 963 529 IV,
984 480 1024 518 2.
1050 478 1133 531 3..)
1196 480 1390 529 Utrisque
1415 480 1535 516 etiam

82 541 134 576 de
164 538 252 576 Diu.
288 533 343 586 ll,
380 538 414 578 1.
449 539 486 577 3.
521 539 572 576 de
605 537 697 575 Fiu.
731 532 806 585 lV,
841 536 877 576 2.
913 537 953 575 ᾗ.
989 533 1064 586 lV,
1088 536 1156 576 22.
1182 536 1251 576 61.
1284 536 1404 572 huius
1437 536 1539 572 ciui-

84 595 133 633 lis
174 593 251 630 loci
284 592 523 644 diligentius
556 595 712 632 tractati
743 591 829 630 laus
864 595 1067 632 tribuitur.
1131 593 1279 630 Uerbis
1313 591 1540 630 Platone

81 650 329 702 principe
361 664 438 688 non
473 658 585 688 recte
621 650 767 688 Bakius
812 650 917 689 hanc
962 652 1040 688 uim
1084 650 1250 687 tribuit:
1291 650 1438 698 „cuius
1483 660 1540 685 sc.

81 705 262 743 familiae
297 706 412 744 Plato
445 710 634 759 princeps
668 707 792 744 fuit“.
857 707 1054 756 Princeps
1086 706 1129 744 h.
1161 705 1207 754 1.,
1241 712 1283 743 ut
1315 717 1456 758 saepe,
1488 704 1539 741 (le

83 777 131 802 eo
163 762 330 811 dicitur,
362 764 427 813 qui
461 764 603 814 agendi
637 764 878 814 principium
912 764 1046 814 capit,
1087 775 1165 799 non
1201 761 1253 799 de
1283 763 1341 799 rei
1376 767 1540 798 auctore

82 819 242 876 (indem
279 819 394 858 l'lato
434 821 513 858 den
555 821 716 868 Anl'ang
754 818 939 872 machtc)
980 820 1066 857 Cic.
1109 818 1161 856 de
1193 818 1272 856 Off.
1309 817 1363 867 ΙΙ,
1396 815 1434 856 4.
1477 814 1540 855 14.

81 878 365 930 principes
398 877 729 915 inueniendi.
773 877 824 914 de
857 878 928 915 Cr.
963 871 1042 924 lll,
1077 874 1146 914 32.
1183 873 1277 914 129.
1311 875 1398 911 Liu.
1433 872 1540 920 ΧΧΙ,

82 935 131 983 4;
176 932 301 984 idque
339 932 572 972 luculenter
618 935 881 972 confirmatur
926 933 1061 970 uerbis
1112 933 1380 982 sequentibus
1423 934 1543 980 post

84 989 417 1031 Aristoteles
449 989 781 1039 illustrauit,
815 1003 861 1027 ex
895 990 1040 1039 quibus
1073 987 1209 1025 elucet
1241 993 1334 1024 ante
1366 985 1540 1037 aliquem

83 1049 161 1086 dici
185 1049 416 1098 scripsisse.
473 1048 709 1085 Temeraria
736 1052 799 1083 est
821 1047 1054 1083 coniectura
1079 1044 1307 1081 Sehefferi:
1341 1044 1395 1081 ab
1422 1044 1543 1079 Aca-

83 1105 284 1143 demica
316 1102 380 1141 uel
412 1103 842 1141 Academicorum
875 1100 1102 1149 familia,
1135 1113 1239 1150 quae
1273 1100 1419 1137 Rathio
1452 1097 1543 1149 pla-

83 1163 167 1200 cuit
216 1161 399 1210 itemque
441 1158 618 1196 Walkeri
659 1158 709 1196 ad
752 1158 839 1196 Cic.
886 1157 938 1195 de
980 1158 1029 1194 N.
1073 1158 1118 1193 l).
1161 1153 1205 1205 I,
1239 1156 1308 1195 33.
1343 1157 1397 1193 ab
1440 1155 1544 1192 alia

81 1216 300 1256 familia.
365 1217 516 1253 Lbinus
536 1215 748 1252 meliorum
775 1213 897 1252 codd.
932 1212 1124 1250 mendum
1150 1212 1207 1249 ad
1237 1213 1366 1249 hanc
1397 1211 1543 1248 fami-

82 1274 197 1312 liam
243 1273 445 1325 probauit.
508 1272 604 1309 Mox
644 1272 835 1322 imperite
876 1283 949 1321 pro
988 1270 1124 1306 uerbis
1167 1269 1445 1320 profectus
1485 1267 1542 1304 ab

83 1331 260 1369 eodem
301 1328 524 1366 Platone
573 1341 631 1365 sc.
678 1342 699 1365 a
747 1340 824 1377 qno
872 1324 1116 1364 Aristoteles
1163 1325 1375 1376 profectus
1426 1330 1542 1373 erat,

84 1388 185 1424 Dan.
215 1386 393 1424 coniecit
422 1384 661 1436 profecti
694 1384 749 1421 ab
781 1383 963 1421 eodem
997 1381 1231 1420 Platone.

198 1461 415 1502 ciuilem
450 1464 495 1500 ln
526 1462 854 1515 disputando
883 1460 1050 1500 locum
1092 1461 1118 1499 i.
1154 1474 1190 1498 c.
1233 1460 1337 1497 hanc
1379 1471 1541 1496 omnem

84 1519 370 1574 philosophiae
414 1527 596 1571 partem,
633 1533 735 1570 quae
777 1520 825 1558 ad
856 1520 1042 1556 ciuitates
1073 1519 1271 1569 pertinet.
1333 1516 1462 1565 Nam,
1501 1522 1544 1553 ut

85 1590 233 1629 saepe,
272 1589 348 1629 per
388 1577 678 1627 metonymiam
719 1590 791 1627 pro
835 1588 877 1613 re
909 1575 1074 1626 ponitur
1106 1575 1210 1611 actio
1242 1586 1332 1611 cum
1368 1585 1412 1609 re
1444 1585 1542 1611 con-

84 1635 234 1672 iuncta.
301 1628 441 1683 ltaque
474 1638 517 1671 ut
547 1634 670 1671 Tusc.
707 1633 755 1681 V,
787 1633 825 1672 7.
864 1630 925 1672 19.
967 1631 1066 1668 dicit
1107 1631 1152 1666 in
1195 1628 1546 1681 philosophia

86 1687 236 1744 (caue
284 1691 418 1726 enim
464 1695 616 1741 putes
663 1688 814 1727 ullam
862 1691 911 1726 in
965 1685 1314 1738 philosophia
1369 1698 1543 1723 uocem

88 1748 325 1784 emissam
357 1758 476 1783 esse
510 1744 838 1799 clariorem),
872 1748 928 1783 ita
960 1744 1086 1794 Legg.
1120 1743 1149 1781 Ι.
1185 1744 1217 1793 ξ.
1245 1740 1310 1783 36.
1355 1741 1454 1779 dicit
1495 1743 1544 1779 in

87 1802 404 1855 disputando
438 1803 620 1853 itemque
652 1800 685 1841 Ι.
721 1802 754 1852 ᾗ.
793 1802 857 1844 16.
889 1803 930 1839 si
964 1799 1071 1838 ullo
1114 1800 1160 1837 in
1203 1811 1398 1851 genere
1437 1797 1545 1836 dis-

86 1858 310 1912 putandi
345 1860 371 1900 i.
407 1871 442 1896 e.
483 1860 515 1896 si
545 1858 621 1897 ulla
657 1862 692 1897 in
726 1863 841 1910 parte
873 1856 1173 1910 philosophiae.
1233 1855 1351 1894 Adde
1383 1854 1495 1892 locos
1526 1868 1548 1892 a

86 1916 211 1956 Bakio
245 1920 287 1953 et
318 1929 339 1953 a
372 1915 473 1953 Gzio
507 1915 695 1954 laudatos
736 1917 821 1953 Cic.
852 1917 903 1954 N.
941 1916 986 1952 D.
1019 1909 1053 1964 l,
1086 1913 1126 1953 5.
1165 1912 1229 1952 10.
1273 1924 1368 1949 non
1411 1912 1547 1950 enim

87 1979 182 2012 tam
224 1973 589 2010 auctoritates
630 1976 679 2011 in
721 1970 1078 2023 disputandO,
1132 1982 1273 2020 quam
1316 1969 1545 2007 rationis

88 2034 344 2068 momenta
377 2029 681 2079 quaerenda
713 2035 835 2068 sunt
866 2034 907 2067 et
931 2028 1060 2066 Partt.
1087 2025 1155 2075 23,
1180 2025 1246 2065 78.
1281 2038 1405 2076 quae
1437 2026 1547 2063 sint

86 2088 133 2124 in
168 2085 491 2136 disputando
525 2099 670 2135 uera,
703 2099 831 2137 quae
864 2084 1021 2123 falsa.
1083 2082 1283 2121 Similiter
1314 2082 1365 2119 de
1386 2078 1546 2132 Offill,

88 2143 128 2183 2.
161 2142 202 2184 6.
244 2142 495 2180 discendi
545 2156 705 2193 genus
754 2142 905 2179 dieitur
942 2153 1013 2192 pro
1056 2138 1352 2190 disciplina
1395 2144 1438 2175 et
1479 2138 1548 2175 di-

88 2199 243 2238 cendi
287 2199 454 2236 uerbum
495 2200 751 2236 tritissimum
797 2204 860 2236 cst
899 2211 972 2250 pro
1003 2195 1327 2246 eloquentia.
1390 2194 1548 2232 Deinde

91 2257 214 2292 uerba
243 2256 293 2292 in
335 2254 660 2306 disputando
703 2256 888 2293 attributi
930 2257 1059 2291 instar
1101 2251 1241 2290 addita
1282 2265 1371 2289 cum
1414 2252 1549 2289 uerbis

90 2308 307 2348 ciuilem
335 2309 529 2360 locum,
563 2314 706 2361 quibus
735 2318 830 2349 sunt
860 2311 1120 2361 interposita,
1151 2310 1188 2346 in
1208 2322 1325 2346 unam
1348 2308 1544 2358 quandam

92 2367 300 2404 notionem
334 2366 585 2406 coalescunt.
647 2368 712 2405 Cf.
745 2381 845 2418 quae
879 2367 960 2404 dixi
991 2365 1041 2403 ad
1074 2361 1154 2404 ΙΙΙ.
1186 2365 1219 2416 §.
1253 2365 1292 2406 6.
1356 2364 1465 2403 Male
1507 2372 1548 2401 et

90 2422 318 2474 W‘agnerus
367 2424 545 2461 coniecit
594 2423 973 2475 philosophiae
1026 2427 1069 2460 et
1107 2422 1300 2471 Rathins,
1348 2421 1390 2458 id
1440 2421 1547 2473 quod

90 2480 258 2518 Mosero
289 2479 459 2530 placuit,
490 2480 838 2532 disputando,
873 2485 916 2519 ut
945 2478 992 2517 ad
1026 2477 1343 2518 illustrandi
1379 2480 1548 2521 uerbum

89 2536 168 2576 hoc
197 2534 440 2576 referretur.

204 2614 520 2654 Heraclides
551 2615 821 2666 Ponticus,
847 2614 1030 2654 Platonis
1050 2612 1294 2665 discipulus,
1323 2615 1390 2665 qui
1411 2613 1551 2652 floruit

92 2673 202 2710 circa
233 2670 393 2724 Olymp.
432 2672 535 2723 113,
572 2678 740 2725 praeter
779 2671 857 2711 alia
895 2671 1020 2710 multa
1060 2671 1225 2722 scripsit
1264 2673 1388 2713 etiam
1426 2682 1549 2721 quae-

93 2727 187 2765 dam
219 2727 271 2766 de
303 2730 552 2779 ciuitatibus,
587 2742 634 2768 ex
668 2732 810 2781 quibus
843 2730 1077 2768 etiamnunc
1097 2726 1294 2779 quaedam
1318 2728 1548 2778 fragmenta

93 2789 330 2836 supersunt,
367 2801 468 2838 quae
501 2785 668 2838 collegit
698 2786 860 2826 Koeler.
889 2785 981 2826 Hal.
1020 2783 1138 2827 moal.

1281 2862 1330 2895 13
