1781 3192
213 188 269 226 72
786 188 855 226 m«)
886 188 1118 227 LEGIBUS

212 304 253 339 in
295 313 369 351 quo
411 298 500 337 sed
543 301 673 335 ortum
707 302 772 335 est
801 312 850 337 ex
883 301 1142 349 coniectura,
1183 302 1252 336 aut
1292 312 1435 349 quam
1478 305 1545 337 aut
1591 299 1684 338 sed

216 358 445 408 reperiatur
483 352 754 404 melioresque
797 355 964 393 codices
1008 369 1085 393 non
1119 356 1421 393 coniunctiuum
1455 354 1687 409 (agitent

213 414 627 460 insectentur-qu
644 407 716 462 e),
750 410 825 449 sed
857 412 1122 449 indicatiuum
1156 410 1318 448 modum
1353 409 1585 463 (agitant
1614 414 1686 449 in-

215 472 397 507 sectan
414 471 564 516 turqu
579 465 624 518 e)
656 472 886 517 praestent,
920 469 1100 518 Zumptii
1134 480 1207 517 ego
1248 471 1290 504 et
1329 467 1440 505 Bakii
1481 469 1687 518 potiorem

216 525 320 562 duco
362 523 664 571 coniecturam,
715 524 780 573 qui
824 528 876 561 ut
914 528 1049 561 natum
1095 535 1188 560 esse
1235 525 1432 575 suspicati
1484 536 1532 560 ex
1580 528 1688 574 part.

215 583 297 618 set
326 580 384 616 ita
413 579 695 629 scripserunt:
737 577 827 616 sed
869 592 957 617 eos
1001 580 1210 629 agitant
1240 580 1689 629 insectanturque

216 636 417 683 suriae,
460 639 504 672 ut
547 634 648 671 haee
687 647 766 671 non
811 636 894 672 sint
931 637 1118 686 opposita
1161 633 1258 672 solis
1289 637 1424 673 uerbis
1455 648 1553 673 non
1586 640 1688 672 tam

218 691 462 740 iudiciis,
506 690 581 727 sed
621 692 779 728 cunctis
822 690 904 729 illis
941 704 1038 729 non
1079 697 1190 729 tam-
1226 692 1444 729 iudiciis
1492 703 1690 742 poenas

216 748 384 786 luunt.
446 745 603 784 Similis
645 747 860 784 inchoatae
903 752 1132 785 structurae
1173 749 1344 786 mutatio
1387 750 1551 800 saepius
1584 746 1691 798 apud

218 806 457 842 Ciceronem
503 804 712 840 inuenitur
749 807 845 854 post
899 805 1022 841 uerba
1069 817 1169 841 non
1218 817 1340 854 quo,
1389 817 1491 854 non
1539 802 1691 854 quod.

221 862 307 899 Cic.
358 858 409 896 de
456 859 527 897 Or.
570 855 615 908 Ι,
661 858 727 899 18.
768 857 838 899 84.
889 860 1213 898 Charmadas
1264 859 1430 898 multo
1474 861 1691 898 uberius

220 915 413 955 iisdem
457 914 516 953 de
559 915 713 953 rebus
763 914 1104 967 loquebatur,
1159 929 1257 954 non
1307 930 1404 967 quo
1450 917 1694 968 aperiret

221 973 547 1012 sententiam
579 984 718 1009 suam
750 972 856 1021 (hic
888 974 1020 1010 euim
1053 985 1160 1011 mos
1193 977 1308 1011 erat
1337 974 1542 1024 patrius
1570 973 1694 1011 Aca-

221 1030 427 1068 demiae
459 1027 735 1067 aduersari
759 1041 967 1081 semper
991 1030 1223 1067 omnibus
1246 1030 1299 1067 in
1328 1027 1694 1081 disputando):

223 1085 321 1125 sed
354 1098 463 1123 cum
495 1085 717 1123 maxime
748 1088 924 1124 tamen
955 1086 1052 1123 hoc
1084 1085 1379 1134 significat.
1439 1085 1545 1123 Uide
1570 1085 1693 1122 etiam

223 1142 275 1180 de
308 1142 379 1180 Or.
413 1137 482 1191 II,
528 1140 593 1181 18.
626 1140 692 1181 74.
728 1137 816 1191 III,
851 1140 919 1181 24.
951 1139 1019 1181 93.
1052 1141 1103 1179 de
1132 1142 1221 1179 Fin.
1251 1141 1330 1193 lv,
1369 1141 1413 1182 5.
1460 1141 1549 1191 11.,
1592 1152 1695 1190 quae

226 1213 315 1238 cum
348 1196 437 1235 aliis
467 1197 652 1235 laudauit
682 1197 808 1248 Sey-ff.
841 1197 891 1235 ad
924 1197 1037 1236 Lael.
1069 1211 1110 1249 p.
1143 1197 1240 1237 210.

337 1267 436 1292 non
478 1253 813 1304 ardentibus]
881 1253 1065 1292 Eandem
1117 1254 1365 1291 sententiam
1415 1253 1580 1304 saepius
1622 1263 1695 1289 ex-

224 1312 390 1364 pressit.
451 1310 561 1348 [vide
603 1323 703 1360 quos
740 1308 854 1348 locos
895 1310 1024 1360 Wytt.
1066 1308 1251 1348 laudauit
1291 1310 1376 1347 Cic.
1420 1310 1461 1346 in
1504 1308 1589 1346 Pis.
1622 1307 1694 1357 20,

227 1366 297 1408 46.
329 1379 403 1418 pro
430 1366 552 1405 Rosc.
584 1367 674 1404 Am.
707 1366 777 1416 20,
811 1366 897 1416 67„
929 1368 1075 1416 quibus
1107 1365 1229 1417 plane
1260 1366 1470 1404 simillima
1501 1369 1596 1403 sunt
1626 1362 1697 1402 illa

226 1423 443 1463 Aeschinis
475 1436 510 1460 c.
541 1422 747 1460 Timarch.
775 1435 814 1472 p.
851 1422 945 1462 180.
980 1422 1032 1459 ed
1063 1422 1206 1459 Reisk.

342 1482 427 1516 aut
458 1479 715 1516 abnueret
746 1482 834 1515 aut
863 1478 1124 1528 fingeret]
1185 1476 1265 1515 Uel
1289 1475 1565 1526 audacissimi,
1597 1489 1697 1527 quos

227 1548 398 1589 poenam
441 1538 612 1586 propter
656 1534 859 1584 insignem
901 1533 1109 1572 audaciam
1149 1535 1421 1572 contemsisse
1471 1534 1698 1582 existimes,

228 1598 297 1631 aut
330 1593 560 1629 abnuerunt
591 1604 612 1628 a
644 1604 689 1628 se
728 1592 990 1628 commissum
1036 1603 1129 1628 esse
1169 1590 1329 1628 facinus
1374 1594 1443 1627 aut
1487 1591 1584 1627 iusti
1634 1590 1699 1627 sui

230 1648 385 1688 doloris
433 1660 595 1686 causam
642 1648 857 1685 finxerunt.
930 1649 1110 1696 Quorum
1151 1651 1195 1684 ut
1233 1645 1335 1683 illud
1375 1645 1570 1684 indicium
1620 1651 1699 1694 est,

232 1705 430 1759 pudorem
456 1703 657 1754 quendam
680 1707 826 1741 natura
850 1705 985 1754 impiis
1019 1715 1112 1740 esse
1143 1703 1327 1751 insitum,
1360 1704 1426 1752 qui
1456 1715 1532 1752 quo
1564 1703 1699 1738 minus

231 1762 460 1815 procaciter
481 1761 666 1798 facinora
690 1761 961 1797 confiteantur
984 1763 1135 1809 arceat,
1162 1760 1218 1795 ita
1245 1758 1322 1796 hoc
1345 1762 1489 1796 natura
1513 1770 1606 1796 esse
1636 1758 1699 1794 ius

229 1816 464 1857 luculenter
495 1818 643 1867 arguit.
705 1817 906 1854 Justum
946 1814 1129 1853 dolorem
1171 1814 1295 1864 dicit,
1329 1828 1407 1864 quo
1437 1826 1573 1851 uerum
1607 1824 1701 1849 esse

233 1875 355 1914 animi
388 1873 571 1911 dolorem
603 1874 831 1922 significet,
870 1886 950 1910 non
992 1870 1238 1909 simulatum.
1308 1869 1510 1908 Similiter
1558 1869 1702 1906 Cicero

232 1934 345 1970 Brut.
379 1928 450 1980 90,
482 1928 580 1970 309.
612 1931 760 1966 iustam
795 1927 1070 1979 eloquentiam
1096 1940 1183 1965 eam
1209 1926 1332 1976 dicit,
1365 1928 1428 1964 cui
1452 1925 1554 1964 nihil
1580 1923 1704 1976 plane

237 1989 362 2036 desit,
395 1988 488 2037 quin
521 1985 710 2037 perfecta
742 1986 810 2023 sit.
872 1985 1004 2023 Causa
1045 1989 1179 2022 autem
1212 1984 1308 2021 iusti
1342 1982 1495 2021 doloris
1527 1994 1606 2020 non
1640 1983 1706 2019 est

235 2056 370 2092 causa,
401 2057 475 2092 qua
508 2043 614 2079 hunc
645 2044 793 2084 iustum
829 2054 923 2079 esse
955 2040 1139 2078 dolorem
1180 2040 1459 2088 demonstret,
1505 2036 1705 2089 quemad-

238 2099 401 2138 modum
440 2099 586 2136 Bakius
628 2099 941 2147 interpretatur,
974 2096 1048 2133 sed
1079 2100 1143 2133 est
1175 2108 1293 2133 causa
1317 2094 1509 2133 facinoris
1537 2093 1704 2145 patrati,

239 2155 348 2207 quod
388 2167 511 2203 uero,
559 2166 640 2190 non
689 2152 879 2190 simulato
924 2154 1036 2204 ipsos
1078 2150 1219 2189 dolore
1258 2151 1424 2191 afficiat.
1492 2150 1576 2189 Csr.
1617 2150 1705 2188 Cic.

238 2213 361 2252 Verr.
399 2210 476 2259 ΙΙΙ,
516 2208 588 2249 85.
631 2207 722 2249 195.
771 2221 938 2258 neque
978 2209 1109 2245 enim
1149 2212 1228 2245 est
1267 2208 1379 2245 fere
1418 2208 1705 2258 quicquam,

239 2266 374 2320 quod
425 2266 666 2303 homines
712 2264 877 2316 palam
927 2264 1105 2302 facere
1160 2263 1388 2301 audeant
1443 2265 1492 2300 in
1550 2263 1707 2312 magi-

239 2327 441 2372 stratu,
474 2322 710 2372 quamuis
752 2321 1003 2372 improbe,
1045 2321 1164 2370 quin
1198 2321 1309 2358 eius
1342 2320 1498 2368 facti,
1537 2321 1583 2356 si
1616 2331 1708 2355 non

239 2383 448 2428 bonam,
482 2383 532 2414 at
563 2377 788 2427 aliquam
820 2378 1076 2414 rationem
1111 2376 1313 2413 afferre
1345 2374 1570 2413 soleant.
1617 2375 1709 2412 Do-

239 2437 409 2474 lorem
450 2435 574 2485 igitur
610 2446 686 2471 nec
728 2435 855 2470 iram
897 2445 987 2470 esse
1027 2433 1258 2470 Goerenzio
1291 2431 1496 2480 concedo,
1529 2443 1604 2468 nec
1636 2432 1708 2467 in-

241 2492 607 2542 dignationem
642 2490 854 2527 Ochsnero
894 2487 1004 2542 (Cic.
1035 2487 1124 2526 leel.
1155 2501 1195 2539 p.
1228 2486 1323 2541 88.)
1364 2493 1406 2525 et
1445 2487 1592 2534 Bakio,
1633 2484 1706 2522 sed

243 2553 309 2587 est
361 2545 477 2585 dolor
528 2546 651 2583 animi
703 2546 960 2597 poenitentia
1010 2543 1178 2583 sceleris
1235 2544 1442 2582 commissi
1493 2542 1707 2578 excitatus.

243 2605 530 2651 Abnueret,
563 2614 636 2652 pro
665 2615 741 2651 quo
773 2614 821 2639 ex
853 2602 945 2640 cod.
978 2603 1053 2640 AB
1082 2600 1146 2640 11.
1171 2600 1235 2641 65.
1269 2603 1503 2650 excerptum
1537 2603 1601 2634 est
1630 2597 1709 2633 ab-

243 2660 447 2707 nuerit,
486 2656 729 2695 translatum
774 2659 962 2696 nimirum
1011 2659 1051 2694 in
1082 2655 1175 2694 illos
1207 2669 1255 2694 ex
1286 2654 1404 2694 codd.
1437 2654 1709 2691 deterioribus

243 2730 317 2769 pro
356 2714 505 2752 mendo
537 2719 679 2765 aperto
713 2715 771 2751 ob
801 2715 1069 2763 iniuriam,
1110 2714 1207 2750 satis
1238 2713 1423 2749 firmatur
1453 2709 1709 2760 imperfectis

245 2772 530 2823 sequentibus.
592 2768 736 2808 Paullo
775 2775 869 2808 ante
911 2770 1012 2808 Dau.
1063 2773 1105 2807 et
1141 2769 1354 2819 Zumptius
1404 2779 1546 2819 parum
1596 2768 1710 2803 recte

1774 2536 1778 2547 -a
1774 2478 1778 2527 -—--<
1773 2154 1781 2470 -ffl-rz-m-n-A——..

1772 2913 1773 2917 „
1770 2808 1776 2894 „Au-v-
1773 2742 1777 2789 -,.
1771 2666 1779 2727 ,„.„,
1772 2628 1777 2647 Α,
1773 2591 1778 2598 ,
