1781 3192
389 209 546 248 LIBER
580 207 882 247 SEcrNDUS.
936 206 1033 246 Cap.
1071 205 1174 245 Vlll.
1426 200 1510 239 157

51 321 196 374 ltaque
240 335 319 360 non
361 335 461 373 opus
501 325 566 358 est
594 320 705 359 Bakii
746 321 1003 357 correctione
1041 315 1415 356 sacerdotibus
1447 312 1509 367 ἥ).

50 381 183 431 Atque
223 380 356 416 omnia
390 379 630 416 Ciceronem
666 377 707 416 h.
741 375 768 414 l.
813 375 1031 427 complecti
1072 373 1275 422 uoluisse,
1317 384 1422 422 quae
1462 370 1512 407 ad

53 437 231 486 auspicia
262 436 534 486 pertinerent,
568 434 662 471 hinc
694 431 966 481 intelligitur,
1011 431 1116 481 quod
1160 430 1354 479 deinceps
1387 428 1510 465 etiam

52 494 310 541 magistratus
341 492 565 542 auspicium
597 502 866 541 praemonere
906 488 1106 527 dicuntur.
1169 488 1269 525 Nam
1309 483 1414 522 male
1447 484 1512 520 in-

53 552 257 598 terpretes
299 547 384 584 sere
429 552 497 584 aut
538 545 588 583 ad
630 558 802 596 augures
846 550 914 582 aut
943 544 990 581 ad
1025 543 1260 582 sacerdotes
1294 541 1437 579 referri
1470 538 1511 577 id

53 605 349 642 existimarunt.
413 603 591 640 Barbare
620 602 696 638 hoc
726 601 888 651 quidem
924 600 1076 638 <lictum
1111 604 1514 647 essen-'augures

52 659 416 707 magistratum
468 659 761 709 auspicium
817 662 1197 708 praemonentg
1249 660 1364 692 recte
1414 664 1514 691 uero

51 715 331 765 magistratum,
364 728 530 764 quorum
567 715 742 764 auspicia
774 720 904 762 erant,
945 727 1022 751 non
1065 714 1230 762 auguria
1270 712 1369 756 (boc
1408 711 1516 746 enim

52 773 98 808 ab
142 771 324 820 auspicio
370 773 421 808 ita
464 771 626 819 dill'ert,
684 776 725 808 ut
766 771 974 819 augurium
1022 775 1063 807 et
1106 774 1271 821 petatur
1311 771 1353 804 et
1391 766 1516 803 certis

52 827 196 863 (liebus
240 827 506 876 ostendatur,
557 828 779 877 auspicium
824 840 898 863 nec
944 832 1108 877 petatur
1148 830 1189 862 et
1231 823 1413 875 quissibet
1451 821 1515 859 aui

52 882 361 919 demonstretur
419 885 532 920 Seru.
570 882 618 920 ad
643 884 746 920 Aen.
775 883 804 932 l,
831 882 963 931 402),
995 884 1219 933 auspicium
1245 889 1516 932 praemonere

53 938 262 987 dicuntur,
295 952 373 988 quo
406 939 573 977 deorum
609 938 796 977 uoluntas
828 941 901 977 sibi
944 941 1161 989 aperiatur.
1222 939 1354 975 Recte
1392 937 1518 986 igitur

51 996 129 1032 hoc
171 996 247 1031 iam
293 995 414 1045 uytt.
461 997 518 1032 sic
559 997 855 1046 interpretatus
903 1001 996 1033 est:
1046 995 1340 1046 auspicium
1392 996 1518 1028 ante

51 1049 391 1089 consulunto.
453 1052 506 1088 Et
549 1051 655 1102 quod
688 1051 836 1089 Bakius
878 1063 1116 1103 peruersam
1159 1050 1268 1088 illam
1310 1051 1519 1098 interpre-

50 1108 266 1156 tationem,
308 1120 384 1156 qua
416 1120 651 1156 augures
694 1109 866 1145 subiecti
900 1108 990 1144 loco
1024 1110 1099 1156 sit,
1141 1120 1190 1144 eo
1232 1106 1384 1143 firmari
1431 1104 1518 1140 exi-

51 1165 206 1212 stimat,
240 1162 348 1213 quod
380 1164 625 1214 pronomine
657 1162 756 1200 olli
784 1169 1067 1200 monstrentur
1099 1164 1378 1212 magistratuS,
1412 1160 1520 1209 fugit

52 1226 95 1258 et
127 1221 247 1257 istum
280 1224 322 1257 et
355 1218 470 1268 alios,
506 1218 607 1256 olli
642 1220 692 1257 ad
717 1221 1024 1271 auspicium,
1058 1232 1136 1257 non
1163 1219 1214 1255 ad
1238 1218 1519 1268 magistra-

52 1283 134 1314 tus
183 1287 276 1313 esse
324 1275 603 1313 referendum.
678 1276 755 1314 Pro
805 1274 1117 1328 popularem
1168 1280 1325 1312 temere
1373 1273 1520 1311 Bakius

54 1333 234 1370 coniecit
263 1332 446 1382 populi
479 1345 579 1370 rem
616 1332 639 1370 i.
675 1346 712 1370 e.
753 1345 837 1369 rem
879 1331 1097 1383 publicam,
1138 1332 1182 1369 A.
1219 1332 1269 1368 G.
1303 1330 1519 1380 Zumptius

52 1402 141 1441 pro
172 1387 371 1439 populo
414 1401 534 1426 rem.
608 1389 704 1426 Res
749 1388 1024 1440 popularis
1064 1394 1127 1426 est
1167 1401 1234 1425 res
1278 1387 1520 1433 domestica,

55 1458 156 1496 quae
189 1446 320 1494 ipsum
355 1443 545 1494 populum
581 1447 763 1494 proxime
797 1446 978 1494 attingit,
1012 1445 1118 1494 quod
1151 1458 1229 1481 non
1258 1444 1312 1480 ita
1347 1442 1457 1479 cadit
1478 1442 1519 1477 in

60 1500 229 1549 bellum,
264 1505 306 1536 ut
335 1512 420 1537 rem
455 1506 681 1538 externam.
733 1501 938 1540 Similiter
969 1502 1051 1539 Cic.
1086 1502 1154 1540 Ac.
1190 1500 1239 1550 ll,
1273 1499 1312 1540 2.
1346 1497 1387 1538 6.
1421 1498 1522 1536 dicit

58 1562 268 1595 coetum
298 1555 620 1607 popularem.

170 1612 537 1663 diuorumque]
599 1613 686 1650 Jam
722 1618 984 1663 posteaquam
1030 1614 1256 1664 expositum
1295 1617 1381 1661 est,
1420 1624 1520 1662 quo-

58 1668 178 1707 modo
210 1668 447 1706 sacerdotes
480 1674 521 1706 et
561 1671 824 1719 magistratus
865 1671 1047 1721 auspicio
1093 1672 1149 1707 uti
1192 1670 1420 1718 deberent,
1473 1667 1520 1704 ad

55 1728 167 1777 ipsos
198 1737 370 1774 augures
403 1730 641 1774 reuertitur,
676 1726 716 1763 id
751 1726 857 1775 quod
880 1728 967 1763 sine
992 1726 1179 1763 molestia
1211 1727 1348 1763 facere
1374 1725 1522 1776 potuit,

57 1795 144 1820 eum
179 1785 264 1818 tota
295 1780 396 1818 llaec
427 1779 531 1832 legis
566 1784 805 1819 constitutio
838 1783 888 1820 ad
913 1796 1093 1832 ‘augures
1125 1784 1345 1834 pertineat.
1410 1777 1521 1817 Iras

57 1844 192 1877 autem
241 1836 455 1875 deorum
511 1838 796 1887 prouidere
838 1841 990 1877 rectius
1032 1841 1248 1877 Turnebus
1293 1841 1352 1876 sic
1392 1839 1523 1874 inter-

56 1899 264 1947 pretatur:
308 1894 563 1944 „prouidere
608 1908 653 1931 an
699 1894 754 1932 dii
791 1897 881 1933 irati
923 1897 1003 1933 sint
1045 1909 1120 1934 nec
1161 1897 1220 1933 rei
1264 1894 1524 1945 peragendae

58 1951 288 1998 l'aueant‘4,
323 1963 438 1999 quam
473 1955 513 1987 et
548 1950 686 2000 Wagu.
721 1956 762 1988 et
795 1951 860 1989 alii
887 1953 965 1990 ita:
1000 1966 1192 2002 „curat-e,
1226 1953 1369 2002 quibus
1395 1951 1523 1987 sacri-

60 2008 159 2045 liciis
192 2005 360 2043 deorum
392 2007 477 2044 irae
515 2006 666 2057 placari
705 2009 914 2058 possint“.
982 2009 1101 2057 Quod
1142 2015 1301 2057 autem,
1342 2007 1523 2045 'l'urnebi

58 2065 91 2101 si
132 2063 236 2100 ratio
277 2063 498 2113 probetur,
548 2063 656 2101 idem
701 2066 776 2101 iam
824 2066 960 2101 uerbis
998 2065 1344 2115 praecedentibus
1383 2063 1523 2100 dicunt

58 2119 275 2167 contineri,
317 2132 393 2156 nae
435 2118 493 2157 illi
534 2132 613 2157 non
658 2126 974 2171 perspexerunt,
1016 2120 1085 2158 illa
1125 2121 1275 2158 referri
1315 2120 1362 2157 ad
1409 2121 1523 2169 sigua

58 2181 100 2214 et
131 2175 311 2226 auspicia
343 2188 414 2212 sua
446 2180 593 2227 sponte
624 2175 774 2224 oblata,
806 2177 887 2214 hoc
918 2177 968 2214 ad
999 2179 1209 2227 augurium
1242 2191 1263 2214 a
1296 2177 1373 2214 (liis
1414 2177 1523 2226 peti-

56 2236 153 2270 tum.
213 2233 506 2282 Apparere,
542 2232 646 2283 quod
681 2230 800 2283 uulgo
833 2234 985 2271 dicitur
1018 2234 1069 2271 de
1101 2236 1166 2283 iis,
1204 2235 1269 2284 qui
1303 2234 1523 2283 magistra-

58 2290 166 2326 tibus
204 2289 382 2326 ministri
423 2295 592 2339 praesto
637 2294 753 2337 sunt,
794 2290 837 2330 b.
880 2288 907 2327 l.
952 2292 1199 2328 transfertur
1238 2290 1287 2328 ad
1333 2302 1521 2339 augures,

58 2346 122 2396 qui
155 2344 323 2382 deorum
359 2344 661 2394 quodammodo
693 2346 869 2383 ministri
903 2352 1012 2385 sunt.
1062 2348 1128 2385 Cf.
1164 2347 1230 2385 ΙΙΙ.
1262 2348 1293 2398 Q.
1328 2346 1394 2386 43.

167 2416 504 2462 temperanto
546 2413 570 2452 i.
613 2426 645 2450 e.
687 2414 812 2451 certis
852 2415 1108 2464 regionibus,
1149 2428 1246 2465 quas
1287 2418 1380 2452 ante
1422 2412 1522 2450 lituo

58 2469 379 2520 descripserint,
429 2468 533 2506 coeli
580 2467 744 2519 fulgura
784 2470 1097 2520 distinguunto,
1153 2477 1195 2509 ut
1243 2484 1343 2521 quae
1388 2470 1522 2507 fausta

57 2527 154 2575 sint,
188 2538 291 2575 quae
326 2525 500 2562 infausta
532 2528 785 2577 perspiciant
862 2527 926 2565 Cf.
960 2524 1038 2566 Ill.
1083 2529 1116 2579 Q.
1150 2527 1219 2567 43.
1255 2529 1306 2565 de
1342 2527 1428 2566 Diu.
1467 2522 1521 2574 ll,

63 2582 125 2621 10³.
159 2582 266 2619 l'lin.
301 2583 353 2620 11.
390 2583 436 2619 N.
473 2582 520 2631 ll,
550 2582 613 2621 5⁴2.
648 2581 715 2622 54.
757 2584 875 2621 Seru.
910 2584 960 2622 ad
992 2587 1089 2625 Aen.
1126 2585 1228 2636 wli,
1261 2583 1357 2625 427.
1390 2584 1436 2622 G.
1472 2584 1524 2621 0.

57 2637 234 2676 Mueller
267 2638 352 2676 Etr.
387 2638 433 2676 li.
466 2651 505 2689 p.
544 2636 632 2678 124'.
659 2652 750 2689 sqq.

158 2760 187 2796 ⁸)
226 2760 320 2791 Mah-
355 2761 497 2792 Rubiuo
536 2761 748 2793 [uter-such.
798 2773 828 2803 p.
864 2761 917 2793 iil.
962 2764 1256 2795 sacerdotes
1303 2774 1364 2804 pro
1406 2771 1521 2793 arcu-5.

59 2803 179 2835 babet.
207 2809 245 2836 ut
269 2807 473 2839 sacerdotes
500 2808 545 2840 ab
574 2807 775 2849 auguribus
806 2807 1016 2851 inaugurari
1046 2809 1222 2842 dicantur.
