1781 3192
446 196 602 234 {anna
636 193 894 233 ‘rna'rws
947 171 1048 233 σῃ».
1081 193 1130 233 x.
1440 193 1530 233 289

66 313 163 349 item
196 308 300 345 actio
335 307 536 346 efficiatur
566 307 782 356 continuo,
825 305 1064 357 plerumque
1104 306 1412 358 praepositione
1451 305 1525 343 ad-

68 368 171 406 scita
202 370 422 416 ponuntur,
457 363 583 402 ueluti
626 377 706 401 ars
748 369 972 414 propter
1015 361 1312 400 utilitatem
1351 360 1529 400 lauda-

69 430 163 461 tur.
235 422 322 458 Nec
371 420 523 458 desunt
565 425 699 458 tamen
754 418 975 470 exempla,
1024 420 1167 470 quibus
1215 419 1319 458 hanc
1368 430 1530 469 quoque

69 478 247 516 continui
291 478 461 514 effectus
499 478 707 515 notionem
751 489 771 512 a
815 477 1008 513 Romanis
1052 487 1287 526 expressam
1328 487 1423 512 esse
1461 477 1530 512 in-

71 533 290 583 telligatur.
355 533 471 581 Quod
505 535 580 570 etsi
613 533 775 580 saepius
807 531 918 569 cadit
951 534 989 570 in
1025 534 1147 570 uerba
1188 533 1446 569 intransitiua
1486 535 1531 569 et

70 590 246 643 passiua,
281 590 455 637 utLeg.
492 586 570 626 lll.
606 588 732 639 §.15.
763 601 859 625 non
891 593 990 626 tam
1025 589 1196 638 regni,
1221 601 1360 638 quam
1387 589 1529 638 regis

73 646 227 685 uitiis
258 645 596 695 repudiatum
629 650 713 682 est
744 646 770 682 i.
804 657 842 681 e.
874 658 954 682 non
985 651 1064 682 tam
1098 645 1236 695 regni,
1269 657 1385 694 quam
1419 645 1531 694 regis

69 701 180 740 uitiis
222 701 412 738 effectum
448 708 526 750 est,
560 706 602 739 ut
632 701 931 752 repudiaretur.
974 700 1024 739 de
1058 701 1150 738 Diu.
1184 696 1228 750 I,
1261 700 1301 738 7.
1338 699 1398 739 13.
1432 702 1533 737 uti-

67 757 227 796 litate
260 762 312 794 et
341 771 421 795 ars
453 764 501 794 et
542 759 800 795 inuentor
838 758 1110 808 probatus.
1150 757 1191 793 in
1233 756 1354 794 Caec.
1397 754 1447 806 3,
1489 754 1531 795 8.

70 814 120 852 de
151 813 240 851 Fin.
274 809 361 861 ΙΙΙ,
413 814 472 852 w.
507 813 577 853 33.
619 815 730 851 Brut.
765 811 840 862 90,
874 813 969 853 308.
1016 811 1127 852 Lael.
1160 810 1239 861 41,
1273 813 1349 852 51:
1392 816 1531 850 tamen

71 883 125 908 ne
164 871 297 907 actiua
329 869 491 919 quidem
525 871 602 908 hoc
635 882 787 920 genere
820 869 981 907 exclusa
1012 874 1118 908 sunt.
1152 868 1215 908 Cf.
1248 868 1331 906 Cic.
1363 868 1414 906 de
1438 868 1533 906 Fin.

70 923 127 974 Il,
159 926 225 965 26.
256 924 322 965 83.
357 928 396 962 si
428 926 695 964 fructibus
730 931 779 964 et
811 925 1190 963 emolumentis
1227 929 1279 962 et
1319 923 1532 962 utilita-

69 984 214 1020 tibus
255 983 525 1020 amicitias
567 981 794 1021 colemus
837 983 863 1019 i.
908 995 944 1019 e.
988 984 1020 1019 si
1061 982 1221 1018 fructus
1262 994 1381 1018 causa
1421 984 1534 1030 sunt,

68 1044 112 1076 ut
143 1039 342 1076 amicitias
375 1036 567 1077 colamus,
629 1037 727 1077 Sall.
761 1039 848 1076 Cat.
884 1038 949 1077 23.
992 1038 1173 1086 inopia
1214 1038 1387 1074 minus
1426 1035 1535 1074 lar-

68 1096 168 1146 giri
199 1099 425 1145 poterat.
459 1095 544 1133 Cic.
577 1107 651 1145 pro
677 1095 782 1132 Mur.
806 1093 875 1144 23,
897 1092 965 1133 47.
991 1094 1116 1143 Seyff.
1150 1092 1201 1130 ad
1224 1091 1334 1132 Lael.
1363 1091 1429 1142 14,
1461 1092 1534 1133 51.

184 1172 535 1225 amplissimis
568 1173 909 1223 summisque]
970 1169 1206 1209 Cumulauit
1237 1170 1455 1221 adiectiua,
1488 1175 1535 1208 ut

69 1229 254 1281 Pompeii
296 1229 663 1280 reprehensionem
708 1229 860 1278 insigni
912 1228 1083 1278 quadam
1130 1225 1251 1264 laude
1302 1231 1532 1265 ceterarum

68 1299 202 1323 rerum
241 1289 541 1336 compensaret.
614 1281 759 1335 Itaque
803 1284 952 1322 Bakius
996 1284 1174 1332 errauIt,
1215 1284 1282 1334 qui
1319 1284 1536 1321 summis

69 1346 114 1379 ut
143 1355 192 1379 ex
223 1343 516 1380 terminatione
543 1341 833 1392 praecedentis
866 1339 1052 1378 uocabuli
1085 1345 1220 1377 ortum
1241 1338 1532 1391 expellendum

68 1396 278 1437 iudicauit.

185 1463 258 1506 X.
319 1462 350 1512 ξ.
378 1462 445 1502 23.
507 1464 800 1514 uituperari
831 1460 1030 1515 potest]
1079 1462 1188 1510 Quas
1212 1475 1259 1500 ex
1282 1461 1384 1502 dett.
1409 1461 1531 1500 codd.

75 1525 324 1570 receperunt
355 1521 634 1557 correctiones
669 1517 1050 1570 uituperabilis
1091 1517 1226 1571 (Uict.
1272 1518 1382 1556 Man.
1423 1519 1534 1556 Mos.

77 1572 174 1628 Or.)
205 1579 273 1612 aut
305 1577 572 1625 uituperio
606 1581 688 1612 est
720 1575 878 1627 (Gebh.
912 1571 1080 1626 Da11.⁹‘)
1106 1575 1208 1613 Ern.
1240 1571 1429 1627 Wagn.)‚
1463 1586 1537 1612 eae

75 1644 156 1669 non
184 1631 483 1682 probabiliores
517 1635 625 1678 sunt,
659 1645 775 1681 quam
819 1636 888 1669 aut
917 1631 1006 1669 Gzii
1046 1643 1147 1681 quae
1187 1631 1409 1669 Sehuetzio
1446 1630 1539 1682 pla-

77 1688 163 1725 cuit
193 1688 429 1724 coniectura
463 1690 812 1738 uituperetur
840 1692 907 1725 aut
935 1686 1049 1724 Bakii
1092 1685 1419 1724 consulatum
1467 1687 1539 1724 ui-

78 1748 320 1794 tupereS.
380 1743 481 1780 Nam
512 1742 822 1781 consulatus
853 1747 918 1781 est
943 1745 1077 1795 ipsum
1117 1755 1290 1792 munus,
1327 1741 1436 1793 quod
1466 1755 1542 1794 per

77 1812 123 1837 se
156 1803 225 1836 aut
253 1797 461 1836 laudabile
496 1805 563 1837 aut
594 1798 865 1851 uituperabile
898 1801 923 1839 i.
957 1812 992 1839 e.
1027 1804 1095 1836 aut
1124 1797 1244 1836 laude
1279 1804 1347 1836 aut
1381 1799 1542 1850 uitupe-

76 1857 239 1893 ratione
273 1855 438 1905 dignum
476 1861 564 1904 est,
597 1869 676 1893 non
709 1857 777 1904 fit,
810 1857 843 1893 si
877 1854 1086 1894 consulum
1119 1860 1286 1905 peccata
1315 1852 1543 1903 collegeris,

79 1913 193 1961 Quae
234 1913 324 1963 ipsa
368 1911 549 1949 conditio
591 1913 689 1948 satis
733 1924 820 1949 eam
872 1912 1119 1949 sententiam
1159 1911 1333 1961 flagitari
1374 1910 1543 1960 indicat,

79 1980 197 2019 quam
230 1965 366 2006 Madu.
401 1969 442 2005 in
474 1967 714 2008 Emendatt.
747 1981 787 2018 p.
820 1967 887 2007 88.
919 1970 1154 2005 coniectura
1183 1969 1223 2004 in
1257 1965 1348 2004 cod.
1380 1978 1429 2017 γ,
1462 1978 1545 2003 non

77 2027 119 2062 in
143 2025 209 2062 Dr.
232 2024 272 2063 2.
306 2028 486 2061 tentata:
520 2023 834 2061 consulatus
867 2023 1199 2075 uituperatio
1224 2027 1307 2060 est
1331 2021 1545 2060 declarare

81 2078 223 2119 uoluit.
285 2079 369 2117 Sed
411 2080 664 2117 substantiua
706 2079 886 2117 uerbalia
924 2081 965 2116 in
1006 2081 1055 2117 io
1099 2077 1330 2116 desinentia
1362 2079 1420 2116 ita
1450 2083 1544 2116 tan-

80 2141 167 2174 tum
208 2139 457 2187 potestatem
501 2136 560 2172 rei
600 2134 817 2172 faciendae
858 2138 1096 2182 assumunt,
1129 2135 1162 2170 si
1193 2134 1441 2172 adiectiuum
1476 2138 1547 2171 aut

79 2203 308 2245 pronomen
349 2190 521 2230 accedit.
566 2190 650 2230 Cic.
693 2192 759 2231 Ac.
793 2191 848 2241 11,
889 2191 952 2231 16.
987 2191 1056 2230 51.
1096 2191 1321 2227 omnium
1357 2188 1547 2227 deinde

80 2248 316 2285 inanium
350 2248 584 2284 uisorum
617 2260 713 2284 una
747 2246 999 2298 depulsio
1031 2249 1124 2284 est.
1157 2246 1255 2295 Leg.
1289 2241 1347 2294 II,
1384 2244 1446 2286 16.
1478 2245 1547 2285 41.

82 2302 146 2342 Cf.
180 2313 317 2352 progr.
355 2301 475 2341 1841.
506 2315 545 2352 p.
579 2302 644 2341 21.
706 2303 903 2341 mendum
938 2301 1056 2342 codd.
1084 2302 1111 2344 δ
1148 2309 1190 2340 et
1221 2301 1301 2339 Gd.
1333 2301 1371 2341 2.
1413 2302 1546 2338 uitu-

80 2360 241 2410 peret
282 2355 451 2394 duorum
483 2358 770 2396 uocabulorum
808 2359 916 2396 notis
948 2359 989 2395 in
1022 2371 1143 2397 unum
1185 2358 1370 2395 conflatis
1407 2362 1544 2394 natum

82 2417 147 2452 est
176 2424 225 2450 ex
257 2413 555 2464 uituperari
587 2417 783 2464 potest.
847 2413 911 2451 Cf.
946 2427 1046 2464 quae
1077 2415 1162 2453 dixi
1188 2413 1238 2452 11.
1272 2414 1306 2464 ᾗ.
1340 2412 1406 2453 32.
1436 2412 1545 2465 prol.

78 2482 121 2522 p.
149 2467 255 2507 XVI.

196 2547 289 2586 ego
335 2534 489 2586 enim]
559 2533 766 2573 Particula
812 2535 946 2574 enim
993 2536 1174 2575 refertur
1223 2533 1274 2573 ad
1316 2534 1392 2585 id,
1444 2532 1550 2585 quod

75 2590 220 2646 paullo
273 2596 369 2630 ante
428 2592 528 2629 uitia
565 2592 796 2630 tribunatus
836 2605 859 2629 a
895 2593 1048 2642 Quinto
1083 2590 1296 2646 praeclare
1334 2595 1552 2643 perspecta

174 2738 208 2779 ⁸)
234 2738 294 2771 hic
332 2741 456 2772 tamen
495 2750 538 2772 ex
582 2739 712 2772 mendo
761 2739 894 2772 codicis
925 2740 1011 2773 Par.
1056 2739 1309 2783 uituperio
1357 2741 1429 2770 est
1471 2736 1553 2768 scd

80 2784 340 2816 consulum
363 2785 606 2819 coniecturam
625 2785 735 2819 ctiam
756 2785 918 2829 peiorem
941 2786 1064 2820 elicuit
1083 2786 1329 2829 uituperio
1348 2788 1487 2823 esset.
1510 2781 1553 2815 si·

1281 2849 1331 2880 19
