1781 3192
387 194 546 233 LlBElt
580 191 881 234 SECUNDUS.
934 192 1034 231 CAP.
1066 191 1152 231 ΧΗ,
1415 188 1500 226 ¹75

51 307 115 347 ed.
150 306 270 345 Lind.
310 310 564 343 contueor
601 316 673 354 pro
712 302 951 340 defendo
992 306 1226 353 usurpatum
1260 312 1351 338 esse
1384 299 1500 350 dicit,

47 365 220 416 probare
255 360 367 398 nolui
407 365 623 411 propterea
644 386 655 407 ‚
711 359 801 408 quia
852 372 1046 410 nusquam
1099 357 1204 409 apud
1257 356 1499 395 Ciceronem

48 420 156 458 istud
190 420 297 455 hunc
324 418 363 454 in
395 416 554 453 modum
587 416 772 463 usurpari
805 414 899 454 uidi.

163 486 257 511 uon
307 470 743 523 interpretatum]
822 471 999 507 'i'cmcre
1050 467 1310 507 existimandi
1363 468 1499 506 officio

49 531 177 569 suncti
210 532 319 576 sunt,
352 529 417 577 qui
443 533 509 565 aut
533 529 643 564 inte
661 539 712 575 rp
730 531 972 574 rotatum,
1007 531 1049 563 ut
1071 526 1213 573 (hius,
1238 525 1499 573 Schuetzius,

49 592 118 625 aut
147 595 386 634 graecum
421 584 833 633 interpretatum
869 595 1074 630 nomen,
1109 587 1150 618 ut
1183 582 1391 629 Dauisffls,
1425 580 1500 618 de·-

48 641 123 679 leri
163 641 380 677 iusserunt.
445 640 529 675 Nec
566 636 814 688 probabilius
857 642 990 674 tamen
1035 643 1101 674 ant
1130 638 1281 674 Lbinus
1313 638 1366 673 ita
1400 650 1499 674 con-

51 697 169 734 iecit:
201 693 334 743 quod
370 706 464 730 nos
496 706 655 744 prope
684 693 820 730 idem
854 705 1035 742 graeco
1078 695 1498 742 interpretatum

46 761 230 789 nomen
261 752 524 798 tenemus,
570 754 638 786 aut
678 748 826 786 Bakius
868 751 951 786 sic:
993 747 1128 798 quod
1172 761 1263 785 nos
1301 760 1500 797 quoquc

45 806 179 845 idem
212 816 447 855 graecum
482 807 703 855 interpr.
738 818 863 842 nom.
905 811 1140 842 tenemus
1181 805 1220 841 in
1258 804 1362 841 hanc
1402 816 1499 841 sen-

46 873 239 911 tentiam:
280 883 504 920 „graecum
544 884 694 908 nomen
745 859 917 906 ἑστίας
961 885 1035 909 nos
1088 883 1244 921 quoque
1292 872 1499 921 interpre-

46 927 186 976 tando,
227 932 268 963 ut
309 927 364 963 sit
406 928 522 964 nobis
560 927 699 976 focus,
751 928 859 964 idem
902 928 1138 965 tenemus“.
1209 926 1407 963 Nimirum
1458 928 1498 963 in

45 997 260 1033 interiecta
292 995 499 1030 sententia
539 995 672 1043 graeci
711 1000 869 1032 tantum
910 995 1084 1032 nominis
1126 980 1376 1039 (ἑόῒῖας),
1418 1006 1498 1030 11011

42 1051 157 1088 latini
191 1047 320 1100 (soci)
354 1051 455 1086 ratio
487 1050 673 1086 habetur.
733 1050 798 1088 Cf.
840 1051 926 1087 Cic.
964 1050 1057 1086 Mt.
1090 1050 1211 1088 Deor.
1244 1048 1294 1097 Η,
1327 1048 1396 1088 27.
1431 1048 1499 1087 67.

43 1107 171 1144 Recta
209 1103 453 1142 emendandi
497 1106 558 1142 uia
596 1106 636 1141 in
677 1105 834 1142 duobus
878 1105 994 1143 codd.
1041 1106 1164 1141 ambr.
1209 1106 1284 1141 iam
1319 1105 1370 1141 ita
1402 1105 1499 1141 inita

43 1166 122 1211 est,
154 1165 196 1198 ut
226 1159 402 1208 negandi
435 1159 576 1198 nocula
610 1173 702 1197 nec
739 1161 801 1198 uel
833 1173 931 1198 non
958 1165 1052 1197 ante
1075 1161 1496 1210 interpretatum

43 1220 97 1256 sit
127 1216 326 1254 restituta.
392 1214 505 1253 lllam
532 1217 719 1254 Moserus
753 1217 871 1253 etiam
898 1217 1133 1253 coniectura
1155 1222 1243 1252 erat
1271 1224 1499 1264 assecutus,

42 1275 148 1311 hanc
181 1277 224 1309 ut
253 1272 293 1307 in
327 1273 519 1309 contrarii
552 1270 851 1321 significatione
891 1274 1041 1309 rectius
1082 1270 1268 1309 Halmius
1311 1273 1499 1322 probauit

39 1328 66 1368 l.
96 1326 126 1366 l.
157 1340 198 1378 p.
237 1326 329 1365 177.
391 1327 489 1365 Eius
521 1333 641 1365 notae
666 1325 692 1366 ἷι
716 1334 810 1378 post
830 1328 1025 1378 graeci—1
1050 1326 1183 1365 facilis
1209 1328 1374 1364 omissio
1398 1334 1499 1365 erat.

154 1381 428 1433 complexa
458 1385 527 1422 sit
559 1388 622 1421 est
650 1386 850 1422 correctio
884 1383 1019 1421 mendi
1053 1395 1315 1433 conspexa
1339 1382 1386 1434 ἦ)
1426 1396 1498 1420 111·-

41 1441 236 1486 cessaria,
270 1439 367 1476 inde
400 1453 418 1476 a
455 1441 638 1477 Manutio
671 1439 847 1489 uulgata.
910 1441 1036 1487 Quam
1077 1441 1109 1476 si
1153 1450 1284 1488 nuper
1315 1437 1499 1475 Halmius

39 1495 70 1534 l.
103 1493 132 1531 l.
175 1492 242 1532 uel
271 1501 491 1544 propterea
526 1495 832 1545 improbandam
866 1508 958 1532 esse
991 1495 1113 1542 dixit,
1158 1492 1263 1544 quod
1302 1495 1339 1530 in
1375 1493 1497 1531 codd.

43 1569 76 1596 α
103 1549 136 1600 β
160 1558 191 1596 γ
223 1548 285 1589 lO.
328 1549 443 1602 (nam
487 1550 555 1590 47.
596 1550 665 1590 48.
713 1551 802 1589 122.
844 1551 1007 1588 codices
1039 1564 1117 1587 non
1150 1549 1268 1601 sunt)
1300 1553 1497 1601 scriptum

41 1609 94 1645 sit
126 1606 278 1643 focus
314 1608 481 1653 urbis,
515 1619 602 1643 cum
636 1605 828 1643 meliores
858 1620 947 1643 cum
975 1605 1179 1656 plerisque
1206 1605 1309 1643 dett.
1333 1606 1496 1644 focum

40 1665 224 1709 teneant,
257 1662 422 1699 nimium
456 1663 626 1699 istorum
660 1662 841 1699 codicum
876 1664 1110 1699 auctoritati
1143 1663 1298 1701 tribuit.

151 1733 205 1765 ut
236 1726 539 1777 aduigiletu
554 1727 592 1777 r]
670 1728 829 1779 Quippe
880 1729 1060 1776 uirgines
1111 1729 1232 1765 uariis
1281 1727 1495 1766 mulierum

6 1804 8 1808 v
40 1785 147 1823 curis
178 1796 258 1820 nou
293 1783 513 1821 distractae
546 1796 686 1821 omnes
720 1797 809 1821 suas
835 1785 1105 1834 cogitationes
1129 1784 1179 1821 ad
1203 1785 1338 1835 ignem
1358 1790 1496 1822 custo-

41 1840 238 1878 diendum
271 1840 459 1876 conferre
488 1844 688 1890 poterant.

152 1910 387 1943 naturam
421 1906 687 1943 feminarn
702 1905 759 1955 m]
821 1906 852 1943 A
877 1911 988 1944 recta
1021 1908 1084 1944 uia
1114 1906 1370 1945 deflexerunt
1397 1920 1496 1944 con-

41 1965 225 2000 iecturae
257 1961 400 1999 Lbini:
433 1975 455 1999 a
486 1968 669 2000 natura
697 1962 1012 2000 seminarum
1046 1975 1239 2000 omnem
1283 1964 1498 2000 castita-

39 2024 151 2056 tem
183 2015 618 2070 peti(ed.1584.),
657 2017 837 2055 Dauisii:
878 2019 924 2055 in
964 2024 1143 2056 natura
1184 2019 1497 2056 feminarum

41 2086 241 2111 omnem
274 2074 572 2111 castitatem
604 2074 844 2124 probari,
877 2074 1078 2111 Manutii:
1121 2076 1170 2111 in
1204 2081 1388 2112 natura
1426 2074 1498 2111 se-

43 2130 291 2166 minarum
332 2140 526 2165 omnem
563 2128 865 2166 castitatem
915 2132 1061 2179 peti,
1111 2129 1248 2170 Bakii:
1296 2134 1497 2167 mature

38 2184 265 2221 feminas
305 2183 362 2220 ad
403 2196 597 2221 omnem
652 2185 958 2222 castitatem
1002 2187 1307 2235 temperari.
1379 2185 1498 2222 Mer.-

40 2239 134 2276 dum
176 2239 264 2277 cod.
306 2239 417 2277 arch.
460 2240 759 2277 innaturam
803 2241 849 2276 ab
894 2253 941 2277 eo
981 2246 1096 2292 patet
1125 2241 1353 2291 profectum
1389 2254 1498 2289 csse,

41 2296 106 2345 qni
139 2307 300 2332 omnem
333 2296 564 2332 custitatem
597 2296 679 2346 pati
713 2308 733 2332 a
762 2295 1003 2333 feminarum
1036 2301 1179 2333 natura
1203 2297 1379 2334 alienum
1409 2310 1499 2334 esse

39 2351 303 2388 existimauit.
364 2349 564 2388 Similiter
595 2352 628 2400 ᾗ.
662 2350 730 2390 35.
762 2352 801 2388 in
828 2351 909 2389 Gd.
931 2351 970 2391 2.
1003 2352 1144 2389 eadem
1179 2352 1233 2390 de
1266 2366 1387 2390 causa
1425 2354 1498 2389 in-

40 2405 319 2443 mnlierum
363 2406 558 2455 scriptum
601 2410 664 2443 est
702 2419 774 2457 pro
817 2405 1104 2447 mulierum.
1173 2404 1315 2458 Itaque
1351 2409 1498 2444 merito

40 2462 169 2511 Lipsii
202 2461 475 2498 coniecturam
511 2474 530 2497 a
563 2462 678 2498 nobis
710 2462 918 2511 probatam
958 2469 1204 2515 receperunt
1235 2465 1359 2501 Goer.
1392 2464 1499 2502 Mos.

41 2517 138 2555 Sch.
174 2516 246 2554 Or.
306 2516 392 2553 Nec
423 2520 559 2553 tamen
592 2520 704 2554 recte
737 2517 807 2555 Or.
848 2531 1046 2557 omnem
1084 2518 1230 2557 retulit
1267 2518 1318 2556 ad
1355 2524 1499 2556 natu·

38 2585 171 2622 ram,
205 2576 249 2609 ut
279 2576 464 2609 natura
504 2571 817 2610 feminarum
860 2574 1024 2612 omnis
1063 2574 1174 2612 idem
1213 2579 1350 2625 esset,
1392 2573 1498 2626 quod

138 2716 170 2756 ⁸)
194 2715 230 2748 in
266 2716 352 2794 {leta
388 2716 489 2750 codd.
531 2719 569 2749 ut
596 2726 729 2759 saepe,
768 2717 850 2750 inde
885 2718 1009 2753 efficta
1033 2724 1089 2753 est
1111 2719 1226 2753 latina
1251 2718 1355 2752 uerbi
1381 2717 1499 2750 forma

45 2769 62 2790 c
74 2768 94 2791 o
108 2770 130 2792 u
143 2770 160 2792 s
170 2771 192 2803 p
206 2771 225 2793 c
235 2772 253 2793 c
292 2771 325 2794 a.
