1781 3192
231 183 321 225 150
799 185 870 224 DE
900 186 1131 226 LEGIBUS

250 313 330 340 non
366 298 453 337 eius
486 297 726 345 amoenitas,
758 297 925 336 Fibreni
959 300 1194 337 amoenitati
1228 297 1328 336 nihil
1360 300 1511 339 cedere
1541 302 1707 353 dicitur,

248 355 349 396 nihil
380 356 459 392 ista
497 355 626 402 figura
667 354 879 403 usitatius,
921 368 997 405 qua
1035 369 1135 406 quae
1176 355 1355 393 hominis
1397 361 1491 394 sunt
1529 357 1594 395 uel
1631 361 1707 408 rei,

250 427 339 452 cum
372 413 461 461 ipso
492 409 661 446 homine
691 409 759 447 uel
788 423 832 448 re
864 416 1154 462 comparantur
1184 424 1258 461 per
1288 414 1593 451 metonomiam.
1625 414 1709 453 Cic.

247 471 328 508 Off.
356 464 387 515 l,
411 466 480 506 22.
504 464 572 505 76.
633 466 854 514 Quorum
885 469 1048 505 rebus
1080 468 1252 517 gestis
1281 481 1588 518 quamquam
1621 471 1710 508 im-

244 525 450 578 perium
484 521 891 560 Lacedaemonis
926 522 1214 561 dilatatum
1255 528 1500 574 putatur,
1539 530 1710 564 tamen

245 594 305 619 ne
336 581 547 618 minima
579 578 782 627 quidem
816 591 873 617 ex
901 584 1051 629 parte
1077 580 1248 630 Lycurgi
1279 578 1492 628 legibus
1527 586 1576 618 et
1607 581 1709 619 dis-

245 635 483 690 ciplinae
526 634 837 673 conferendi
877 639 1009 675 sunt.
1051 635 1102 672 de
1141 636 1209 673 Or.
1242 632 1276 685 I,
1307 633 1377 674 44.
1415 635 1506 676 197.
1538 636 1639 675 ibid.
1671 634 1708 687 I,

245 693 286 734 4.
329 692 394 733 15.
436 691 545 730 Uide
580 689 752 729 Ellendt
789 691 839 729 ad
880 691 922 729 h.
964 691 989 729 l.
1057 688 1203 742 Itaque
1252 704 1332 730 non
1373 695 1606 730 necessaria
1644 702 1709 732 est

247 750 453 788 Ciacconii
494 758 594 798 quae
630 747 783 785 Rathio
825 746 977 798 placuit
1022 750 1283 797 coniectura,
1328 747 1447 786 huic
1486 762 1552 786 am
1569 751 1707 787 oeni-

242 811 364 846 tate.
429 804 705 854 Thyamis,
747 803 854 854 quod
891 816 965 854 pro
998 803 1285 842 Thebanus
1329 805 1506 842 coniecit
1543 805 1707 843 Turne-

244 864 334 911 bus,
375 862 525 900 merito
558 872 579 896 a
610 859 818 911 plerisque
847 861 1061 910 probatum
1103 866 1182 897 est.
1243 861 1319 909 Qui
1362 862 1527 897 nomine
1569 861 1604 899 T
1620 861 1706 899 he-

242 920 402 957 banus
430 917 557 956 Attici
588 915 726 954 uillam
760 915 949 954 denotari
983 917 1196 966 putabant,
1236 918 1264 953 ii
1303 928 1383 953 non
1422 916 1705 967 attenderunt,

245 974 401 1025 uillam,
435 974 487 1012 de
504 985 596 1023 ,qua
616 971 812 1024 loquitur,
839 985 932 1010 mox
956 973 1159 1010 nominari
1181 971 1444 1021 Amalthium,
1467 985 1544 1010 nec
1568 972 1704 1012 uillam

240 1045 349 1070 nunc
388 1029 612 1083 comparari
654 1042 742 1067 cum
787 1029 901 1067 fluuii
936 1029 1210 1077 amoenitate,
1252 1033 1294 1066 ut
1333 1027 1402 1066 uel
1431 1029 1508 1067 hoc
1539 1031 1704 1068 nomine

239 1088 463 1139 improbari
520 1085 672 1124 debeat
726 1085 879 1123 Dauisii
933 1085 1166 1122 coniectura
1210 1083 1410 1122 fundus
1464 1087 1702 1136 epirotes

242 1150 381 1193 tuus,
415 1144 559 1192 Tite,
593 1141 665 1180 sed
696 1154 785 1180 cum
818 1141 932 1179 fluuii
965 1143 1213 1177 amoenitate
1252 1143 1478 1191 comparari
1519 1142 1701 1181 fluuium.

240 1199 417 1239 Fluebat
447 1204 580 1238 autem
612 1211 687 1250 per
716 1199 840 1236 Attici
869 1195 1120 1235 Amalthium
1155 1196 1370 1246 Thyamis.
1425 1197 1512 1235 Cic.
1546 1197 1597 1234 ad
1616 1198 1700 1237 Att.

240 1256 330 1308 VH,
360 1256 397 1296 2.
429 1254 453 1295 3
501 1254 605 1295 Plin.
639 1255 692 1293 H.
726 1255 774 1293 N.
806 1254 877 1302 IV,
914 1252 949 1292 1.
988 1252 1019 1291 1.
1052 1252 1179 1291 Turn.
1214 1253 1316 1292 Adu.
1354 1252 1423 1289 Xl.
1453 1266 1489 1290 c.
1516 1252 1587 1307 jss.

353 1311 638 1361 Amalthio]
700 1311 799 1348 Cum
832 1310 996 1347 Marcus
1029 1308 1225 1358 Thyamis
1265 1309 1375 1346 fluuii
1406 1310 1699 1347 amoenitatem

242 1372 522 1419 comparasset
554 1380 641 1405 cum
674 1366 923 1404 amoenitate
952 1364 1138 1413 Fibreni,
1179 1366 1350 1413 Quintus
1388 1364 1553 1403 laudem
1587 1365 1697 1403 illam

239 1424 290 1462 ad
330 1428 456 1462 totam
499 1425 586 1461 eius
627 1422 764 1460 uillam
798 1419 1021 1468 transfert3
1055 1432 1131 1469 qua
1161 1419 1211 1457 de
1245 1420 1342 1457 uide
1375 1420 1423 1457 ad
1454 1423 1533 1459 Att.
1568 1422 1598 1470 Ι,
1636 1422 1697 1461 16.

241 1479 436 1520 15-18.
513 1477 789 1517 Amaltheo
839 1480 904 1514 est
953 1476 1170 1513 uerissima
1217 1476 1399 1514 'l'urnebi
1448 1477 1697 1527 emendatio,

236 1541 330 1586 post
372 1537 528 1574 Manat.
581 1536 749 1586 probata
792 1533 839 1570 ab
884 1532 1093 1579 omnibus3
1141 1532 1215 1569 sed
1264 1531 1387 1569 malui
1429 1538 1566 1571 tamen
1607 1547 1695 1572 cum

234 1592 348 1630 Man.
381 1592 501 1629 Goer.
537 1591 605 1631 Or.
639 1591 763 1628 Bakio
804 1590 985 1626 scribere
1015 1586 1304 1637 Amalthi0‚
1350 1590 1441 1639 quia
1472 1589 1550 1627 hoc
1582 1589 1696 1627 codi-

236 1660 328 1685 cum
362 1647 524 1686 mendis
556 1649 686 1698 magis
719 1644 1051 1693 commendat11r3
1102 1644 1328 1694 eademque
1359 1645 1411 1682 de
1443 1659 1563 1684 causa
1604 1659 1695 1684 mox

234 1716 322 1742 cum
354 1704 566 1755 plerisque
597 1704 743 1754 scripsi
777 1703 971 1748 aratio,
1005 1713 1085 1738 non
1118 1705 1314 1738 arateo.

347 1759 630 1811 praeclare
662 1756 860 1808 exigis]
923 1756 1096 1805 Errant,
1140 1758 1205 1806 qui
1243 1756 1345 1793 haec
1384 1758 1442 1794 sic
1483 1758 1691 1809 iuterpre-

233 1821 394 1856 tantur:
426 1815 715 1867 „praeclarum
750 1818 828 1861 est,
862 1812 969 1862 quod
1000 1814 1132 1862 exigis
1166 1813 1332 1861 (sehon,
1373 1812 1467 1850 dass
1499 1813 1551 1850 du
1582 1815 1692 1851 mich

232 1872 441 1920 mahnst);
480 1872 529 1909 ad
572 1871 717 1921 agendi
757 1870 960 1907 rationem
1003 1868 1240 1906 aduerbium
1280 1870 1486 1918 pertinet,
1531 1882 1609 1908 non
1642 1869 1692 1907 ad

230 1927 396 1966 dicendi
447 1927 611 1966 modum
662 1927 731 1971 (du
775 1926 857 1962 bist
894 1927 960 1962 ein
1001 1923 1306 1962 vortrefflicher
1345 1925 1556 1971 Mahner).
1627 1923 1691 1964 lta

230 1983 297 2021 uel
336 1983 377 2021 id
418 1983 667 2022 incommodi
707 1980 890 2029 tollitur,
931 1980 1039 2031 quod
1080 1982 1201 2018 uerba
1242 1984 1290 2018 at
1329 1992 1418 2031 ego
1462 1981 1550 2019 eff.
1592 1984 1691 2020 arb.

227 2039 434 2077 habebant
468 2053 545 2091 per
573 2039 842 2091 parenthesin
874 2037 964 2074 scre
995 2038 1228 2084 interiecta,
1263 2041 1307 2074 ut
1337 2038 1474 2074 uerbis
1503 2043 1554 2075 et
1585 2040 1689 2076 tibi

227 2095 407 2132 horum
431 2118 487 2124 —
510 2100 688 2147 potest
719 2093 931 2142 superiora
955 2092 1234 2142 praeclare
1260 2094 1432 2141 exigis
1459 2095 1687 2131 continuari

222 2149 492 2188 indicaretur.
553 2151 621 2188 Sic
658 2149 850 2195 liberius,
894 2152 937 2185 ut
968 2159 1114 2198 saepe,
1158 2146 1277 2185 alteri
1318 2147 1471 2185 iudicio
1504 2148 1687 2188 adiunxit

225 2203 397 2243 alterum
439 2207 636 2243 interiore
668 2206 877 2253 utriusque
918 2204 1079 2240 ratione
1121 2216 1199 2240 non
1241 2203 1438 2241 distincte
1479 2204 1685 2243 declarata

227 2261 319 2305 (ich
351 2259 516 2310 glaubte
546 2260 710 2298 freilich
743 2258 1113 2310 durchgeschliipft
1133 2272 1181 2296 zu
1206 2260 1319 2308 sein3
1361 2259 1440 2297 und
1466 2259 1572 2299 doch
1595 2260 1690 2299 darf

221 2317 290 2355 ich
321 2315 386 2354 dir
415 2317 551 2354 nichts
585 2315 776 2366 schuldig
804 2315 1003 2359 bleiben).

336 2386 357 2410 a
388 2373 481 2410 Jou
497 2372 538 2422 e]
599 2371 774 2410 Platone
806 2371 910 2408 duce
945 2371 1069 2420 Legg.
1101 2369 1164 2409 lV.
1195 2383 1234 2420 p.
1263 2370 1343 2410 712
1392 2375 1434 2408 et
1464 2384 1578 2410 more
1609 2385 1682 2410 an-

223 2428 446 2478 tiquorum,
479 2430 544 2477 qui
576 2429 615 2465 in
648 2429 769 2466 rebus
802 2428 957 2476 magnis
990 2426 1265 2476 suscipiendis
1299 2440 1319 2464 a
1352 2427 1431 2464 diis
1461 2427 1680 2466 ordieban-

221 2489 287 2520 tur
319 2484 455 2531 (Stob.
488 2484 618 2524 Serm.
647 2482 717 2533 44,
749 2482 818 2523 40.
860 2496 900 2534 p.
932 2481 1046 2530 259.)
1088 2483 1138 2520 ad
1177 2484 1306 2534 ipsam
1348 2481 1485 2532 legum
1525 2485 1679 2522 consti-

221 2540 421 2577 tutionem
473 2552 739 2591 aggressurus
781 2539 948 2577 deorum
992 2537 1185 2577 auxilium
1230 2537 1422 2589 implorat
1467 2540 1526 2576 eis
1575 2540 1677 2590 ipsis

218 2594 352 2632 uerbis
383 2599 520 2645 utens,
553 2596 698 2646 quibus
730 2594 939 2633 exordium
981 2595 1183 2646 poematis
1226 2595 1356 2632 Aratii
1395 2592 1677 2647 (Phaenome-

216 2646 322 2702 non)
365 2663 385 2687 a
427 2664 472 2689 se
510 2651 638 2689 latine
679 2652 867 2690 conuersi
906 2655 1168 2701 expresserat
1254 2647 1409 2699 Item,
1450 2649 1558 2700 quod
1600 2663 1675 2701 ego

213 2717 304 2742 cum
337 2705 462 2744 Bakio
497 2708 634 2759 recepi
666 2720 714 2745 ex
746 2706 867 2745 codd.
900 2706 1157 2756 melioribus,
1196 2712 1356 2757 spectat
1384 2704 1434 2743 ad
1465 2705 1523 2755 id,
1566 2707 1674 2757 quod

209 2762 249 2799 in
284 2759 587 2801 Phaenomenis
617 2776 776 2815 quoque
808 2777 829 2801 a
858 2762 962 2801 Joue
993 2774 1159 2802 exorsus
1191 2765 1271 2812 est,
1313 2774 1409 2811 non,
1451 2767 1493 2799 ut
1526 2762 1672 2801 Bakius
