<?xml version="1.0" encoding="UTF-8"?>
<!DOCTYPE html PUBLIC "-//W3C//DTD XHTML 1.0 Transitional//EN"
    "http://www.w3.org/TR/xhtml1/DTD/xhtml1-transitional.dtd">
<html xmlns="http://www.w3.org/1999/xhtml" xml:lang="en" lang="en">
 <head>
  <title>
</title>
<meta http-equiv="Content-Type" content="text/html;charset=utf-8" />
  <meta name='ocr-system' content='tesseract 3.04.00' />
  <meta name='ocr-capabilities' content='ocr_page ocr_carea ocr_par ocr_line ocrx_word'/>
</head>
<body>
  <div class='ocr_page' id='page_1' title='image "./delegibuslibritr0102ciceuoft_0057.png"; bbox 0 0 1743 3202; ppageno 0'>
   <div class='ocr_carea' id='block_1_1' title="bbox 634 205 1515 241">
    <p class='ocr_par' dir='ltr' id='par_1_1' title="bbox 634 205 1515 241">
     <span class='ocr_line' id='line_1_1' title="bbox 634 205 1515 241; baseline 0.003 -3"><span class='ocrx_word' id='word_1_1' title='bbox 634 205 924 240; x_wconf 79' lang='lat' dir='ltr'><strong>PRAEFATIO.</strong></span> <span class='ocrx_word' id='word_1_2' title='bbox 1398 207 1515 241; x_wconf 72' lang='lat' dir='ltr'>XLIX</span> 
     </span>
    </p>
   </div>
   <div class='ocr_carea' id='block_1_2' title="bbox 16 306 1527 2784">
    <p class='ocr_par' dir='ltr' id='par_1_2' title="bbox 48 306 1517 699">
     <span class='ocr_line' id='line_1_2' title="bbox 48 306 1515 365; baseline -0.003 -13"><span class='ocrx_word' id='word_1_3' title='bbox 48 312 182 365; x_wconf 82' lang='lat' dir='ltr'><strong>legem</strong></span> <span class='ocrx_word' id='word_1_4' title='bbox 214 312 347 365; x_wconf 89' lang='lat' dir='ltr'><strong>possis</strong></span> <span class='ocrx_word' id='word_1_5' title='bbox 379 308 602 364; x_wconf 80' lang='lat' dir='ltr'><strong>appellare,</strong></span> <span class='ocrx_word' id='word_1_6' title='bbox 634 321 723 347; x_wconf 80' lang='lat' dir='ltr'><strong>eam</strong></span> <span class='ocrx_word' id='word_1_7' title='bbox 755 321 830 361; x_wconf 90' lang='lat' dir='ltr'><strong>per</strong></span> <span class='ocrx_word' id='word_1_8' title='bbox 861 321 906 347; x_wconf 91' lang='lat' dir='ltr'><strong>se</strong></span> <span class='ocrx_word' id='word_1_9' title='bbox 942 306 1189 347; x_wconf 79' lang='lat' dir='ltr'>laudabilem</span> <span class='ocrx_word' id='word_1_10' title='bbox 1210 318 1302 346; x_wconf 86' lang='lat' dir='ltr'><strong>esse</strong></span> <span class='ocrx_word' id='word_1_11' title='bbox 1323 313 1515 361; x_wconf 83' lang='lat' dir='ltr'><strong>oportere</strong></span> 
     </span>
     <span class='ocr_line' id='line_1_3' title="bbox 51 375 1516 429; baseline -0.003 -10"><span class='ocrx_word' id='word_1_12' title='bbox 51 380 323 419; x_wconf 87' lang='lat' dir='ltr'><strong>demonstrat.</strong></span> <span class='ocrx_word' id='word_1_13' title='bbox 397 379 486 427; x_wconf 82' lang='lat' dir='ltr'><strong>Quo</strong></span> <span class='ocrx_word' id='word_1_14' title='bbox 534 376 722 429; x_wconf 85' lang='lat' dir='ltr'><strong>perfecto</strong></span> <span class='ocrx_word' id='word_1_15' title='bbox 767 375 900 426; x_wconf 80' lang='lat' dir='ltr'><strong>legem</strong></span> <span class='ocrx_word' id='word_1_16' title='bbox 947 376 1146 414; x_wconf 87' lang='lat' dir='ltr'><strong>iustorum</strong></span> <span class='ocrx_word' id='word_1_17' title='bbox 1190 375 1516 427; x_wconf 89' lang='lat' dir='ltr'><strong>iniustorumque</strong></span> 
     </span>
     <span class='ocr_line' id='line_1_4' title="bbox 51 441 1516 494; baseline -0.003 -8"><span class='ocrx_word' id='word_1_18' title='bbox 51 447 358 487; x_wconf 81' lang='lat' dir='ltr'><strong>distinctionem</strong></span> <span class='ocrx_word' id='word_1_19' title='bbox 392 456 487 482; x_wconf 88' lang='lat' dir='ltr'><strong>esse</strong></span> <span class='ocrx_word' id='word_1_20' title='bbox 511 444 692 493; x_wconf 87' lang='lat' dir='ltr'><strong>conficit,</strong></span> <span class='ocrx_word' id='word_1_21' title='bbox 724 454 958 494; x_wconf 82' lang='lat' dir='ltr'><strong>expressam</strong></span> <span class='ocrx_word' id='word_1_22' title='bbox 983 443 1033 480; x_wconf 83' lang='lat' dir='ltr'><strong>ad</strong></span> <span class='ocrx_word' id='word_1_23' title='bbox 1055 443 1380 494; x_wconf 82' lang='lat' dir='ltr'><strong>antiquissimam</strong></span> <span class='ocrx_word' id='word_1_24' title='bbox 1402 441 1516 482; x_wconf 88' lang='lat' dir='ltr'><strong>illam</strong></span> 
     </span>
     <span class='ocr_line' id='line_1_5' title="bbox 52 509 1517 563; baseline -0.004 -9"><span class='ocrx_word' id='word_1_25' title='bbox 52 521 94 554; x_wconf 88' lang='lat' dir='ltr'><strong>et</strong></span> <span class='ocrx_word' id='word_1_26' title='bbox 136 515 312 553; x_wconf 93' lang='lat' dir='ltr'><strong>omnium</strong></span> <span class='ocrx_word' id='word_1_27' title='bbox 353 525 487 551; x_wconf 91' lang='lat' dir='ltr'><strong>rerum</strong></span> <span class='ocrx_word' id='word_1_28' title='bbox 529 511 757 563; x_wconf 85' lang='lat' dir='ltr'><strong>principem</strong></span> <span class='ocrx_word' id='word_1_29' title='bbox 800 514 1012 560; x_wconf 81' lang='lat' dir='ltr'><strong>naturam,</strong></span> <span class='ocrx_word' id='word_1_30' title='bbox 1055 510 1104 547; x_wconf 87' lang='lat' dir='ltr'><strong>ad</strong></span> <span class='ocrx_word' id='word_1_31' title='bbox 1147 522 1264 560; x_wconf 86' lang='lat' dir='ltr'><strong>quam</strong></span> <span class='ocrx_word' id='word_1_32' title='bbox 1307 509 1517 548; x_wconf 89' lang='lat' dir='ltr'><strong>hominum</strong></span> 
     </span>
     <span class='ocr_line' id='line_1_6' title="bbox 50 575 1516 633; baseline -0.002 -13"><span class='ocrx_word' id='word_1_33' title='bbox 50 582 166 633; x_wconf 80' lang='lat' dir='ltr'><strong>leges</strong></span> <span class='ocrx_word' id='word_1_34' title='bbox 212 582 295 619; x_wconf 88' lang='lat' dir='ltr'><strong>sint</strong></span> <span class='ocrx_word' id='word_1_35' title='bbox 340 576 585 617; x_wconf 84' lang='lat' dir='ltr'><strong>referendae</strong></span> <span class='ocrx_word' id='word_1_36' title='bbox 631 581 674 614; x_wconf 80' lang='lat' dir='ltr'><strong>et</strong></span> <span class='ocrx_word' id='word_1_37' title='bbox 718 577 810 628; x_wconf 86' lang='lat' dir='ltr'><strong>ipse</strong></span> <span class='ocrx_word' id='word_1_38' title='bbox 860 590 953 615; x_wconf 86' lang='lat' dir='ltr'><strong>suas</strong></span> <span class='ocrx_word' id='word_1_39' title='bbox 1001 576 1118 628; x_wconf 76' lang='lat' dir='ltr'><strong>leges</strong></span> <span class='ocrx_word' id='word_1_40' title='bbox 1167 575 1269 614; x_wconf 89' lang='lat' dir='ltr'><strong>uelit</strong></span> <span class='ocrx_word' id='word_1_41' title='bbox 1317 575 1516 627; x_wconf 80' lang='lat' dir='ltr'><strong>dirigere.</strong></span> 
     </span>
     <span class='ocr_line' id='line_1_7' title="bbox 51 647 270 699; baseline -0.014 -11"><span class='ocrx_word' id='word_1_42' title='bbox 51 650 82 699; x_wconf 79' lang='lat'><strong>§.</strong></span> <span class='ocrx_word' id='word_1_43' title='bbox 113 647 270 689; x_wconf 81' lang='lat'><strong>8—15.</strong></span> 
     </span>
    </p>

    <p class='ocr_par' dir='ltr' id='par_1_3' title="bbox 49 709 1521 1300">
     <span class='ocr_line' id='line_1_8' title="bbox 162 709 1517 765; baseline -0.001 -14"><span class='ocrx_word' id='word_1_44' title='bbox 162 713 317 763; x_wconf 82' lang='lat' dir='ltr'><strong>Quibus</strong></span> <span class='ocrx_word' id='word_1_45' title='bbox 349 713 545 764; x_wconf 84' lang='lat' dir='ltr'><strong>expositis</strong></span> <span class='ocrx_word' id='word_1_46' title='bbox 577 717 619 750; x_wconf 89' lang='lat' dir='ltr'><strong>et</strong></span> <span class='ocrx_word' id='word_1_47' title='bbox 655 713 883 765; x_wconf 85' lang='lat' dir='ltr'><strong>praemisso</strong></span> <span class='ocrx_word' id='word_1_48' title='bbox 926 711 976 750; x_wconf 90' lang='lat' dir='ltr'><strong>ad</strong></span> <span class='ocrx_word' id='word_1_49' title='bbox 1016 709 1203 750; x_wconf 80' lang='lat' dir='ltr'><strong>Platonis</strong></span> <span class='ocrx_word' id='word_1_50' title='bbox 1243 710 1517 750; x_wconf 83' lang='lat' dir='ltr'><strong>imitationem</strong></span> 
     </span>
     <span class='ocr_line' id='line_1_9' title="bbox 49 775 1518 834; baseline -0.003 -16"><span class='ocrx_word' id='word_1_51' title='bbox 49 781 285 834; x_wconf 82' lang='lat' dir='ltr'><strong>prooemiO,</strong></span> <span class='ocrx_word' id='word_1_52' title='bbox 324 792 401 830; x_wconf 88' lang='lat' dir='ltr'><strong>quo</strong></span> <span class='ocrx_word' id='word_1_53' title='bbox 431 779 588 817; x_wconf 88' lang='lat' dir='ltr'><strong>ciuibus</strong></span> <span class='ocrx_word' id='word_1_54' title='bbox 619 778 894 831; x_wconf 79' lang='lat' dir='ltr'><strong>persuadeat,</strong></span> <span class='ocrx_word' id='word_1_55' title='bbox 943 779 1121 817; x_wconf 91' lang='lat' dir='ltr'><strong>omnium</strong></span> <span class='ocrx_word' id='word_1_56' title='bbox 1159 789 1295 814; x_wconf 87' lang='lat' dir='ltr'><strong>rerum</strong></span> <span class='ocrx_word' id='word_1_57' title='bbox 1330 775 1518 815; x_wconf 86' lang='lat' dir='ltr'><strong>dominos</strong></span> 
     </span>
     <span class='ocr_line' id='line_1_10' title="bbox 51 843 1519 898; baseline -0.005 -10"><span class='ocrx_word' id='word_1_58' title='bbox 51 861 146 888; x_wconf 86' lang='lat' dir='ltr'><strong>esse</strong></span> <span class='ocrx_word' id='word_1_59' title='bbox 177 846 461 886; x_wconf 85' lang='lat' dir='ltr'><strong>moderatores</strong></span> <span class='ocrx_word' id='word_1_60' title='bbox 493 844 596 884; x_wconf 90' lang='lat' dir='ltr'><strong>deos</strong></span> <span class='ocrx_word' id='word_1_61' title='bbox 626 858 781 897; x_wconf 90' lang='lat' dir='ltr'><strong>eosque</strong></span> <span class='ocrx_word' id='word_1_62' title='bbox 811 852 853 884; x_wconf 88' lang='lat' dir='ltr'><strong>et</strong></span> <span class='ocrx_word' id='word_1_63' title='bbox 882 846 1042 898; x_wconf 88' lang='lat' dir='ltr'><strong>piorum</strong></span> <span class='ocrx_word' id='word_1_64' title='bbox 1068 847 1110 881; x_wconf 87' lang='lat' dir='ltr'><strong>et</strong></span> <span class='ocrx_word' id='word_1_65' title='bbox 1129 844 1346 894; x_wconf 83' lang='lat' dir='ltr'><strong>impiorum</strong></span> <span class='ocrx_word' id='word_1_66' title='bbox 1366 843 1519 882; x_wconf 89' lang='lat' dir='ltr'><strong>habere</strong></span> 
     </span>
     <span class='ocr_line' id='line_1_11' title="bbox 50 909 1520 965; baseline -0.005 -9"><span class='ocrx_word' id='word_1_67' title='bbox 50 918 253 956; x_wconf 81' lang='lat' dir='ltr'><strong>rationem</strong></span> <span class='ocrx_word' id='word_1_68' title='bbox 293 919 336 951; x_wconf 91' lang='lat' dir='ltr'><strong>et</strong></span> <span class='ocrx_word' id='word_1_69' title='bbox 377 925 454 963; x_wconf 89' lang='lat' dir='ltr'><strong>qua</strong></span> <span class='ocrx_word' id='word_1_70' title='bbox 487 914 657 965; x_wconf 86' lang='lat' dir='ltr'><strong>quisque</strong></span> <span class='ocrx_word' id='word_1_71' title='bbox 699 919 839 952; x_wconf 88' lang='lat' dir='ltr'><strong>mente</strong></span> <span class='ocrx_word' id='word_1_72' title='bbox 872 915 948 964; x_wconf 83' lang='lat' dir='ltr'><strong>sit,</strong></span> <span class='ocrx_word' id='word_1_73' title='bbox 991 912 1142 950; x_wconf 87' lang='lat' dir='ltr'><strong>intueri</strong></span> <span class='ocrx_word' id='word_1_74' title='bbox 1182 912 1305 960; x_wconf 84' lang='lat' dir='ltr'><strong>(quae</strong></span> <span class='ocrx_word' id='word_1_75' title='bbox 1336 914 1378 949; x_wconf 89' lang='lat' dir='ltr'><strong>et</strong></span> <span class='ocrx_word' id='word_1_76' title='bbox 1409 909 1520 949; x_wconf 89' lang='lat' dir='ltr'><strong>utilis</strong></span> 
     </span>
     <span class='ocr_line' id='line_1_12' title="bbox 52 975 1520 1033; baseline -0.004 -12"><span class='ocrx_word' id='word_1_77' title='bbox 52 983 107 1021; x_wconf 87' lang='lat' dir='ltr'><strong>sit</strong></span> <span class='ocrx_word' id='word_1_78' title='bbox 137 986 180 1020; x_wconf 84' lang='lat' dir='ltr'><strong>et</strong></span> <span class='ocrx_word' id='word_1_79' title='bbox 211 993 307 1019; x_wconf 89' lang='lat' dir='ltr'><strong>uera</strong></span> <span class='ocrx_word' id='word_1_80' title='bbox 347 976 604 1033; x_wconf 83' lang='lat' dir='ltr'><strong>sententia),</strong></span> <span class='ocrx_word' id='word_1_81' title='bbox 644 981 724 1020; x_wconf 91' lang='lat' dir='ltr'><strong>iam</strong></span> <span class='ocrx_word' id='word_1_82' title='bbox 757 981 807 1020; x_wconf 86' lang='lat' dir='ltr'><strong>ad</strong></span> <span class='ocrx_word' id='word_1_83' title='bbox 839 982 969 1033; x_wconf 88' lang='lat' dir='ltr'><strong>ipsam</strong></span> <span class='ocrx_word' id='word_1_84' title='bbox 1006 977 1250 1029; x_wconf 79' lang='lat' dir='ltr'><strong>religionum</strong></span> <span class='ocrx_word' id='word_1_85' title='bbox 1281 975 1417 1029; x_wconf 82' lang='lat' dir='ltr'><strong>legem</strong></span> <span class='ocrx_word' id='word_1_86' title='bbox 1449 990 1520 1029; x_wconf 84' lang='lat' dir='ltr'><strong>ag-</strong></span> 
     </span>
     <span class='ocr_line' id='line_1_13' title="bbox 49 1044 1519 1102; baseline -0.003 -16"><span class='ocrx_word' id='word_1_87' title='bbox 49 1047 256 1100; x_wconf 79' lang='lat' dir='ltr'><strong>greditur3</strong></span> <span class='ocrx_word' id='word_1_88' title='bbox 290 1059 408 1098; x_wconf 90' lang='lat' dir='ltr'><strong>quam</strong></span> <span class='ocrx_word' id='word_1_89' title='bbox 440 1051 576 1083; x_wconf 88' lang='lat' dir='ltr'><strong>tamen</strong></span> <span class='ocrx_word' id='word_1_90' title='bbox 608 1060 688 1086; x_wconf 90' lang='lat' dir='ltr'><strong>non</strong></span> <span class='ocrx_word' id='word_1_91' title='bbox 721 1050 950 1102; x_wconf 83' lang='lat' dir='ltr'><strong>perfectam</strong></span> <span class='ocrx_word' id='word_1_92' title='bbox 980 1046 1137 1097; x_wconf 87' lang='lat' dir='ltr'><strong>reddit,</strong></span> <span class='ocrx_word' id='word_1_93' title='bbox 1171 1044 1244 1084; x_wconf 89' lang='lat' dir='ltr'><strong>sed</strong></span> <span class='ocrx_word' id='word_1_94' title='bbox 1272 1045 1383 1096; x_wconf 88' lang='lat' dir='ltr'><strong>ipsas</strong></span> <span class='ocrx_word' id='word_1_95' title='bbox 1407 1057 1519 1082; x_wconf 90' lang='lat' dir='ltr'><strong>sum-</strong></span> 
     </span>
     <span class='ocr_line' id='line_1_14' title="bbox 49 1112 1519 1167; baseline -0.004 -14"><span class='ocrx_word' id='word_1_96' title='bbox 49 1126 135 1153; x_wconf 91' lang='lat' dir='ltr'><strong>mas</strong></span> <span class='ocrx_word' id='word_1_97' title='bbox 165 1126 302 1152; x_wconf 89' lang='lat' dir='ltr'><strong>rerum</strong></span> <span class='ocrx_word' id='word_1_98' title='bbox 334 1118 454 1162; x_wconf 87' lang='lat' dir='ltr'><strong>atque</strong></span> <span class='ocrx_word' id='word_1_99' title='bbox 493 1116 740 1155; x_wconf 82' lang='lat' dir='ltr'><strong>sententias.</strong></span> <span class='ocrx_word' id='word_1_100' title='bbox 782 1117 814 1167; x_wconf 79' lang='lat'><strong>§.</strong></span> <span class='ocrx_word' id='word_1_101' title='bbox 850 1112 1047 1155; x_wconf 82' lang='lat'><strong>15—19.</strong></span> <span class='ocrx_word' id='word_1_102' title='bbox 1109 1113 1196 1151; x_wconf 84' lang='lat' dir='ltr'><strong>Lex</strong></span> <span class='ocrx_word' id='word_1_103' title='bbox 1239 1116 1373 1149; x_wconf 80' lang='lat' dir='ltr'><strong>autem</strong></span> <span class='ocrx_word' id='word_1_104' title='bbox 1412 1112 1519 1163; x_wconf 83' lang='lat' dir='ltr'><strong>ipsa,</strong></span> 
     </span>
     <span class='ocr_line' id='line_1_15' title="bbox 49 1176 1521 1233; baseline -0.003 -13"><span class='ocrx_word' id='word_1_105' title='bbox 49 1182 168 1233; x_wconf 85' lang='lat' dir='ltr'><strong>quam</strong></span> <span class='ocrx_word' id='word_1_106' title='bbox 199 1192 279 1219; x_wconf 91' lang='lat' dir='ltr'><strong>non</strong></span> <span class='ocrx_word' id='word_1_107' title='bbox 312 1176 483 1217; x_wconf 86' lang='lat' dir='ltr'><strong>multum</strong></span> <span class='ocrx_word' id='word_1_108' title='bbox 516 1177 752 1233; x_wconf 87' lang='lat' dir='ltr'><strong>discrepare</strong></span> <span class='ocrx_word' id='word_1_109' title='bbox 780 1180 973 1220; x_wconf 87' lang='lat' dir='ltr'><strong>concedit</strong></span> <span class='ocrx_word' id='word_1_110' title='bbox 997 1193 1019 1218; x_wconf 86' lang='lat' dir='ltr'><strong>a</strong></span> <span class='ocrx_word' id='word_1_111' title='bbox 1040 1180 1199 1218; x_wconf 80' lang='lat' dir='ltr'><strong>Numae</strong></span> <span class='ocrx_word' id='word_1_112' title='bbox 1222 1179 1521 1217; x_wconf 85' lang='lat' dir='ltr'><strong>constitutione</strong></span> 
     </span>
     <span class='ocr_line' id='line_1_16' title="bbox 56 1247 1247 1300; baseline -0.003 -14"><span class='ocrx_word' id='word_1_113' title='bbox 56 1253 177 1299; x_wconf 87' lang='lat' dir='ltr'><strong>atque</strong></span> <span class='ocrx_word' id='word_1_114' title='bbox 206 1247 481 1286; x_wconf 88' lang='lat' dir='ltr'><strong>Romanorum</strong></span> <span class='ocrx_word' id='word_1_115' title='bbox 511 1248 709 1299; x_wconf 88' lang='lat' dir='ltr'><strong>moribus,</strong></span> <span class='ocrx_word' id='word_1_116' title='bbox 740 1248 841 1287; x_wconf 88' lang='lat' dir='ltr'><strong>haec</strong></span> <span class='ocrx_word' id='word_1_117' title='bbox 871 1248 1007 1300; x_wconf 87' lang='lat' dir='ltr'><strong>capita</strong></span> <span class='ocrx_word' id='word_1_118' title='bbox 1037 1247 1247 1285; x_wconf 88' lang='lat' dir='ltr'><strong>continet:</strong></span> 
     </span>
    </p>

    <p class='ocr_par' dir='ltr' id='par_1_4' title="bbox 86 1311 1387 1366">
     <span class='ocr_line' id='line_1_17' title="bbox 86 1311 1387 1366; baseline -0.002 -12"><span class='ocrx_word' id='word_1_119' title='bbox 86 1315 124 1355; x_wconf 92' lang='lat'><strong>1.</strong></span> <span class='ocrx_word' id='word_1_120' title='bbox 158 1327 235 1365; x_wconf 88' lang='lat' dir='ltr'><strong>qua</strong></span> <span class='ocrx_word' id='word_1_121' title='bbox 264 1317 404 1351; x_wconf 85' lang='lat' dir='ltr'><strong>mente</strong></span> <span class='ocrx_word' id='word_1_122' title='bbox 437 1311 496 1351; x_wconf 84' lang='lat' dir='ltr'><strong>dii</strong></span> <span class='ocrx_word' id='word_1_123' title='bbox 529 1313 696 1353; x_wconf 88' lang='lat' dir='ltr'><strong>colendi</strong></span> <span class='ocrx_word' id='word_1_124' title='bbox 727 1316 824 1354; x_wconf 89' lang='lat' dir='ltr'><strong>sint.</strong></span> <span class='ocrx_word' id='word_1_125' title='bbox 857 1316 890 1366; x_wconf 74' lang='lat'><strong>§.</strong></span> <span class='ocrx_word' id='word_1_126' title='bbox 928 1312 989 1355; x_wconf 83' lang='grc'><strong>19.</strong></span> <span class='ocrx_word' id='word_1_127' title='bbox 1021 1312 1128 1366; x_wconf 79' lang='lat' dir='ltr'><strong>expl.</strong></span> <span class='ocrx_word' id='word_1_128' title='bbox 1153 1317 1192 1360; x_wconf 82' lang='grc'><strong>3.</strong></span> <span class='ocrx_word' id='word_1_129' title='bbox 1224 1311 1290 1353; x_wconf 67' lang='grc'><strong>24.</strong></span> <span class='ocrx_word' id='word_1_130' title='bbox 1320 1313 1387 1354; x_wconf 79' lang='grc'><strong>25.</strong></span> 
     </span>
    </p>

    <p class='ocr_par' dir='ltr' id='par_1_5' title="bbox 89 1378 1368 1432">
     <span class='ocr_line' id='line_1_18' title="bbox 89 1378 1368 1432; baseline 0 -12"><span class='ocrx_word' id='word_1_131' title='bbox 89 1381 130 1422; x_wconf 90' lang='grc'><strong>2.</strong></span> <span class='ocrx_word' id='word_1_132' title='bbox 162 1381 323 1432; x_wconf 83' lang='lat' dir='ltr'><strong>quinam</strong></span> <span class='ocrx_word' id='word_1_133' title='bbox 358 1378 521 1418; x_wconf 90' lang='lat' dir='ltr'><strong>colendi</strong></span> <span class='ocrx_word' id='word_1_134' title='bbox 552 1382 635 1420; x_wconf 88' lang='lat' dir='ltr'><strong>sint</strong></span> <span class='ocrx_word' id='word_1_135' title='bbox 663 1382 721 1420; x_wconf 90' lang='lat' dir='ltr'><strong>dii</strong></span> <span class='ocrx_word' id='word_1_136' title='bbox 753 1388 796 1421; x_wconf 89' lang='lat' dir='ltr'><strong>et</strong></span> <span class='ocrx_word' id='word_1_137' title='bbox 827 1384 908 1422; x_wconf 88' lang='lat' dir='ltr'><strong>ubi.</strong></span> <span class='ocrx_word' id='word_1_138' title='bbox 941 1384 979 1430; x_wconf 85' lang='lat'><strong>§.</strong></span> <span class='ocrx_word' id='word_1_139' title='bbox 1017 1379 1081 1421; x_wconf 73' lang='lat'><strong>19.</strong></span> <span class='ocrx_word' id='word_1_140' title='bbox 1113 1382 1151 1429; x_wconf 82' lang='lat'><strong>§.</strong></span> <span class='ocrx_word' id='word_1_141' title='bbox 1183 1379 1368 1421; x_wconf 77' lang='grc'><strong>25-28.</strong></span> 
     </span>
    </p>

    <p class='ocr_par' dir='ltr' id='par_1_6' title="bbox 94 1445 1522 1620">
     <span class='ocr_line' id='line_1_19' title="bbox 94 1445 1522 1501; baseline -0.001 -13"><span class='ocrx_word' id='word_1_142' title='bbox 94 1447 135 1490; x_wconf 88' lang='grc'><strong>3.</strong></span> <span class='ocrx_word' id='word_1_143' title='bbox 168 1447 220 1487; x_wconf 86' lang='lat' dir='ltr'><strong>de</strong></span> <span class='ocrx_word' id='word_1_144' title='bbox 251 1448 377 1486; x_wconf 79' lang='lat' dir='ltr'><strong>sacris</strong></span> <span class='ocrx_word' id='word_1_145' title='bbox 410 1448 610 1487; x_wconf 89' lang='lat' dir='ltr'><strong>obeundis</strong></span> <span class='ocrx_word' id='word_1_146' title='bbox 642 1450 845 1501; x_wconf 85' lang='lat' dir='ltr'><strong>seriisque</strong></span> <span class='ocrx_word' id='word_1_147' title='bbox 874 1447 1088 1488; x_wconf 83' lang='lat' dir='ltr'><strong>habendis.</strong></span> <span class='ocrx_word' id='word_1_148' title='bbox 1131 1448 1165 1495; x_wconf 84' lang='lat'><strong>§.</strong></span> <span class='ocrx_word' id='word_1_149' title='bbox 1190 1445 1256 1488; x_wconf 88' lang='grc'><strong>19.</strong></span> <span class='ocrx_word' id='word_1_150' title='bbox 1280 1448 1347 1489; x_wconf 87' lang='grc'><strong>20.</strong></span> <span class='ocrx_word' id='word_1_151' title='bbox 1398 1451 1436 1497; x_wconf 94' lang='grc'><strong>3.</strong></span> <span class='ocrx_word' id='word_1_152' title='bbox 1455 1446 1522 1489; x_wconf 92' lang='grc'><strong>29.</strong></span> 
     </span>
     <span class='ocr_line' id='line_1_20' title="bbox 164 1514 1522 1569; baseline -0.001 -15"><span class='ocrx_word' id='word_1_153' title='bbox 164 1516 297 1556; x_wconf 80' lang='lat' dir='ltr'><strong>Huius</strong></span> <span class='ocrx_word' id='word_1_154' title='bbox 327 1517 475 1567; x_wconf 88' lang='lat' dir='ltr'><strong>prioris</strong></span> <span class='ocrx_word' id='word_1_155' title='bbox 507 1517 652 1568; x_wconf 84' lang='lat' dir='ltr'><strong>capitis</strong></span> <span class='ocrx_word' id='word_1_156' title='bbox 686 1515 905 1568; x_wconf 82' lang='lat' dir='ltr'><strong>explicatio</strong></span> <span class='ocrx_word' id='word_1_157' title='bbox 937 1514 1059 1554; x_wconf 91' lang='lat' dir='ltr'><strong>simul</strong></span> <span class='ocrx_word' id='word_1_158' title='bbox 1089 1529 1180 1554; x_wconf 89' lang='lat' dir='ltr'><strong>cum</strong></span> <span class='ocrx_word' id='word_1_159' title='bbox 1222 1516 1304 1554; x_wconf 87' lang='lat' dir='ltr'><strong>fine</strong></span> <span class='ocrx_word' id='word_1_160' title='bbox 1335 1517 1522 1569; x_wconf 88' lang='lat' dir='ltr'><strong>superio-</strong></span> 
     </span>
     <span class='ocr_line' id='line_1_21' title="bbox 168 1581 483 1620; baseline 0 0"><span class='ocrx_word' id='word_1_161' title='bbox 168 1583 224 1620; x_wconf 88' lang='lat' dir='ltr'><strong>ris</strong></span> <span class='ocrx_word' id='word_1_162' title='bbox 258 1581 483 1620; x_wconf 86' lang='lat' dir='ltr'><strong>intercidit.</strong></span> 
     </span>
    </p>

    <p class='ocr_par' dir='ltr' id='par_1_7' title="bbox 97 1647 1522 1766">
     <span class='ocr_line' id='line_1_22' title="bbox 97 1647 1522 1702; baseline -0.001 -12"><span class='ocrx_word' id='word_1_163' title='bbox 97 1648 138 1690; x_wconf 81' lang='grc'><strong>4.</strong></span> <span class='ocrx_word' id='word_1_164' title='bbox 171 1648 223 1687; x_wconf 90' lang='lat' dir='ltr'><strong>de</strong></span> <span class='ocrx_word' id='word_1_165' title='bbox 254 1647 554 1699; x_wconf 83' lang='lat' dir='ltr'><strong>sacerdotibus,</strong></span> <span class='ocrx_word' id='word_1_166' title='bbox 586 1651 627 1687; x_wconf 91' lang='lat' dir='ltr'><strong>in</strong></span> <span class='ocrx_word' id='word_1_167' title='bbox 658 1650 802 1700; x_wconf 88' lang='lat' dir='ltr'><strong>primis</strong></span> <span class='ocrx_word' id='word_1_168' title='bbox 836 1649 888 1687; x_wconf 89' lang='lat' dir='ltr'><strong>de</strong></span> <span class='ocrx_word' id='word_1_169' title='bbox 918 1650 1006 1687; x_wconf 89' lang='lat' dir='ltr'><strong>iure</strong></span> <span class='ocrx_word' id='word_1_170' title='bbox 1040 1662 1250 1702; x_wconf 84' lang='lat' dir='ltr'><strong>augurum.</strong></span> <span class='ocrx_word' id='word_1_171' title='bbox 1293 1650 1330 1697; x_wconf 82' lang='lat'><strong>§.</strong></span> <span class='ocrx_word' id='word_1_172' title='bbox 1363 1649 1430 1691; x_wconf 90' lang='lat'><strong>20.</strong></span> <span class='ocrx_word' id='word_1_173' title='bbox 1453 1650 1522 1691; x_wconf 85' lang='lat'><strong>21.</strong></span> 
     </span>
     <span class='ocr_line' id='line_1_23' title="bbox 163 1714 417 1766; baseline -0.008 -10"><span class='ocrx_word' id='word_1_174' title='bbox 163 1720 201 1766; x_wconf 87' lang='grc'><strong>3.</strong></span> <span class='ocrx_word' id='word_1_175' title='bbox 234 1714 417 1757; x_wconf 67' lang='grc'><strong>29-34.</strong></span> 
     </span>
    </p>

    <p class='ocr_par' dir='ltr' id='par_1_8' title="bbox 93 1778 1142 1832">
     <span class='ocr_line' id='line_1_24' title="bbox 93 1778 1142 1832; baseline -0.001 -8"><span class='ocrx_word' id='word_1_176' title='bbox 93 1783 135 1824; x_wconf 80' lang='grc'><strong>5.</strong></span> <span class='ocrx_word' id='word_1_177' title='bbox 169 1783 223 1822; x_wconf 88' lang='lat' dir='ltr'><strong>de</strong></span> <span class='ocrx_word' id='word_1_178' title='bbox 256 1784 381 1822; x_wconf 86' lang='lat' dir='ltr'><strong>sacris</strong></span> <span class='ocrx_word' id='word_1_179' title='bbox 413 1783 641 1821; x_wconf 88' lang='lat' dir='ltr'><strong>nocturnis.</strong></span> <span class='ocrx_word' id='word_1_180' title='bbox 689 1787 722 1832; x_wconf 89' lang='grc'><strong>3.</strong></span> <span class='ocrx_word' id='word_1_181' title='bbox 757 1783 824 1824; x_wconf 89' lang='lat'><strong>21.</strong></span> <span class='ocrx_word' id='word_1_182' title='bbox 885 1788 922 1832; x_wconf 89' lang='grc'><strong>3.</strong></span> <span class='ocrx_word' id='word_1_183' title='bbox 956 1778 1142 1824; x_wconf 80' lang='grc'><strong>35-37.</strong></span> 
     </span>
    </p>

    <p class='ocr_par' dir='ltr' id='par_1_9' title="bbox 97 1848 1523 1969">
     <span class='ocr_line' id='line_1_25' title="bbox 97 1848 1523 1904; baseline -0.001 -13"><span class='ocrx_word' id='word_1_184' title='bbox 97 1850 137 1892; x_wconf 89' lang='grc'><strong>6.</strong></span> <span class='ocrx_word' id='word_1_185' title='bbox 168 1850 221 1889; x_wconf 82' lang='lat' dir='ltr'><strong>de</strong></span> <span class='ocrx_word' id='word_1_186' title='bbox 248 1852 375 1889; x_wconf 87' lang='lat' dir='ltr'><strong>sacris</strong></span> <span class='ocrx_word' id='word_1_187' title='bbox 413 1848 480 1888; x_wconf 89' lang='lat' dir='ltr'><strong>uel</strong></span> <span class='ocrx_word' id='word_1_188' title='bbox 520 1851 646 1902; x_wconf 86' lang='lat' dir='ltr'><strong>impie</strong></span> <span class='ocrx_word' id='word_1_189' title='bbox 677 1851 911 1889; x_wconf 86' lang='lat' dir='ltr'><strong>commissis</strong></span> <span class='ocrx_word' id='word_1_190' title='bbox 953 1851 1020 1889; x_wconf 90' lang='lat' dir='ltr'><strong>uel</strong></span> <span class='ocrx_word' id='word_1_191' title='bbox 1051 1865 1074 1889; x_wconf 86' lang='lat' dir='ltr'><strong>a</strong></span> <span class='ocrx_word' id='word_1_192' title='bbox 1104 1850 1268 1904; x_wconf 87' lang='lat' dir='ltr'><strong>publico</strong></span> <span class='ocrx_word' id='word_1_193' title='bbox 1308 1850 1523 1891; x_wconf 85' lang='lat' dir='ltr'><strong>sacerdote</strong></span> 
     </span>
     <span class='ocr_line' id='line_1_26' title="bbox 171 1917 781 1969; baseline 0.003 -14"><span class='ocrx_word' id='word_1_194' title='bbox 171 1917 398 1969; x_wconf 79' lang='lat' dir='ltr'><strong>expiandiS.</strong></span> <span class='ocrx_word' id='word_1_195' title='bbox 445 1920 479 1965; x_wconf 90' lang='grc'><strong>3.</strong></span> <span class='ocrx_word' id='word_1_196' title='bbox 512 1917 583 1957; x_wconf 92' lang='lat'><strong>22.</strong></span> <span class='ocrx_word' id='word_1_197' title='bbox 643 1918 678 1964; x_wconf 86' lang='grc'><strong>3.</strong></span> <span class='ocrx_word' id='word_1_198' title='bbox 712 1917 781 1957; x_wconf 78' lang='grc' dir='ltr'><strong>3ῖ.</strong></span> 
     </span>
    </p>

    <p class='ocr_par' dir='ltr' id='par_1_10' title="bbox 95 1982 1524 2104">
     <span class='ocr_line' id='line_1_27' title="bbox 95 1982 1524 2036; baseline 0.001 -12"><span class='ocrx_word' id='word_1_199' title='bbox 95 1985 135 2024; x_wconf 78' lang='grc'><strong>7.</strong></span> <span class='ocrx_word' id='word_1_200' title='bbox 169 1983 223 2023; x_wconf 86' lang='lat' dir='ltr'><strong>de</strong></span> <span class='ocrx_word' id='word_1_201' title='bbox 251 1982 440 2036; x_wconf 87' lang='lat' dir='ltr'><strong>populari</strong></span> <span class='ocrx_word' id='word_1_202' title='bbox 471 1982 631 2022; x_wconf 88' lang='lat' dir='ltr'><strong>laetitia</strong></span> <span class='ocrx_word' id='word_1_203' title='bbox 660 1986 703 2022; x_wconf 90' lang='lat' dir='ltr'><strong>in</strong></span> <span class='ocrx_word' id='word_1_204' title='bbox 733 1984 840 2023; x_wconf 86' lang='lat' dir='ltr'><strong>ludis</strong></span> <span class='ocrx_word' id='word_1_205' title='bbox 872 1986 1046 2024; x_wconf 86' lang='lat' dir='ltr'><strong>scenicis</strong></span> <span class='ocrx_word' id='word_1_206' title='bbox 1078 1985 1330 2024; x_wconf 86' lang='lat' dir='ltr'><strong>moderanda</strong></span> <span class='ocrx_word' id='word_1_207' title='bbox 1362 1990 1404 2025; x_wconf 86' lang='lat' dir='ltr'><strong>et</strong></span> <span class='ocrx_word' id='word_1_208' title='bbox 1432 2000 1524 2025; x_wconf 89' lang='lat' dir='ltr'><strong>cum</strong></span> 
     </span>
     <span class='ocr_line' id='line_1_28' title="bbox 169 2050 1246 2104; baseline 0.005 -15"><span class='ocrx_word' id='word_1_209' title='bbox 169 2050 335 2089; x_wconf 88' lang='lat' dir='ltr'><strong>deorum</strong></span> <span class='ocrx_word' id='word_1_210' title='bbox 367 2052 523 2091; x_wconf 88' lang='lat' dir='ltr'><strong>honore</strong></span> <span class='ocrx_word' id='word_1_211' title='bbox 550 2052 772 2104; x_wconf 82' lang='lat' dir='ltr'><strong>iungenda.</strong></span> <span class='ocrx_word' id='word_1_212' title='bbox 820 2056 853 2102; x_wconf 91' lang='grc'><strong>3.</strong></span> <span class='ocrx_word' id='word_1_213' title='bbox 886 2052 953 2093; x_wconf 88' lang='grc'><strong>22.</strong></span> <span class='ocrx_word' id='word_1_214' title='bbox 1013 2056 1050 2102; x_wconf 88' lang='grc'><strong>3.</strong></span> <span class='ocrx_word' id='word_1_215' title='bbox 1083 2053 1148 2094; x_wconf 78' lang='grc'><strong>38.</strong></span> <span class='ocrx_word' id='word_1_216' title='bbox 1178 2051 1246 2094; x_wconf 87' lang='grc'><strong>39.</strong></span> 
     </span>
    </p>

    <p class='ocr_par' dir='ltr' id='par_1_11' title="bbox 91 2116 1525 2301">
     <span class='ocr_line' id='line_1_29' title="bbox 91 2116 1525 2172; baseline 0.001 -14"><span class='ocrx_word' id='word_1_217' title='bbox 91 2116 136 2158; x_wconf 81' lang='grc'><strong>8.</strong></span> <span class='ocrx_word' id='word_1_218' title='bbox 169 2116 221 2156; x_wconf 90' lang='lat' dir='ltr'><strong>de</strong></span> <span class='ocrx_word' id='word_1_219' title='bbox 251 2118 397 2157; x_wconf 79' lang='lat' dir='ltr'><strong>ritibus</strong></span> <span class='ocrx_word' id='word_1_220' title='bbox 419 2120 564 2170; x_wconf 88' lang='lat' dir='ltr'><strong>patriis</strong></span> <span class='ocrx_word' id='word_1_221' title='bbox 594 2118 802 2170; x_wconf 84' lang='lat' dir='ltr'><strong>colendis3</strong></span> <span class='ocrx_word' id='word_1_222' title='bbox 835 2120 885 2158; x_wconf 90' lang='lat' dir='ltr'><strong>de</strong></span> <span class='ocrx_word' id='word_1_223' title='bbox 907 2121 1017 2171; x_wconf 88' lang='lat' dir='ltr'><strong>stipe</strong></span> <span class='ocrx_word' id='word_1_224' title='bbox 1039 2119 1291 2172; x_wconf 79' lang='lat' dir='ltr'><strong>colligenda3</strong></span> <span class='ocrx_word' id='word_1_225' title='bbox 1323 2121 1376 2160; x_wconf 89' lang='lat' dir='ltr'><strong>de</strong></span> <span class='ocrx_word' id='word_1_226' title='bbox 1397 2123 1525 2161; x_wconf 85' lang='lat' dir='ltr'><strong>sacri-</strong></span> 
     </span>
     <span class='ocr_line' id='line_1_30' title="bbox 167 2183 1522 2240; baseline 0.007 -18"><span class='ocrx_word' id='word_1_227' title='bbox 167 2183 266 2237; x_wconf 79' lang='lat' dir='ltr'><strong>legii</strong></span> <span class='ocrx_word' id='word_1_228' title='bbox 307 2189 349 2223; x_wconf 87' lang='lat' dir='ltr'><strong>et</strong></span> <span class='ocrx_word' id='word_1_229' title='bbox 382 2187 556 2237; x_wconf 89' lang='lat' dir='ltr'><strong>periurii</strong></span> <span class='ocrx_word' id='word_1_230' title='bbox 592 2199 749 2239; x_wconf 83' lang='lat' dir='ltr'><strong>poena3</strong></span> <span class='ocrx_word' id='word_1_231' title='bbox 777 2188 848 2227; x_wconf 88' lang='lat' dir='ltr'><strong>·de</strong></span> <span class='ocrx_word' id='word_1_232' title='bbox 886 2189 1046 2226; x_wconf 87' lang='lat' dir='ltr'><strong>incesto</strong></span> <span class='ocrx_word' id='word_1_233' title='bbox 1087 2188 1313 2240; x_wconf 82' lang='lat' dir='ltr'><strong>puniendO.</strong></span> <span class='ocrx_word' id='word_1_234' title='bbox 1373 2193 1410 2238; x_wconf 89' lang='grc'><strong>3.</strong></span> <span class='ocrx_word' id='word_1_235' title='bbox 1455 2189 1522 2231; x_wconf 90' lang='grc'><strong>22.</strong></span> 
     </span>
     <span class='ocr_line' id='line_1_31' title="bbox 168 2250 406 2301; baseline 0.004 -10"><span class='ocrx_word' id='word_1_236' title='bbox 168 2255 202 2301; x_wconf 86' lang='grc'><strong>3.</strong></span> <span class='ocrx_word' id='word_1_237' title='bbox 235 2250 306 2292; x_wconf 75' lang='grc'><strong>40.</strong></span> <span class='ocrx_word' id='word_1_238' title='bbox 337 2251 406 2294; x_wconf 76' lang='grc'><strong>41.</strong></span> 
     </span>
    </p>

    <p class='ocr_par' dir='ltr' id='par_1_12' title="bbox 94 2318 1525 2447">
     <span class='ocr_line' id='line_1_32' title="bbox 94 2318 1525 2375; baseline 0.003 -14"><span class='ocrx_word' id='word_1_239' title='bbox 94 2318 136 2361; x_wconf 89' lang='grc'><strong>9.</strong></span> <span class='ocrx_word' id='word_1_240' title='bbox 170 2319 222 2359; x_wconf 87' lang='lat' dir='ltr'><strong>de</strong></span> <span class='ocrx_word' id='word_1_241' title='bbox 255 2319 335 2359; x_wconf 86' lang='lat' dir='ltr'><strong>diis</strong></span> <span class='ocrx_word' id='word_1_242' title='bbox 367 2322 414 2360; x_wconf 94' lang='lat' dir='ltr'><strong>ab</strong></span> <span class='ocrx_word' id='word_1_243' title='bbox 447 2323 573 2374; x_wconf 90' lang='lat' dir='ltr'><strong>impio</strong></span> <span class='ocrx_word' id='word_1_244' title='bbox 604 2335 686 2361; x_wconf 91' lang='lat' dir='ltr'><strong>non</strong></span> <span class='ocrx_word' id='word_1_245' title='bbox 716 2321 953 2375; x_wconf 83' lang='lat' dir='ltr'><strong>placandis3</strong></span> <span class='ocrx_word' id='word_1_246' title='bbox 986 2323 1039 2361; x_wconf 92' lang='lat' dir='ltr'><strong>de</strong></span> <span class='ocrx_word' id='word_1_247' title='bbox 1073 2325 1179 2361; x_wconf 89' lang='lat' dir='ltr'><strong>uotis</strong></span> <span class='ocrx_word' id='word_1_248' title='bbox 1201 2329 1319 2364; x_wconf 85' lang='lat' dir='ltr'><strong>caute</strong></span> <span class='ocrx_word' id='word_1_249' title='bbox 1341 2323 1525 2365; x_wconf 90' lang='lat' dir='ltr'><strong>redden-</strong></span> 
     </span>
     <span class='ocr_line' id='line_1_33' title="bbox 170 2387 1358 2447; baseline 0.004 -22"><span class='ocrx_word' id='word_1_250' title='bbox 170 2387 250 2427; x_wconf 85' lang='lat' dir='ltr'><strong>dis.</strong></span> <span class='ocrx_word' id='word_1_251' title='bbox 282 2390 320 2437; x_wconf 90' lang='grc'><strong>3.</strong></span> <span class='ocrx_word' id='word_1_252' title='bbox 351 2388 421 2429; x_wconf 89' lang='grc'><strong>22.</strong></span> <span class='ocrx_word' id='word_1_253' title='bbox 481 2392 515 2438; x_wconf 87' lang='grc'><strong>3.</strong></span> <span class='ocrx_word' id='word_1_254' title='bbox 546 2388 616 2432; x_wconf 78' lang='grc'><strong>41.</strong></span> <span class='ocrx_word' id='word_1_255' title='bbox 1355 2444 1358 2447; x_wconf 15' lang='grc' dir='ltr'><em>Α</em></span> 
     </span>
    </p>

    <p class='ocr_par' dir='ltr' id='par_1_13' title="bbox 61 2453 1524 2511">
     <span class='ocr_line' id='line_1_34' title="bbox 61 2453 1524 2511; baseline 0.003 -15"><span class='ocrx_word' id='word_1_256' title='bbox 61 2453 128 2496; x_wconf 83' lang='grc'><strong>10.</strong></span> <span class='ocrx_word' id='word_1_257' title='bbox 169 2454 221 2494; x_wconf 85' lang='lat' dir='ltr'><strong>de</strong></span> <span class='ocrx_word' id='word_1_258' title='bbox 248 2456 339 2494; x_wconf 84' lang='lat' dir='ltr'><strong>iure</strong></span> <span class='ocrx_word' id='word_1_259' title='bbox 377 2455 518 2496; x_wconf 79' lang='lat' dir='ltr'><strong>diuino</strong></span> <span class='ocrx_word' id='word_1_260' title='bbox 557 2470 640 2497; x_wconf 91' lang='lat' dir='ltr'><strong>non</strong></span> <span class='ocrx_word' id='word_1_261' title='bbox 672 2457 863 2498; x_wconf 90' lang='lat' dir='ltr'><strong>uiolando</strong></span> <span class='ocrx_word' id='word_1_262' title='bbox 903 2464 946 2497; x_wconf 87' lang='lat' dir='ltr'><strong>et</strong></span> <span class='ocrx_word' id='word_1_263' title='bbox 981 2472 1079 2511; x_wconf 79' lang='lat' dir='ltr'><strong>agro</strong></span> <span class='ocrx_word' id='word_1_264' title='bbox 1108 2472 1193 2498; x_wconf 89' lang='lat' dir='ltr'><strong>non</strong></span> <span class='ocrx_word' id='word_1_265' title='bbox 1226 2460 1524 2501; x_wconf 86' lang='lat' dir='ltr'><strong>consecrando.</strong></span> 
     </span>
    </p>

    <p class='ocr_par' dir='ltr' id='par_1_14' title="bbox 168 2522 629 2571">
     <span class='ocr_line' id='line_1_35' title="bbox 168 2522 629 2571; baseline 0.009 -9"><span class='ocrx_word' id='word_1_266' title='bbox 168 2525 208 2571; x_wconf 92' lang='grc'><strong>3.</strong></span> <span class='ocrx_word' id='word_1_267' title='bbox 244 2522 314 2563; x_wconf 91' lang='grc'><strong>22.</strong></span> <span class='ocrx_word' id='word_1_268' title='bbox 374 2525 410 2571; x_wconf 85' lang='grc'><strong>3.</strong></span> <span class='ocrx_word' id='word_1_269' title='bbox 444 2522 629 2566; x_wconf 75' lang='grc'><strong>41-45.</strong></span> 
     </span>
    </p>

    <p class='ocr_par' dir='ltr' id='par_1_15' title="bbox 16 2589 1527 2784">
     <span class='ocr_line' id='line_1_36' title="bbox 61 2589 1138 2645; baseline 0.006 -15"><span class='ocrx_word' id='word_1_270' title='bbox 61 2589 126 2631; x_wconf 85' lang='lat'><strong>11.</strong></span> <span class='ocrx_word' id='word_1_271' title='bbox 172 2590 225 2629; x_wconf 86' lang='lat' dir='ltr'><strong>de</strong></span> <span class='ocrx_word' id='word_1_272' title='bbox 257 2591 384 2629; x_wconf 89' lang='lat' dir='ltr'><strong>sacris</strong></span> <span class='ocrx_word' id='word_1_273' title='bbox 417 2595 647 2645; x_wconf 88' lang='lat' dir='ltr'><strong>perpetuis.</strong></span> <span class='ocrx_word' id='word_1_274' title='bbox 693 2598 729 2644; x_wconf 94' lang='grc'><strong>3.</strong></span> <span class='ocrx_word' id='word_1_275' title='bbox 762 2594 829 2636; x_wconf 87' lang='grc'><strong>22.</strong></span> <span class='ocrx_word' id='word_1_276' title='bbox 889 2598 926 2644; x_wconf 89' lang='grc'><strong>3.</strong></span> <span class='ocrx_word' id='word_1_277' title='bbox 956 2594 1138 2637; x_wconf 73' lang='grc'><strong>46-54.</strong></span> 
     </span>
     <span class='ocr_line' id='line_1_37' title="bbox 16 2656 1527 2704; baseline 0.002 -4"><span class='ocrx_word' id='word_1_278' title='bbox 16 2692 25 2700; x_wconf 80' lang='grc'><em>,</em></span> <span class='ocrx_word' id='word_1_279' title='bbox 62 2656 130 2698; x_wconf 90' lang='grc'><strong>12.</strong></span> <span class='ocrx_word' id='word_1_280' title='bbox 171 2657 224 2697; x_wconf 87' lang='lat' dir='ltr'><strong>de</strong></span> <span class='ocrx_word' id='word_1_281' title='bbox 262 2658 434 2698; x_wconf 89' lang='lat' dir='ltr'><strong>deorum</strong></span> <span class='ocrx_word' id='word_1_282' title='bbox 473 2662 650 2701; x_wconf 89' lang='lat' dir='ltr'><strong>manium</strong></span> <span class='ocrx_word' id='word_1_283' title='bbox 689 2665 779 2703; x_wconf 87' lang='lat' dir='ltr'><strong>iure</strong></span> <span class='ocrx_word' id='word_1_284' title='bbox 826 2671 966 2704; x_wconf 88' lang='lat' dir='ltr'><strong>sancte</strong></span> <span class='ocrx_word' id='word_1_285' title='bbox 1015 2663 1189 2704; x_wconf 86' lang='lat' dir='ltr'><strong>colendo</strong></span> <span class='ocrx_word' id='word_1_286' title='bbox 1232 2667 1274 2702; x_wconf 89' lang='lat' dir='ltr'><strong>et</strong></span> <span class='ocrx_word' id='word_1_287' title='bbox 1304 2661 1356 2702; x_wconf 86' lang='lat' dir='ltr'><strong>de</strong></span> <span class='ocrx_word' id='word_1_288' title='bbox 1392 2670 1527 2703; x_wconf 84' lang='lat' dir='ltr'><strong>sumtu</strong></span> 
     </span>
     <span class='ocr_line' id='line_1_38' title="bbox 173 2726 1447 2784; baseline 0.006 -19"><span class='ocrx_word' id='word_1_289' title='bbox 173 2726 369 2778; x_wconf 85' lang='lat' dir='ltr'><strong>luctuque</strong></span> <span class='ocrx_word' id='word_1_290' title='bbox 401 2730 443 2767; x_wconf 89' lang='lat' dir='ltr'><strong>in</strong></span> <span class='ocrx_word' id='word_1_291' title='bbox 471 2730 683 2783; x_wconf 83' lang='lat' dir='ltr'><strong>sepultura</strong></span> <span class='ocrx_word' id='word_1_292' title='bbox 713 2732 949 2775; x_wconf 87' lang='lat' dir='ltr'><strong>minuendo.</strong></span> <span class='ocrx_word' id='word_1_293' title='bbox 995 2737 1032 2784; x_wconf 89' lang='grc'><strong>3.</strong></span> <span class='ocrx_word' id='word_1_294' title='bbox 1064 2734 1134 2776; x_wconf 90' lang='grc'><strong>22.</strong></span> <span class='ocrx_word' id='word_1_295' title='bbox 1194 2735 1232 2783; x_wconf 89' lang='grc'><strong>3.</strong></span> <span class='ocrx_word' id='word_1_296' title='bbox 1265 2731 1447 2774; x_wconf 71' lang='grc'>55-68,</span> 
     </span>
    </p>
   </div>
   <div class='ocr_carea' id='block_1_3' title="bbox 1280 2807 1306 2845">
    <p class='ocr_par' dir='ltr' id='par_1_16' title="bbox 1280 2807 1306 2845">
     <span class='ocr_line' id='line_1_39' title="bbox 1280 2807 1306 2845; baseline 0 0"><span class='ocrx_word' id='word_1_297' title='bbox 1280 2807 1306 2845; x_wconf 90' lang='lat' dir='ltr'><strong>d</strong></span> 
     </span>
    </p>
   </div>
  </div>
 </body>
</html>
