1781 3192
224 184 284 221 98
799 186 866 222 DE
900 186 1127 225 LEGIBUS

236 297 421 336 Eundem
456 296 597 333 Cicero
628 297 703 332 iam
740 309 839 346 puer
871 298 1024 335 Romae
1059 298 1269 337 audiuerat
1302 305 1343 336 et
1373 307 1516 350 postea
1542 304 1699 343 audiuit

237 354 427 400 Athenis,
469 363 558 388 cum
594 363 684 388 eum
718 351 982 391 familiariter
1013 368 1103 392 cum
1138 354 1275 390 Attico
1310 357 1517 395 uiuentem
1560 366 1604 398 ut
1636 363 1697 399 ui-

238 423 326 448 rum
359 410 507 446 bonum
541 410 583 443 et
616 419 781 446 suauem
811 411 1016 460 probaret.
1051 410 1099 448 ad
1134 409 1249 448 Fam.
1284 410 1388 461 xm,
1423 411 1459 452 1.
1492 413 1534 454 2.

348 499 449 524 rem
482 487 795 538 conuenire]
857 489 1044 526 Absurda
1076 493 1139 526 est
1170 490 1385 538 correctio,
1429 505 1533 542 quae
1565 499 1629 532 est
1657 496 1698 532 in

236 543 356 582 codd.
396 542 673 581 deterioribus
711 556 822 581 cum
865 556 921 582 eo
965 545 1282 594 conuenire,
1323 547 1387 583 cui
1425 560 1565 598 parum
1597 552 1699 589 scite

237 602 512 638 coniecturam
540 604 906 650 superstruxerunt
925 602 1041 641 Grnt.
1062 600 1241 654 (posse
1268 614 1371 639 rem
1403 609 1502 641 tum
1529 605 1698 660 conu.)

236 662 279 695 et
315 657 416 695 Dau.
448 653 627 708 (posse
655 668 760 693 rem
795 658 938 696 inter
966 671 1053 695 eos
1084 653 1267 708 conu.).
1329 658 1508 698 Primum
1538 660 1699 700 scilicet

235 715 429 752 uniuerse
466 724 553 749 rem
595 714 782 763 componi
824 727 946 764 posse
987 714 1085 752 dicit
1124 727 1169 751 ac
1212 712 1382 764 deinde,
1425 720 1468 753 ut
1508 717 1549 754 id
1589 719 1699 756 iuter

235 772 348 821 ipsos
390 769 478 805 fieri
515 769 671 819 possit,
720 782 885 820 operam
931 783 1040 808 suam
1086 768 1323 821 pollicetur.
1394 771 1513 819 Quod
1561 778 1698 812 autem

237 824 449 875 aliquid
482 826 775 863 conuenire
805 825 921 876 (licit,
963 827 1004 864 id
1036 827 1222 877 pertinet
1261 824 1312 863 ad
1355 828 1540 878 exiguam
1582 842 1696 881 spem

235 882 520 920 consensionis
550 879 670 931 plane
703 894 777 932 per
807 895 853 920 se
877 883 1156 921 conficiendae
1180 878 1299 935 (dass
1323 883 1481 933 einiger
1506 885 1697 923 Maassen

235 940 328 976 eine
360 937 567 988 Einigung
607 950 654 974 zu
686 936 841 975 Stande
879 937 1090 989 komme);
1134 940 1173 976 in
1217 951 1294 989 quo
1336 939 1541 978 modestia
1573 955 1699 992 quae-

236 994 326 1032 dam
362 992 511 1032 elucet.
573 994 709 1042 Quare
742 994 934 1032 mendum
968 993 1124 1032 codicis
1150 994 1260 1031 arch.
1295 993 1516 1045 aliquod
1547 999 1700 1035 rectius

236 1050 383 1101 reliqui
415 1051 456 1087 in
490 1049 694 1100 aliquid
727 1055 949 1100 mutarunt,
985 1064 1102 1101 quam
1136 1049 1280 1086 Bakius
1311 1051 1352 1087 in
1393 1050 1697 1103 aliquandO,

237 1120 315 1158 quo
345 1108 386 1144 in
419 1110 581 1158 tempus
612 1107 817 1144 incertum
851 1108 1035 1145 reiicitur
1063 1107 1296 1144 conuentio.
1343 1106 1408 1145 Cf.
1442 1107 1495 1145 de
1527 1114 1698 1160 utraque

234 1164 488 1215 pronominis
518 1162 650 1200 forma
683 1159 919 1215 (aliquod
945 1186 997 1191 —
1022 1160 1255 1213 aliquid)
1296 1163 1407 1199 inter
1445 1176 1490 1201 se
1531 1177 1697 1215 permu-

232 1224 317 1258 tata
350 1218 484 1257 Madu,
514 1218 568 1257 de
601 1218 693 1256 Fin.
725 1232 762 1270 p.
793 1218 891 1259 643.
953 1217 1160 1257 Particula
1199 1219 1239 1254 si
1272 1217 1446 1256 Romani
1486 1225 1581 1270 post
1618 1233 1698 1270 ap-

232 1274 450 1328 petendi
493 1280 535 1313 et
577 1275 865 1326 quaerendi
907 1277 1031 1314 uerba
1070 1274 1118 1312 ad
1152 1279 1355 1312 euentum
1396 1276 1598 1314 incertum
1631 1276 1697 1313 in-

234 1331 453 1370 dicandum
505 1331 613 1369 haud
662 1331 719 1368 ita
761 1344 852 1369 raro
894 1337 1087 1380 utuntur,
1139 1331 1203 1368 ubi
1251 1343 1325 1367 nos
1377 1331 1552 1370 dicimus
1601 1331 1699 1370 dass

234 1386 462 1438 moglicher
501 1387 665 1435 Weise‚
707 1388 756 1424 ob
796 1392 910 1425 etwa.
980 1388 1103 1425 Cuius
1144 1385 1363 1424 locutionis
1404 1389 1506 1425 ratio
1557 1389 1597 1426 in
1650 1401 1698 1426 eo

234 1444 431 1491 cernitur,
464 1442 572 1493 quod
604 1443 707 1481 duae
738 1444 928 1481 notiones
959 1448 1002 1480 et
1034 1441 1300 1492 conditionis,
1333 1445 1406 1481 sub
1437 1457 1514 1494 qua
1545 1443 1697 1494 aliquid

232 1501 322 1538 fieri
354 1498 520 1548 dicitur,
552 1506 595 1536 et
626 1501 685 1536 rei
720 1501 927 1550 appetitae
961 1497 1027 1537 uel
1052 1499 1278 1548 quaesitae,
1311 1511 1414 1549 quae
1435 1502 1698 1538 coniunctiuo

231 1556 452 1603 indicatur,
484 1555 524 1592 in
556 1568 673 1593 unam
705 1555 905 1608 quandam
946 1557 1158 1593 notionem
1191 1553 1446 1594 coaluerunt.
1509 1555 1576 1594 Cf.
1610 1556 1696 1595 Cic.

1772 435 1781 597 A—-u
1780 417 1781 420 „

233 1612 285 1649 de
316 1611 408 1651 Fin.
443 1610 494 1661 V,
534 1611 597 1651 17.
630 1610 696 1652 46.
738 1609 1013 1665 (uidesne)
1056 1616 1109 1649 ut
1149 1611 1478 1650 contendant
1517 1617 1566 1650 et
1595 1612 1698 1650 ela·
1768 1605 1769 1609 ¹

230 1670 445 1716 borent,
496 1669 537 1705 si
581 1668 806 1707 efficere
845 1670 1073 1720 possint,
1117 1672 1168 1704 ut
1207 1689 1263 1695 —
1301 1681 1398 1705 non
1436 1675 1697 1720 appareat

231 1724 473 1775 corporis
506 1726 713 1762 uitium.
757 1724 871 1763 Brut.
897 1725 966 1775 72,
991 1722 1087 1764 253.
1124 1721 1232 1761 Phil.
1261 1723 1329 1772 lx,
1369 1724 1398 1763 1.
1429 1723 1469 1763 2.
1503 1724 1553 1761 ad
1580 1724 1695 1764 Fam.

230 1776 313 1830 III,
346 1777 386 1819 9.
419 1779 459 1819 2.
498 1781 553 1819 ib.
586 1780 693 1831 XVI,
727 1780 767 1820 2.
799 1780 840 1821 4.
881 1782 933 1819 de
966 1781 1034 1818 inu
1084 1775 1141 1828 Il,
1173 1778 1243 1818 45.
1285 1778 1373 1819 131.
1415 1780 1535 1817 Caes·
1578 1780 1622 1818 B.
1645 1781 1697 1819 G.

232 1836 310 1885 Vl,
354 1835 422 1875 37.
492 1836 599 1874 Uide
643 1836 781 1875 Madu.
825 1837 1065 1875 Emendatt.
1107 1848 1143 1885 p.
1176 1833 1245 1875 54'.
1308 1836 1447 1886 itaque
1487 1840 1529 1872 et
1568 1835 1698 1873 futilis

231 1896 296 1929 est
326 1892 479 1930 Dauisii
509 1894 742 1931 coniectura
786 1895 859 1931 uti
898 1897 1112 1945 posset,
1156 1904 1231 1928 nec
1264 1897 1377 1929 recte
1403 1892 1560 1931 Manut.
1596 1892 1698 1930 haec

229 1950 364 1985 omnia
409 1950 452 1985 si
499 1954 681 2001 posset
720 1952 865 1988 inter
906 1963 995 1987 eos
1037 1946 1241 1998 aliquid
1283 1948 1580 1987 conuenire
1620 1948 1696 1986 de-

228 2004 305 2042 leri
338 2005 473 2042 iussit.

344 2074 606 2121 antiquam
641 2071 985 2121 Academiam]
1055 2071 1225 2108 Praeter
1263 2069 1527 2108 Academicos
1571 2072 1694 2109 etiam

229 2127 532 2177 Peripateticos
567 2126 646 2163 dici
682 2125 747 2163 uel
779 2139 826 2165 ex
859 2128 892 2178 ξ.
926 2127 993 2167 55.
1029 2125 1093 2164 uel
1125 2138 1172 2162 ex
1207 2125 1296 2164 Fin.
1336 2125 1386 2174 V,
1420 2124 1460 2165 3.
1495 2125 1534 2164 7.
1570 2126 1619 2176 V,
1653 2125 1694 2166 8.

230 2182 298 2221 21.
331 2183 595 2233 perspicitur.
657 2181 763 2219 Uide
797 2197 899 2233 quae
932 2182 1013 2220 dixi
1046 2182 1079 2232 ᾧ.
1113 2179 1179 2221 36.

343 2249 377 2299 ξ.
410 2247 478 2289 54.
540 2250 634 2286 Ain
674 2248 940 2300 tandem?]
1009 2249 1188 2297 Nititur,
1238 2252 1281 2285 ut
1331 2262 1404 2300 par
1453 2253 1542 2299 est,
1594 2249 1696 2288 haec

229 2306 467 2343 coniectura
504 2305 551 2342 ab
585 2306 771 2343 omnibus
804 2306 895 2344 sere
927 2318 1120 2357 expressa
1149 2303 1299 2341 mendo
1332 2303 1517 2343 codicum
1550 2304 1696 2344 melio-

228 2375 315 2399 rum
342 2359 451 2414 (an)
476 2373 567 2398 cum
591 2362 681 2412 ipsa
712 2363 971 2400 correctione
1003 2359 1269 2414 (tandemn
1285 2357 1332 2413 e)
1365 2365 1542 2398 seruato.
1591 2361 1695 2399 Ute-

231 2419 376 2455 bantur
415 2420 548 2455 autem
591 2417 667 2455 hac
717 2431 816 2456 uoce
854 2419 1053 2468 Romani,
1100 2417 1134 2454 si
1178 2415 1339 2466 quando
1380 2417 1590 2455 sententia
1628 2422 1696 2456 aut

227 2473 467 2524 consilium,
512 2472 619 2524 quod
660 2486 739 2511 nou
783 2479 1071 2526 exspectares,
1113 2473 1344 2524 expositum
1388 2477 1523 2522 esset,
1567 2485 1693 2523 quae-

225 2530 360 2578 situri,
393 2542 487 2567 num
520 2542 667 2567 reuera
698 2531 788 2579 quis
820 2531 933 2570 istud
964 2531 1156 2568 sentiret.
1199 2528 1285 2567 Cic.
1311 2528 1436 2566 Tusc.
1464 2524 1499 2577 I,
1526 2528 1590 2568 17.
1622 2525 1692 2567 39.

225 2585 277 2634 V,
317 2585 379 2625 12.
413 2584 480 2626 35.
514 2587 583 2623 Ac.
617 2586 668 2635 ll,
702 2585 764 2625 19.
799 2586 869 2627 62.
928 2585 1216 2637 Imprudenter
1256 2585 1358 2623 Dau.
1400 2584 1597 2622 coniecit:
1638 2597 1693 2620 an

222 2643 364 2679 inter
396 2654 484 2680 eos
515 2640 701 2680 deuna
735 2656 788 2680 re
821 2647 905 2681 est
937 2642 1037 2682 sol.
1071 2641 1225 2679 diss.-

333 2721 497 2746 uuane
547 2714 628 2746 est
675 2708 864 2760 solum]
944 2710 1013 2748 Sic
1064 2712 1178 2747 recte
1227 2705 1448 2745 secundum
1496 2703 1692 2743 meliores

219 2763 382 2803 codices
414 2770 508 2817 post
539 2763 795 2818 Stephanum
828 2766 989 2806 Bakius.
1052 2765 1230 2804 Temere
1278 2768 1320 2801 et
1353 2762 1479 2801 Goer.
1510 2762 1691 2799 interro-

1778 1805 1781 1821 Ι

1777 1837 1781 1879 ἔ
