1781 3192
482 202 632 240 titum<
670 199 891 237 Plinius.
945 201 1041 238 (hv.
1082 199 1165 236 XV.
1503 195 1559 230 725

81 316 203 356 modo
239 316 317 353 dic-i
351 319 462 354 aiunt
493 319 614 365 atque
638 309 694 362 ll,
727 312 765 353 ὅ,
797 312 860 351 13.
895 313 1052 359 scisci
1089 312 1133 348 in
1169 305 1376 360 populis
1401 304 1547 359 (uimi-

82 387 169 411 rum
205 373 344 423 populi
381 374 433 410 ihi
468 384 630 419 nomen,
665 375 706 406 ut
739 382 879 420 saepe,
913 370 1090 420 positum
1124 372 1187 404 est
1206 379 1279 417 pro
1304 364 1546 401 ciuitate.

81 430 166 469 (Die.
212 430 263 466 de
298 431 389 467 Diu.
422 428 450 477 l,
492 426 562 467 41.
594 425 660 467 90.
701 427 828 463 'susm
867 426 914 475 V,
956 426 1024 465 27.
1058 425 1125 463 77.
1170 423 1220 472 V,
1254 420 1319 462 36.
1358 419 1451 459 105.
1494 420 1545 456 de,

85 486 186 536 nvp.
225 482 301 535 ΙΙΙ,
335 483 372 523 9.
412 484 467 524 14.
502 497 572 534 pro
606 483 728 521 Arch.
768 483 831 531 10,
867 481 977 534 ⁴233).
1040 482 1123 517 Nee
1167 491 1263 516 uero
1295 482 1409 514 recte
1442 475 1544 513 diei-

85 547 150 579 tur
181 543 339 579 scisci
375 543 423 578 in
456 540 670 589 legibus
705 552 777 590 pro
812 539 1009 576 sanciri
1051 538 1095 574 in
1130 536 1343 585 legibus
1376 532 1440 570 uel
1474 530 1545 569 le-

82 599 258 648 gibuS,
300 611 351 634 ne
390 599 631 635 sciscere
679 595 842 645 quidem
892 594 1127 643 legibus,
1179 596 1220 628 ut
1261 591 1423 641 probari
1464 602 1544 645 non

81 655 229 703 possit,
263 653 367 703 quod
403 667 423 690 a
457 652 663 701 Maduigio
695 652 1027 690 commendatum
1062 651 1099 687 in
1137 647 1373 685 Emendatt.
1405 659 1446 696 p.
1481 645 1541 684 13.

80 708 234 759 placuit
265 709 437 758 Ort-llio,
471 724 493 759 q
510 722 599 746 uae
632 710 766 746 scita
799 710 906 747 sint
937 707 1162 756 legibus.
1223 705 1323 741 Nam
1349 711 1391 738 ut
1422 703 1545 738 omit-

82 772 161 804 tam
195 767 477 803 institutis
520 767 599 803 isto
636 765 757 802 modo
802 767 888 803 uoci
923 764 1135 813 legibus
1168 761 1332 798 inficete
1362 757 1542 807 adiungi,

81 826 151 860 aut
192 822 437 872 siinplititer
477 819 650 873 populus
693 822 874 859 sciscere
920 821 1071 859 dicitur
1101 822 1170 856 aut
1199 817 1316 866 leges
1348 815 1543 852 sciscere.

79 878 218 928 ltaque
249 880 370 916 scribi
406 882 519 916 certe
550 879 733 929 oportuit
764 883 952 915 sancta
985 879 1132 923 sunt,
1177 873 1282 924 quod
1326 871 1422 909 olim
1456 872 1543 922 ipse

78 936 244 987 probaui
280 935 469 972 Ernestio
512 936 743 972 assentiens
784 935 821 971 iu
861 935 994 971 Ι1111111ῐί
1038 934 1138 970 Anu.
1188 928 1308 969 1842.
1353 942 1393 979 p.
1426 925 1543 976 299„

79 1004 157 1041 quo
190 997 382 1042 suscepto
418 996 552 1029 tamen
587 1004 636 1029 ne
667 993 1012 1042 praepositionem
1048 988 1210 1041 quidem
1237 999 1323 1023 euin
1348 986 1542 1022 Ernestio

78 1046 207 1085 deleri
239 1061 412 1085 neeesse
446 1052 510 1085 est
551 1045 633 1100 (cf.
669 1048 753 1084 Cic.
788 1047 905 1085 verr.
940 1047 1006 1094 ΙΙΙ,
1050 1046 1118 1086 50.
1167 1042 1257 1083 123.
1300 1043 1542 1092 antiquas

78 1102 227 1153 leges
258 1104 479 1153 habent,
513 1105 561 1140 in
597 1104 788 1153 quibus
828 1108 878 1140 et
917 1103 1091 1141 eadem
1125 1104 1309 1138 sancta
1341 1103 1462 1135 sunt
1493 1100 1544 1134 et

78 1161 171 1198 hoc
204 1158 469 1214 amplius).
528 1159 743 1210 Uulgatam
770 1161 1012 1211 scripturam
1039 1171 1145 1196 nunc
1175 1169 1250 1206 ego
1283 1154 1543 1192 retinendam

76 1213 199 1268 puto,
242 1218 334 1267 quia
377 1221 419 1254 et
460 1215 552 1254 aliis
594 1217 737 1253 horum
779 1214 970 1254 librorum
1005 1214 1105 1252 loeis
1138 1213 1184 1262 (Ι.
1218 1213 1247 1262 ᾧ.
1282 1210 1371 1257 39.)
1408 1212 1539 1248 scita

74 1275 117 1312 in
150 1275 255 1311 sita
287 1277 485 1311 mutatum
520 1286 613 1311 esse
647 1272 769 1309 uideo
803 1277 844 1310 et
870 1273 1006 1311 facete
1029 1273 1088 1309 sic
1120 1268 1380 1322 progreditur
1411 1268 1540 1304 oratio

76 1331 124 1368 ab
157 1332 242 1379 eis,
276 1343 378 1380 quae
408 1329 584 1381 populus
615 1330 735 1367 sciuit
765 1329 815 1366 ad
848 1343 912 1379 ea,
946 1341 1047 1380 quae
1082 1328 1243 1378 tyranni
1267 1326 1539 1363 constituunt.

77 1388 333 1437 Praepositio
367 1387 414 1423 in
448 1385 631 1424 declarat
663 1399 786 1436 quae
818 1388 953 1424 scita
989 1387 1094 1423 sint
1125 1388 1263 1436 partes
1296 1394 1389 1420 esse
1413 1394 1541 1432 geue-

75 1444 131 1480 ris
163 1442 466 1495 (institutorum
498 1448 540 1480 et
568 1439 744 1493 legum).
807 1439 918 1495 (Cic.
953 1441 1066 1479 Lael.
1086 1440 1128 1491 4,
1160 1440 1220 1480 15.
1253 1453 1344 1490 (1110
1377 1440 1426 1476 in
1459 1452 1540 1488 ge-

77 1512 202 1536 nere
234 1512 449 1549 sperare
482 1499 669 1536 uideor
689 1498 960 1548 Scipionis
986 1502 1036 1535 et
1061 1496 1229 1535 Laelii
1257 1496 1539 1533 amicitiam

78 1559 252 1592 notam
294 1556 610 1606 posteritati
652 1552 807 1607 fore).
876 1555 1094 1592 Sententia
1138 1555 1263 1604 igitur
1308 1553 1409 1590 haec
1457 1556 1542 1588 est:

78 1611 378 1649 Stultissimum
421 1609 485 1650 e‘st
524 1612 760 1649 existimare
802 1612 935 1648 omnia
975 1624 1021 1648 ea
1064 1624 1110 1648 ex
1153 1608 1288 1662 populi
1341 1609 1540 1646 institutis

76 1674 144 1705 aut
183 1667 369 1717 legibus,
412 1681 513 1718 quae
555 1669 655 1706 scita
697 1669 724 1706 i.
766 1681 803 1705 e.
844 1668 984 1719 populi
1028 1669 1132 1705 scito
1173 1667 1396 1705 constituta
1439 1668 1537 1715 sint,

74 1725 179 1763 iusta
215 1737 323 1761 esse.

189 1781 411 1830 triginta
453 1778 561 1828 illi,
604 1793 701 1830 quos
743 1779 1061 1819 Atheniensibus
1110 1779 1286 1817 deuictis
1327 1779 1538 1817 Lacedae-

74 1839 197 1877 monii
231 1839 513 1887 imposuerunt
542 1850 578 1874 a.
618 1835 716 1875 404.
750 1835 849 1874 Sall.
881 1838 970 1875 Cat.
1003 1838 1072 1878 51.
1107 1837 1209 1875 Xen.
1244 1837 1353 1874 Hist.
1386 1836 1454 1874 Gr.
1480 1832 1537 1886 ΙΙ,

74 1895 137 1943 3,;
194 1906 294 1943 quos
351 1894 623 1931 iniustissime
675 1894 734 1930 rei
792 1893 981 1944 publicae
1041 1894 1271 1946 praefuisse
1326 1893 1426 1931 dicit
1486 1894 1538 1931 de

77 1953 176 2002 nep.
210 1950 275 1997 ΙΙΙ,
309 1948 377 1989 32.

187 2013 271 2043 aut
301 2007 342 2042 si
376 2005 576 2055 omnes]
638 2004 787 2043 Futilis
821 2010 886 2043 est
920 2007 1031 2045 Bakii
1065 2007 1116 2045 de
1141 2008 1376 2046 Athenione
1408 2007 1536 2044 Athe-

74 2075 215 2102 naeum
253 2062 297 2102 V.
342 2075 378 2112 p.
410 2061 505 2101 211.
548 2062 592 2100 F.
631 2060 837 2099 laudantis
869 2066 1126 2102 coniectura:
1171 2069 1254 2102 aut
1286 2064 1325 2101 si
1360 2076 1429 2101 om
1445 2077 1536 2101 nes

71 2119 388 2159 Athenionis
430 2117 838 2156 delectarentur
882 2124 909 2157 t.
950 2118 975 2158 l.
1017 2126 1059 2158 et
1095 2122 1277 2171 Zumptii
1314 2121 1422 2157 etsi
1464 2134 1535 2170 pro

71 2180 160 2214 aut
199 2176 239 2212 si
277 2176 570 2212 substituentis
614 2176 734 2214 ratio.
807 2174 922 2213 Nihil
961 2177 1150 2228 profecto
1182 2179 1260 2214 ista
1293 2176 1535 2226 gradatione

71 2234 219 2284 aptiuS,
261 2245 335 2283 per
367 2244 483 2282 quam
517 2245 538 2268 a
568 2244 692 2282 paruo
725 2236 986 2283 tyrannorum
1020 2246 1189 2271 numero
1221 2235 1458 2285 progressio
1491 2235 1536 2271 fit

71 2290 118 2327 ad
153 2289 428 2326 Athenienses
461 2301 601 2325 omnes
644 2293 686 2326 et
725 2302 746 2325 a
787 2290 967 2327 uiolenta
1007 2290 1144 2342 legum
1188 2291 1451 2342 impositione
1484 2291 1534 2328 ad

71 2344 406 2393 delectationem,
439 2357 541 2394 quae
575 2350 638 2383 est
670 2344 906 2383 uoluntaria,

182 2414 270 2439 eae
301 2399 466 2451 leges]
529 2401 609 2438 Pro
651 2404 893 2452 pronomine
935 2402 1065 2441 haec
1105 2402 1241 2441 adhuc
1288 2401 1450 2453 uulgato
1481 2417 1532 2441 ex

69 2456 308 2496 melioribus
341 2456 462 2495 codd.
494 2454 632 2509 (Bakii
666 2457 911 2509 deteriores,
945 2472 1044 2510 quos
1078 2460 1167 2510 ipse
1196 2472 1276 2497 non
1305 2462 1532 2512 exceperit,

67 2527 162 2552 num
203 2513 403 2552 accedant
444 2513 682 2552 melioribus
723 2514 889 2568 dubito)
934 2529 1026 2554 cum
1065 2516 1189 2554 Bakio
1230 2518 1394 2554 restitui
1426 2530 1532 2554 eae.

68 2571 168 2609 Cum
200 2583 322 2623 pron.
355 2575 397 2608 et
428 2569 477 2608 ad
511 2571 680 2620 triginta
711 2575 974 2622 tyrannorum
1006 2571 1121 2623 leges
1154 2578 1196 2611 et
1224 2573 1274 2611 ad
1299 2575 1532 2624 tyrannicas

71 2627 184 2676 leges
216 2628 441 2679 pertineat,
475 2628 620 2677 quibus
646 2628 858 2666 uniuersos
879 2629 1157 2667 Athenienses
1180 2631 1296 2669 finxit
1318 2629 1533 2678 delectari,

72 2695 150 2720 non
183 2697 354 2722 necesse
388 2687 452 2721 est
486 2696 555 2721 eas
587 2685 805 2722 monstrari
838 2690 880 2723 ut
912 2685 1051 2724 Tullio
1082 2688 1251 2738 propius
1284 2686 1485 2737 admotas.

184 2741 424 2779 interrex
455 2741 657 2791 noster]
718 2742 761 2780 L.
786 2741 974 2781 Ualerius
997 2742 1168 2781 Flaccus
1195 2745 1371 2781 interrex
1397 2742 1533 2792 legem

69 2795 121 2832 de
152 2794 267 2834 Sulla
305 2797 506 2837 dictatore
537 2798 648 2849 tulit,
681 2803 724 2836 ut
754 2800 905 2850 omnia,
949 2813 1213 2851 quaecunque
1250 2799 1319 2838 ille
1351 2800 1536 2848 fecisset,

1256 2866 1314 2886 455(-
