1781 3192
238 212 325 251 142
804 213 875 251 DE
905 212 1138 252 LEGlBUS

241 326 362 362 etiam
404 323 517 374 leges
549 321 770 374 populares
802 321 969 373 tulerit,
1010 338 1091 362 non
1132 328 1307 365 constat.
1368 323 1428 361 Ex
1466 325 1545 362 hoc
1583 332 1697 364 certe

237 379 328 418 loco
361 381 402 417 id
434 378 631 429 colligere
660 378 887 429 nonlicet,
929 381 963 417 si
1004 379 1165 430 quidem
1207 380 1343 417 Titiae
1386 385 1428 417 et
1470 379 1697 432 Appuleiae

236 435 349 485 leges
382 440 476 472 sunt
505 435 620 484 leges
654 434 843 485 Appuleii
875 439 917 473 et
938 436 1050 475 Titii.
1112 437 1189 484 Qui
1213 436 1396 486 quamuis
1420 434 1514 486 lege
1541 438 1696 485 agraria

238 491 345 541 apud
377 490 541 541 plebem
570 492 773 540 gratiosus
798 495 924 541 esset,
957 497 1092 529 tamen
1119 493 1209 542 quia
1233 492 1441 529 Saturnini
1474 493 1695 541 imaginem

238 547 348 584 domi
375 559 473 584 suae
495 547 711 596 habuerat,
736 547 1031 585 condemnatus
1057 553 1135 585 est.
1168 548 1229 585 Cf.
1247 548 1330 585 Cic.
1350 561 1422 598 pro
1445 549 1543 587 Rab.
1567 546 1608 597 9,
1627 546 1693 588 24'.

350 603 396 642 L.
435 602 661 653 Appuleius
703 603 972 653 Saturninus,
1020 616 1139 653 quem
1181 605 1358 641 omnium
1404 604 1695 641 seditiosorum

236 664 332 708 post
363 659 573 696 Gracchos
604 658 985 710 eloquentissimum
1018 661 1132 698 Brut.
1158 659 1236 709 62,
1259 658 1352 699 224.
1383 659 1497 709 dicit,
1530 673 1563 697 a.
1595 658 1694 699 654.

239 716 386 753 iterum
429 720 475 753 tr.
520 714 574 765 pl.
615 714 756 767 plures
796 716 929 753 Mario
971 720 1135 754 auctore
1176 715 1270 754 tulit
1308 714 1422 765 leges
1460 714 1697 766 populares,

237 772 450 820 agrariam,
484 771 811 820 frumentariam,
844 770 897 808 de
937 773 1166 810 maiestate.
1239 771 1408 809 Publice
1449 771 1695 809 interfectus

237 832 301 864 est
332 826 476 864 eodem
512 840 615 865 anno
648 840 735 864 cum
770 825 945 865 Seruilio
979 827 1147 865 Glaucia
1178 832 1383 879 praetore.

350 883 403 920 M.
430 884 569 921 Liuius
596 884 746 921 Drusus
778 887 830 920 tr.
854 882 907 934 pl.
936 897 971 921 a.
997 883 1090 924 632.
1120 886 1296 935 primum
1322 888 1490 921 senatus
1515 883 1697 920 auctori-

236 940 361 976 tatem
393 946 533 977 contra
565 940 612 978 C.
646 940 875 977 Gracchum
908 939 1102 977 tuendam
1135 947 1375 991 susceperat
1406 938 1653 990 plebemque
1676 952 1697 975 a

237 994 412 1033 Gracchi
455 995 591 1033 studio
633 1000 890 1033 auocauerat.
960 995 1112 1033 Postea
1151 1009 1250 1034 uero
1293 1009 1380 1033 cum
1435 994 1484 1032 ad
1532 993 1697 1046 plebem

237 1062 460 1089 conuersus
504 1058 668 1102 praeter
699 1051 798 1089 alias
831 1050 946 1102 leges
979 1051 1214 1103 populares,
1254 1053 1468 1101 agrariam,
1512 1050 1698 1088 frumeu-

239 1108 398 1156 tariam,
440 1109 712 1157 iudiciariam,
748 1107 882 1157 legem
930 1109 1052 1145 etiam
1092 1108 1224 1146 ferret
1264 1108 1316 1145 de
1357 1109 1526 1144 ciuitate
1574 1107 1697 1144 sociis

237 1161 384 1212 danda,
424 1163 618 1215 Philippo
659 1163 828 1202 consule
868 1169 1033 1202 auctore
1074 1177 1106 1202 a.
1139 1162 1235 1204 563.
1277 1176 1418 1201 omncs
1448 1164 1534 1199 eius
1565 1162 1697 1211 leges,

238 1221 333 1268 quia
360 1225 503 1257 contra
535 1222 712 1271 auspic-ia
745 1217 1041 1270 latae‘cssent,
1065 1219 1247 1258 sublatae
1272 1227 1380 1257 sunt.
1444 1217 1550 1256 Male
1573 1220 1698 1268 igitur

236 1275 362 1312 haec:
395 1289 492 1313 uno
525 1275 796 1314 uersiculo
826 1282 1042 1314 senatus
1083 1278 1295 1327 pertinere
1337 1279 1480 1326 putant
1521 1274 1570 1312 ad
1611 1273 1698 1311 for-

237 1330 386 1370 mulam
416 1331 548 1373 illam:
580 1332 798 1370 uideant
830 1345 978 1382 coss,
1010 1345 1072 1369 ne
1096 1332 1217 1381 quid
1244 1338 1320 1370 cet.
1369 1333 1458 1382 lpse
1482 1333 1574 1380 quia
1597 1331 1698 1369 ciui-

237 1391 332 1426 tatis
364 1389 484 1425 sociis
516 1388 818 1439 impertiendae
847 1389 1038 1437 ingentes
1070 1389 1354 1425 contentiones
1392 1389 1569 1425 faciebat
1609 1385 1698 1440 (in-

238 1448 420 1492 certum,
463 1457 483 1480 a
525 1458 602 1493 quo
641 1442 910 1495 percussore)
951 1446 990 1481 in
1035 1444 1137 1480 atrio
1169 1443 1311 1481 domus
1345 1456 1443 1481 suae
1482 1444 1697 1481 confossus

236 1505 314 1539 est.
367 1500 428 1539 Cf.
461 1500 555 1538 Asc.
585 1501 624 1537 in
659 1501 778 1539 Corn.
810 1512 847 1550 p.
881 1499 951 1539 68.
981 1501 1022 1537 in
1054 1499 1191 1537 Scaur.
1225 1513 1267 1550 p.
1302 1499 1371 1540 21.
1404 1498 1543 1539 Scliol⁴
1575 1500 1697 1538 Bobr.

236 1569 307 1609 pro
341 1555 428 1595 Mil.
462 1569 503 1607 p.
537 1556 631 1595 252.
663 1557 766 1607 App.
801 1556 842 1595 B.
877 1557 923 1594 C.
956 1552 990 1605 Ι,
1024 1555 1093 1595 35.
1126 1554 1195 1595 36.

350 1626 370 1649 a
406 1612 605 1650 duobus
639 1612 807 1662 uobis]
870 1613 1078 1650 lleuocaui
1114 1613 1220 1649 hunc.
1263 1612 1478 1648 uerborum
1512 1611 1697 1650 ordinem

236 1683 285 1707 ex
313 1668 434 1707 codd.
467 1667 708 1707 melioribus
740 1682 830 1706 cum
864 1669 972 1707 Uict.
1004 1669 1152 1719 Steph.
1189 1668 1299 1705 Man.
1336 1668 1484 1716 Baki03
1525 1670 1564 1705 iu
1598 1668 1699 1705 reli-

236 1738 402 1776 quorum
454 1726 657 1775 scriptura
704 1738 725 1761 a
767 1726 919 1762 uobis
959 1725 1163 1762 duobus
1215 1725 1276 1761 uis
1316 1723 1536 1761 numeralis
1579 1725 1699 1761 nimis

237 1785 485 1820 attenuatur.
548 1781 612 1819 Cf.
657 1781 741 1817 Cic.
789 1781 837 1817 ad
879 1781 992 1819 Fam.
1038 1781 1124 1830 VH,
1168 1780 1231 1819 25.
1273 1780 1313 1818 2.
1353 1785 1570 1829 praeter
1599 1780 1623 1817 d
1640 1793 1700 1817 uo

237 1850 330 1876 uos
364 1836 609 1888 loquitur
639 1839 748 1874 isto
781 1836 923 1874 modo
955 1850 1116 1875 nemo.
1151 1835 1202 1873 de
1230 1831 1608 1886 Leg.111.§.15.
1640 1835 1700 1874 de

235 1894 412 1932 tribus
444 1895 611 1931 nobis,

346 1948 396 1986 id
430 1951 557 1988 mihi
590 1949 707 1987 cred
724 1949 766 1999 ο]
829 1949 1045 1987 Sententia
1072 1962 1146 2000 per
1177 1951 1283 1999 part.
1317 1951 1371 1985 ut
1407 1948 1616 1999 inchoata,
1657 1952 1702 1986 ut

234 2005 422 2055 legitime.
461 2004 771 2054 absolueretur,
814 2007 854 2043 in
898 2005 1065 2057 apodosi
1108 2005 1317 2054 flagitabat
1356 2002 1597 2055 particulam
1629 2005 1702 2042 ita

238 2062 302 2099 uel
335 2063 477 2099 item.
539 2062 622 2100 Sed
655 2062 838 2113 pluribus
873 2063 1008 2099 uerbis
1049 2061 1296 2109 interiectiS,
1339 2065 1541 2110 tamquam
1585 2062 1701 2111 prin-

235 2119 343 2168 cipio
375 2119 614 2168 scripsisset
646 2117 778 2167 quod
811 2118 893 2154 uir
925 2118 1289 2154 doctissimus
1320 2137 1376 2143 —
1402 2116 1561 2165 fecit,
1604 2130 1699 2154 usus

241 2178 306 2211 est
336 2175 578 2224 pronomine
612 2172 953 2221 demonstratiuo,
988 2171 1328 2222 quemadmodum
1371 2172 1563 2209 similiter
1600 2172 1702 2210 dixit

236 2229 288 2266 de
320 2230 400 2268 Off.
433 2230 463 2278 l,
500 2230 537 2268 1.
572 2229 608 2268 l.
644 2234 697 2267 ut
727 2231 839 2279 ipse
873 2230 931 2266 ad
965 2242 1121 2266 meam
1163 2228 1457 2265 utilitatem
1487 2240 1701 2280 semper

236 2299 344 2323 cum
381 2287 594 2336 graecis
628 2284 795 2323 latina
825 2287 1072 2323 coniunxi
1105 2284 1327 2321 —idem
1368 2285 1463 2321 tibi
1503 2297 1699 2323 censeo

236 2342 563 2390 faciundum3
606 2343 776 2392 eiusque
818 2342 1038 2393 usurpandi
1073 2340 1139 2378 uel
1170 2341 1273 2377 haec
1306 2352 1426 2378 causa
1455 2339 1550 2390 fuit,
1591 2340 1699 2392 quod

234 2397 398 2436 facilius
438 2400 666 2449 pronomini
720 2411 836 2448 quam
886 2396 1109 2449 particulae
1158 2397 1402 2447 epexegesis
1451 2396 1699 2448 adiungitur,

237 2467 340 2505 quae
382 2456 590 2505 sequitur:
634 2459 687 2491 ut
729 2457 1036 2506 priusquam
1079 2477 1132 2481 —
1179 2453 1358 2489 dicam.
1431 2452 1570 2503 ltaque
1622 2464 1699 2490 nec

235 2511 334 2550 Ern.
368 2513 604 2549 coniectura
636 2525 735 2562 opus
769 2517 832 2548 est
863 2513 983 2549 item
1028 2523 1103 2548 nec
1137 2510 1288 2546 Dauisii
1331 2509 1429 2558 ita,
1470 2522 1545 2545 nec
1584 2512 1698 2545 recte

237 2566 415 2617 denique
457 2568 683 2618 u'agnerus
725 2581 951 2619 pronomen
996 2566 1205 2605 abundare
1237 2565 1354 2602 dixit.
1415 2565 1566 2602 Lbinus
1601 2576 1698 2601 uero

237 2628 279 2661 et
309 2627 467 2662 temere
499 2624 683 2662 codicum
718 2626 959 2662 auctoritate
998 2622 1190 2674 neglecta
1233 2626 1274 2659 et
1312 2622 1451 2670 inepta
1491 2622 1699 2658 sententia

237 2680 338 2717 haec
369 2682 568 2718 coniecit:
601 2685 760 2731 atque
793 2685 843 2718 ut
876 2682 957 2718 uir
988 2680 1330 2718 doctissimus
1360 2675 1507 2714 Plato
1541 2680 1699 2727 atque

235 2735 371 2774 idem
402 2738 752 2786 grauissimus
785 2738 1115 2787 omniumque
1146 2737 1399 2786 princeps
1433 2732 1493 2770 de
1532 2746 1586 2770 re
1618 2746 1699 2784 pu-

236 2791 380 2830 blica
421 2795 751 2845 conscripsit
785 2794 1029 2844 idemque
1061 2791 1351 2844 separatim
1397 2789 1458 2827 de
1489 2789 1698 2840 legibus
