1781 3192
402 200 554 236 mmm
591 197 889 239 SECUNDUS,
946 200 1045 237 Car.
1084 199 1169 238 Ml.
1434 202 1515 239 177

58 324 163 349 nune
196 312 386 361 probem,
426 322 503 346 non
545 309 649 359 quod
692 312 851 359 recepi,
891 310 1381 362 interpretandum,
1411 312 1511 350 facit

57 376 241 405 accurata
276 366 468 413 Maniuigii
501 365 723 415 disputatio
756 367 794 402 in
838 368 985 417 Opusc.
1018 364 1048 405 l.
1091 380 1132 418 p.
1165 367 1261 407 381.
1295 379 1410 418 sqq.,
1443 370 1510 418 qui

57 423 242 474 geruudii
285 422 454 459 sormam
488 423 525 458 in
556 421 632 458 hoc
663 421 824 470 quidem
858 422 1021 460 dicendi
1051 437 1204 473 genere
1236 428 1305 461 aut
1325 423 1510 461 deterio-

57 494 142 517 rum
185 479 306 516 codd.
349 478 590 515 auctoritate
633 479 778 526 ubique
818 479 892 515 niti
942 478 1223 528 demonstrat,
1274 485 1342 518 aut
1382 481 1421 517 in
1460 481 1508 517 iis

56 536 170 572 libris
204 534 374 581 uulgari,
405 546 571 582 quorum
597 545 674 570 nou
699 535 797 569 satis
822 533 1042 581 diligenter
1066 541 1243 573 notatam
1272 535 1509 586 discrepan-

57 593 151 629 tiam
177 590 411 626 habeamus.
469 590 553 625 hec
578 590 709 625 minus
733 590 920 638 profecto
949 591 1367 641 interpretanda,
1392 604 1508 641 quam

55 643 515 695 interpretandum
551 644 668 683 codd.
707 644 919 683 meliorum
955 647 1103 684 mendo
1128 647 1453 686 commendatur.

165 734 335 772 neque
368 721 639 759 multorum
673 745 726 750 -—
759 736 918 773 neque
953 725 1020 774 ut]
1082 726 1168 761 Non
1196 738 1295 775 opus
1324 731 1387 763 est
1417 738 1508 763 cor-

52 779 254 827 rectione,
296 792 368 827 qua
398 791 497 829 opus
530 791 622 815 esse
661 778 758 815 Ern.
800 779 1000 829 Handius,
1040 779 1106 818 alii
1151 781 1355 830 dixerunt,
1387 787 1508 831 atque

49 846 247 885 peruerse
291 834 428 872 Lamb.
474 835 648 871 coniecit
693 848 862 885 neque
909 836 1211 886 multorum,
1260 850 1319 874 ne
1361 842 1508 874 esset

48 889 342 938 infinitum,
376 902 544 939 neque
575 903 854 940 paucorum
891 890 1164 941 librorum,
1203 905 1264 929 ne
1298 905 1352 929 ea
1382 894 1507 943 ipsa,

50 946 238 984 Dauisius
271 944 439 995 reliquis
473 947 646 983 seruatis
687 960 821 983 neue
865 960 916 984 ea
959 949 1099 997 ipsa,
1143 949 1237 986 ln'rn.
1284 957 1334 985 ut
1375 950 1509 986 omitti

48 1000 191 1039 uoluit.
248 1001 460 1039 Sententia
486 1001 668 1051 quidem,
696 1008 737 1039 ut
759 1010 869 1039 recte
892 1005 967 1040 iam
993 1004 1128 1053 Wagn.
1155 1003 1271 1051 uidit,
1293 1004 1394 1041 haec
1417 1010 1505 1041 est:

46 1055 145 1108 „alii
179 1059 390 1094 constituti
424 1064 518 1094 sunt
549 1057 599 1094 ad
632 1058 940 1108 interpretanda
971 1060 1182 1109 praedicta
1217 1065 1351 1096 uatum
1377 1071 1507 1108 neque

46 1112 265 1151 multorum
301 1117 378 1160 (sc.
411 1118 570 1162 uatum3
604 1113 708 1150 male
743 1115 838 1153 Dau.
872 1114 923 1151 de
955 1115 1236 1152 sacerdotibus
1275 1115 1505 1164 cogitauit),

45 1182 98 1207 ne
140 1173 252 1207 esset
292 1170 521 1218 infinitum,
564 1182 696 1220 neque
734 1172 817 1218 ita,
867 1175 911 1207 ut
958 1182 1058 1220 quae
1108 1175 1295 1220 suscepta
1342 1170 1505 1220 publiee

48 1231 211 1275 essent,
262 1226 468 1275 quisquam
512 1230 624 1263 extra
676 1225 890 1275 collegium
937 1227 1129 1264 nosset“.
1201 1226 1505 1275 interpretandi

44 1282 167 1331 igitur
198 1283 396 1318 rationem
430 1281 591 1319 definiri
625 1286 667 1319 et
704 1283 990 1319 taciturnitate
1026 1280 1263 1319 sacerdotes
1305 1283 1505 1331 obstringi

45 1341 181 1388 patet,
229 1351 305 1387 qua
353 1338 574 1375 obstrictos
619 1338 748 1374 fuisse
790 1337 946 1375 diserte
988 1338 1113 1375 tradit
1152 1339 1263 1376 Lact.
1304 1337 1420 1388 Apol.
1462 1339 1503 1378 ξ’).

45 1394 164 1431 Dion.
193 1392 288 1431 Hal.
329 1389 405 1441 IV,
438 1392 506 1433 62.
568 1392 813 1443 Sybillarum
848 1398 982 1430 autem
1016 1394 1192 1443 orm-ula,
1222 1406 1300 1431 non
1330 1393 1503 1431 aliorum

44 1453 181 1486 uatum
231 1449 352 1485 effata
394 1461 415 1485 a
463 1448 809 1497 Quindecimuiris
865 1453 908 1486 et
963 1450 1168 1487 custodita
1224 1455 1266 1486 et
1317 1449 1503 1488 consulta

45 1517 137 1542 esse
169 1509 345 1542 constat.

159 1572 190 1621 ᾗ.
215 1571 279 1611 31.
335 1571 612 1609 Maximum
646 1571 836 1622 autem]
891 1573 989 1610 Cum
1014 1574 1060 1610 ab
1084 1573 1202 1610 initio
1237 1573 1500 1623 partitionem

43 1628 295 1665 instituisset
317 1628 624 1678 pronominibus
646 1627 734 1665 alii
764 1650 811 1655 —
840 1627 932 1666 alii
956 1642 1067 1678 usus,
1097 1630 1322 1666 orationem
1350 1628 1502 1665 dvindo,

42 1682 194 1720 leuiter
231 1684 486 1731 immutauit,
538 1685 629 1732 quia
679 1689 720 1720 et
766 1690 1002 1735 auguratum
1058 1686 1209 1722 ceteris
1257 1684 1500 1721 sacerdotiis

41 1739 383 1790 praestantiorem
433 1737 643 1776 declarare
684 1739 812 1778 uoluit
850 1754 926 1778 nec
964 1740 1148 1792 pluribus
1190 1742 1325 1778 uerbis
1367 1741 1500 1783 iuter-

41 1796 188 1847 positis
219 1794 402 1831 eiusdem
438 1799 666 1832 structurae
696 1795 843 1834 idonea
873 1797 958 1834 uisa
990 1802 1054 1835 est
1085 1797 1350 1835 continuatio.

156 1875 260 1899 cum
294 1864 426 1898 auct.
473 1862 624 1912 coni]
695 1862 763 1900 Sic
802 1868 914 1901 recte
962 1875 1048 1900 cum
1097 1863 1335 1901 melioribus
1377 1861 1499 1902 codd.

42 1915 157 1969 (nam
188 1917 296 1955 idem
329 1918 592 1954 confirmatur
624 1918 771 1955 mendo
804 1932 944 1968 quom
978 1932 1033 1955 au
1048 1920 1308 1956 ctoritate
1340 1915 1499 1971 coni.)

42 1975 164 2012 Goer.
198 1973 294 2010 Sch.
329 1972 434 2009 Mos.
469 1972 562 2010 Bak.
593 1974 756 2024 Zumpt.
790 1975 981 2011 Rrausius
1008 1973 1033 2012 l.
1064 1973 1093 2012 l.
1133 1988 1170 2025 p.
1203 1972 1298 2014 469,
1367 1974 1498 2012 Nimi-

41 2042 129 2067 rum
173 2031 390 2079 auguratus
429 2029 510 2065 isto
550 2029 670 2066 modo
712 2032 937 2079 generatim
982 2043 1069 2067 cum
1114 2031 1358 2068 auctoritate
1399 2042 1497 2068 con-

41 2087 200 2122 iunctus
240 2084 403 2122 dicitur.
449 2084 509 2122 Cf.
548 2084 630 2123 Cic.
673 2085 723 2122 de
765 2087 857 2123 Diu.
890 2086 938 2135 ΙΙ,
971 2085 1038 2125 33.
1073 2086 1137 2124 70.
1172 2088 1223 2125 ib.
1258 2082 1291 2133 Ι,
1325 2085 1393 2124 40.
1426 2085 1493 2125 89.

40 2139 224 2178 Eandem
267 2141 514 2178 sententiam
556 2141 656 2180 Dau.
708 2143 938 2192 exprimere
981 2139 1109 2178 uoluit
1151 2143 1388 2179 coniectura
1427 2154 1497 2178 sua

39 2209 118 2234 non
151 2196 382 2234 necessaria
413 2196 493 2233 ius
527 2201 607 2233 est
639 2210 882 2246 augurum
918 2210 1141 2234 summae
1179 2198 1496 2235 auctoritati

38 2253 378 2290 coniunctum.
439 2252 760 2302 Haudquaquam
802 2253 1025 2304 probabilis
1063 2255 1264 2291 correctio
1312 2258 1375 2290 est
1426 2258 1495 2290 aut

40 2322 114 2356 ea,
149 2321 266 2357 quam
303 2305 444 2356 steph.
484 2308 591 2347 Man.
633 2309 730 2348 Dau.
772 2309 868 2348 Ern.
910 2309 1050 2358 WVagn.
1094 2314 1384 2360 expresserunt
1423 2307 1498 2361 (et

39 2376 144 2401 cum
192 2368 321 2402 auct.
371 2360 556 2414 coni.)‚
605 2370 673 2401 aut
719 2378 796 2413 ea,
843 2379 959 2415 quam
1008 2365 1116 2404 Uict.
1164 2365 1303 2403 Lamb.
1357 2365 1496 2403 Madu.

38 2417 300 2472 (Emendatt.
343 2432 379 2470 p.
419 2416 495 2471 75)
534 2420 602 2458 Or.
627 2418 674 2472 ἦ)
714 2422 938 2471 probarunt
969 2418 1097 2473 (cum
1139 2426 1219 2459 est
1258 2422 1494 2458 auctori-

36 2475 135 2513 tati
167 2471 342 2527 coni.).
403 2476 492 2512 Iloc
525 2475 686 2525 quidem
720 2476 842 2514 modo
877 2483 1114 2527 auguratum
1146 2490 1225 2515 non
1265 2478 1491 2526 generatim

36 2543 124 2568 cum
158 2532 402 2568 auctoritate
444 2532 703 2569 coniunctum
739 2532 920 2582 diceret,
960 2533 1034 2571 sed
1074 2534 1163 2571 fieri
1208 2534 1330 2570 etiam
1369 2544 1493 2583 posse

37 2587 298 2637 significaret,
332 2592 375 2624 ut
407 2600 494 2624 cum
527 2589 770 2625 auctoritate
803 2590 1060 2627 coniunctum
1090 2601 1171 2626 non
1205 2593 1329 2628 esset.

67 2777 79 2808 t
126 2730 157 2770 ’)
181 2731 241 2763 hic
267 2736 386 2764 tamon
414 2732 570 2765 fortasse
597 2734 788 2777 ingentium
819 2746 898 2766 esse
924 2735 1009 2767 dicit
1044 2735 1273 2778 quonlam
1312 2738 1381 2768 est
1419 2744 1493 2766 au-

36 2786 54 2805 c
90 2776 264 2810 oritati
292 2778 415 2811 coni.

1227 2842 1271 2873 1⁴2
