1781 3192
200 203 263 241 60
767 204 838 242 Db:
871 205 1103 245 LEfflBUS

207 318 319 366 Quae
358 317 436 353 etsi
477 327 642 366 semper
679 315 769 353 fere
806 318 1014 368 particulis
1059 326 1107 358 at
1149 318 1212 357 uel
1254 323 1393 371 atqui
1423 321 1671 373 declaratur,
1733 327 1743 334 “

204 373 408 412 interdum
434 378 567 409 tamen
590 371 836 423 simpliciter
857 388 931 426 per
957 376 1196 427 particulam
1233 382 1281 413 et
1310 376 1558 429 adiungitur,
1591 394 1669 418 non

205 430 438 481 opponitur.
492 428 551 466 Cf.
574 428 700 467 'rusa
727 429 776 479 V,
810 426 851 470 4.
875 430 914 471 9.
948 447 970 483 q
984 436 1030 471 ui
1065 438 1224 470 autem
1259 434 1309 470 in
1335 436 1510 471 morbo
1533 442 1668 486 suut,

205 487 317 524 sani
362 498 458 522 non
502 490 642 522 sunt:
686 489 738 523 et
778 490 999 526 omnium
1042 490 1391 538 insipientum
1433 492 1587 528 animi
1621 493 1668 530 in

204 542 379 580 morbo
411 546 553 578 sunt:
587 554 759 579 omnes
802 545 970 594 igitur
1009 546 1336 595 insipientes
1383 547 1669 586 insaniunt.

203 598 323 636 Tusc.
358 598 407 647 V,
448 597 511 647 17,
542 595 608 637 49.
638 598 730 636 Nat.
761 599 882 639 Deor.
916 597 996 651 ΙΙΙ,
1034 601 1095 641 13.
1121 600 1189 641 33.
1223 603 1300 640 sin
1335 608 1502 641 autem
1537 604 1667 654 quod

201 654 394 693 animal
434 659 538 704 est,
581 654 629 692 id
676 653 766 693 illa
803 670 1021 696 necesse
1063 662 1143 695 est
1182 661 1405 696 sentiat:
1446 667 1494 697 et
1536 661 1667 710 quod

200 711 294 750 illa
328 711 553 759 sentiat,
586 724 680 749 non
714 718 897 762 potest
936 727 1056 753 esse
1101 721 1395 753 aeternum:
1437 724 1488 754 et
1525 730 1670 754 omne

200 766 384 807 animal
418 769 608 805 sentit:
640 767 838 808 nullum
870 771 1035 819 igitur
1067 770 1252 809 animal
1283 778 1361 809 est
1386 777 1667 813 aeternum.

201 826 284 864 Nec
317 823 436 874 quid
470 824 513 861 h.
542 823 565 862 l.
598 823 648 862 de
680 825 917 863 Heindort'ii
963 830 1194 865 coniectura
1235 834 1347 865 reete
1386 829 1580 867 ScliuetZ.
1627 836 1669 867 et

200 883 305 919 Mos.
338 881 612 931 scripserunt,
643 894 719 920 nec
751 887 866 920 recte
891 884 959 922 Or.
994 884 1124 934 quod
1147 897 1219 934 pro
1244 897 1342 934 pron
1376 884 1494 922 relat.
1514 886 1667 924 habuit.

199 939 431 977 Pronomen
464 936 596 975 indes.
642 951 717 989 per
747 941 1032 977 attractionem
1066 940 1264 991 quandam
1298 941 1478 978 refertur
1519 940 1570 978 ad
1600 955 1668 979 se-

198 1007 328 1045 quens
360 995 676 1044 substantiuum,
710 996 1049 1045 quemadmodum
1084 997 1275 1034 similiter
1299 996 1448 1035 dicitur
1472 994 1508 1045 l,
1547 998 1577 1047 §-
1605 996 1668 1037 49.

198 1050 389 1089 nullam
427 1052 681 1088 uirtutem
714 1053 820 1090 nisi
862 1053 1126 1090 malitiam
1164 1058 1369 1104 putent.
1443 1054 1566 1091 Bakio
1601 1067 1670 1092 ex-

198 1114 317 1158 ccpto
351 1106 494 1159 reliqui
526 1109 801 1146 coniecturam
834 1114 884 1147 at
916 1114 1211 1160 expresserunt
1243 1110 1550 1160 haudquaquam
1594 1123 1668 1148 ne-

200 1177 440 1203 cessariam.

313 1225 573 1270 recteque
606 1221 880 1272 Socrates]
957 1223 1071 1260 Ilaec
1122 1223 1257 1260 onmia
1297 1236 1422 1273 usque
1458 1222 1505 1259 ad
1549 1223 1672 1260 uerba

199 1292 255 1316 ex
295 1292 388 1327 quo
428 1290 603 1328 persp.
646 1278 797 1315 Bakius
851 1293 872 1316 a
915 1280 1116 1316 Cicerone
1166 1279 1435 1326 abiudicauit,
1483 1278 1589 1328 quod
1631 1284 1672 1316 et

197 1335 491 1385 disputationis
523 1335 655 1371 series
687 1335 895 1384 obstaret,
939 1349 1015 1385 quo
1055 1338 1188 1373 miuus
1221 1348 1292 1385 pro
1326 1334 1532 1373 Tullianis
1573 1348 1670 1385 pos-

196 1397 290 1429 sent
331 1391 499 1439 haberi‚
541 1396 583 1427 et
621 1389 780 1441 singula
823 1391 1019 1440 quaedam
1060 1406 1082 1428 a
1114 1390 1238 1429 Tullii
1268 1391 1565 1429 consuetudine
1599 1393 1668 1429 ab-

193 1447 428 1485 horrcrcnt.
497 1445 548 1483 At
588 1447 763 1496 primum
812 1447 919 1497 quod
973 1449 1255 1485 exsecrari
1305 1447 1526 1484 uiolentius
1576 1461 1667 1485 esse

197 1504 314 1552 dixit,
355 1515 472 1553 quam
513 1506 556 1539 ut
594 1507 707 1540 recte
747 1501 849 1540 illud
890 1503 1034 1541 Cicero
1084 1502 1194 1541 dicat
1237 1503 1448 1541 Socratem
1500 1503 1667 1553 secisse,

197 1574 276 1598 non
318 1558 440 1597 facile
478 1559 691 1609 quisquam
724 1559 760 1596 ei
804 1558 1024 1608 largietur,
1075 1560 1316 1598 Ciceronem
1357 1565 1401 1598 ut
1439 1560 1667 1598 Romanum

199 1617 373 1667 probare
405 1626 486 1652 non
518 1617 719 1666 potuisse,
760 1615 865 1666 quod
899 1616 1090 1653 Socrates
1131 1616 1195 1654 uel
1239 1615 1333 1653 alibi
1377 1614 1454 1670 (de
1486 1616 1566 1655 Oss'.
1601 1616 1666 1666 ΙΙΙ,

198 1673 237 1713 3.
274 1671 337 1712 11.
377 1670 484 1710 Plut.
526 1671 667 1722 Symp.
700 1671 768 1710 tv.
807 1686 848 1723 p.
882 1672 979 1714 662.
1024 1674 1194 1720 Quaest.
1235 1668 1269 1722 Ι,
1309 1671 1346 1712 3.
1381 1686 1422 1724 p.
1461 1672 1554 1713 164.
1587 1672 1668 1712 uol.

194 1730 259 1768 Xl.
296 1729 364 1767 ed.
393 1725 539 1781 Hutt.)
583 1727 736 1766 dixisse
780 1728 970 1767 traditur.
1031 1728 1192 1768 Deinde
1233 1728 1342 1779 quod
1371 1730 1466 1766 hoe
1505 1742 1578 1780 pro
1618 1730 1667 1767 id

194 1786 438 1825 Ciceronem
479 1785 724 1836 scripturum
758 1784 887 1823 fuisse
922 1786 1038 1834 dixit,
1067 1787 1159 1836 quia
1192 1786 1543 1823 demonstratione
1567 1798 1666 1837 opus

195 1849 310 1882 esset
341 1841 641 1892 efficacissima,
678 1840 727 1878 id
760 1842 1000 1892 parenthesi
1034 1848 1189 1879 tautum
1235 1846 1346 1879 esset
1386 1841 1667 1879 accommoda—

194 1906 311 1938 tum:
351 1899 486 1950 potuit
526 1911 623 1935 sane
653 1896 815 1935 Tullius
856 1899 1099 1950 pronomine
1142 1899 1240 1936 hoc
1272 1899 1354 1948 uti,
1395 1911 1474 1936 non
1509 1898 1666 1936 debuit.

194 1956 260 1995 Cf.
294 1956 420 1994 Tusc.
454 1950 539 2004 IV,
571 1954 609 1995 6.
655 1953 720 1994 12.
761 1954 813 1992 id
853 1967 957 1993 cum
1002 1959 1319 1993 constanter
1349 1954 1665 2006 prudenter-

195 2026 291 2064 que
323 2013 390 2051 fit
418 2016 495 2049 cet.
555 2012 642 2049 Nec
674 2024 771 2049 uero
802 2010 991 2049 dubitare
1022 2024 1111 2048 eum
1146 2012 1342 2062 oportuit,
1375 2024 1471 2049 num
1512 2017 1667 2064 caput,

194 2070 483 2108 exitiorum
515 2072 632 2106 recte
659 2068 699 2105 in
731 2068 810 2105 hac
844 2067 1075 2106 disserendi
1107 2069 1265 2106 ratione
1298 2067 1521 2105 diceretur.
1582 2069 1666 2106 Nec

194 2124 364 2178 pluralis
392 2136 586 2162 numerus
620 2124 831 2173 quicquam
867 2125 961 2162 noui
992 2125 1116 2161 habet
1144 2122 1241 2176 (pro
1274 2121 1363 2161 Mil.
1398 2124 1437 2173 2,
1470 2123 1494 2164 3
1527 2128 1569 2162 et
1598 2121 1664 2178 5.)

193 2186 236 2220 et
267 2183 424 2232 caput
464 2192 590 2230 saepe
628 2184 849 2229 usurpatur
879 2180 929 2217 ad
963 2180 1252 2218 declarandum
1293 2179 1350 2229 id,
1391 2180 1501 2230 quod
1540 2181 1579 2218 iu
1622 2194 1667 2218 re

195 2250 350 2290 quaque
388 2237 651 2288 praecipuum
695 2239 759 2272 est
803 2234 953 2289 (Tusc.
995 2236 1054 2286 V,
1096 2234 1161 2276 34.
1206 2234 1274 2276 98.
1308 2236 1420 2276 Lacl.
1458 2235 1521 2287 19,
1553 2236 1664 2287 67.).

194 2294 300 2343 Quid
334 2294 459 2344 igitur
490 2294 560 2342 sit,
593 2305 665 2330 cur
693 2296 852 2343 caput
884 2295 1165 2332 exitiorum
1200 2298 1268 2330 aut
1298 2296 1512 2344 poetarum
1536 2297 1665 2345 magis

194 2351 402 2403 proprium
435 2352 503 2387 aut
533 2353 646 2386 certe
679 2347 939 2398 eloquentiae
966 2349 1108 2400 generi
1152 2351 1280 2400 magis
1319 2348 1665 2389 accommodatum

195 2408 273 2456 sit,
316 2419 391 2456 ego
433 2418 513 2444 non
553 2404 767 2455 intelligo,
812 2408 1056 2457 pracsertim
1100 2419 1186 2443 cum
1220 2405 1420 2457 pluralem
1452 2418 1665 2445 numerum

193 2463 555 2511 substantiuorum,
590 2474 691 2511 quae
721 2463 926 2501 abstracta
958 2467 1178 2511 uocantur,
1211 2475 1290 2500 non
1324 2464 1457 2501 minus
1499 2464 1537 2500 in
1579 2463 1664 2500 dis-

193 2519 388 2569 serendo,
432 2529 548 2569 quam
593 2520 633 2556 in
666 2517 840 2557 dicendo
874 2520 1129 2571 frequentari
1164 2522 1349 2569 constet,
1388 2524 1434 2557 ut
1474 2531 1541 2556 res
1580 2532 1660 2555 non

191 2589 267 2629 per
297 2589 342 2615 se
373 2577 462 2628 ipsa
493 2572 741 2624 declaretur,
776 2575 850 2614 sed
880 2578 920 2614 in
953 2576 1094 2614 multis
1122 2580 1189 2613 aut
1217 2575 1320 2614 locis
1354 2580 1422 2613 aut
1463 2576 1663 2625 tempori-

195 2635 266 2672 bus
298 2635 366 2671 aut
402 2632 637 2669 hominibus
665 2635 734 2669 aut
764 2634 885 2671 rebus
918 2633 1095 2684 denique
1128 2631 1308 2670 elucens.
1351 2630 1462 2669 Lael.
1497 2628 1561 2680 19,
1593 2631 1663 2671 67.

192 2690 508 2728 satietates,
544 2688 598 2726 ib.
630 2686 698 2728 69.
732 2689 1109 2728 excellentiae.
1143 2689 1223 2727 Off.
1266 2685 1298 2736 Ι,
1346 2688 1415 2728 22.
1449 2687 1517 2727 78.
1564 2687 1665 2725 for-

192 2745 472 2784 titudines.
505 2745 535 2794 Ι,
569 2744 637 2785 32.
677 2745 769 2785 115.
803 2746 1143 2785 nobilitates.
1187 2742 1221 2794 l,
1266 2744 1335 2785 36.
1385 2744 1473 2784 131.
1506 2743 1666 2781 tardi-

193 2808 351 2855 tates,
384 2800 810 2853 festinationes,
844 2803 1175 2843 celeritates.
1208 2802 1260 2839 de
1284 2800 1372 2839 Diu.
1404 2801 1450 2851 li,
1475 2799 1665 2840 64.132.
