<?xml version="1.0" encoding="UTF-8"?>
<!DOCTYPE html PUBLIC "-//W3C//DTD XHTML 1.0 Transitional//EN"
    "http://www.w3.org/TR/xhtml1/DTD/xhtml1-transitional.dtd">
<html xmlns="http://www.w3.org/1999/xhtml" xml:lang="en" lang="en">
 <head>
  <title>
</title>
<meta http-equiv="Content-Type" content="text/html;charset=utf-8" />
  <meta name='ocr-system' content='tesseract 3.04.00' />
  <meta name='ocr-capabilities' content='ocr_page ocr_carea ocr_par ocr_line ocrx_word'/>
</head>
<body>
  <div class='ocr_page' id='page_1' title='image "./delegibuslibritr0102ciceuoft_0516.png"; bbox 0 0 1781 3192; ppageno 0'>
   <div class='ocr_carea' id='block_1_1' title="bbox 219 164 1119 205">
    <p class='ocr_par' dir='ltr' id='par_1_1' title="bbox 219 164 1119 205">
     <span class='ocr_line' id='line_1_1' title="bbox 219 164 1119 205; baseline 0.003 -2"><span class='ocrx_word' id='word_1_1' title='bbox 219 164 309 204; x_wconf 82' lang='lat'><strong>510</strong></span> <span class='ocrx_word' id='word_1_2' title='bbox 782 165 853 203; x_wconf 74' lang='lat' dir='ltr'><strong>DE</strong></span> <span class='ocrx_word' id='word_1_3' title='bbox 886 165 1119 205; x_wconf 75' lang='lat' dir='ltr'>LEGIBUS</span> 
     </span>
    </p>
   </div>
   <div class='ocr_carea' id='block_1_2' title="bbox 214 275 1691 2195">
    <p class='ocr_par' dir='ltr' id='par_1_2' title="bbox 214 275 1689 1064">
     <span class='ocr_line' id='line_1_2' title="bbox 222 275 1686 331; baseline 0.003 -15"><span class='ocrx_word' id='word_1_4' title='bbox 222 277 341 318; x_wconf 87' lang='lat' dir='ltr'><strong>codd.</strong></span> <span class='ocrx_word' id='word_1_5' title='bbox 375 275 588 316; x_wconf 86' lang='lat' dir='ltr'><strong>meliorum</strong></span> <span class='ocrx_word' id='word_1_6' title='bbox 622 278 742 327; x_wconf 90' lang='lat' dir='ltr'><strong>quia</strong></span> <span class='ocrx_word' id='word_1_7' title='bbox 773 275 958 331; x_wconf 86' lang='lat' dir='ltr'><strong>(quare</strong></span> <span class='ocrx_word' id='word_1_8' title='bbox 991 282 1056 316; x_wconf 87' lang='lat' dir='ltr'><strong>est</strong></span> <span class='ocrx_word' id='word_1_9' title='bbox 1094 292 1218 329; x_wconf 87' lang='lat' dir='ltr'><strong>praua</strong></span> <span class='ocrx_word' id='word_1_10' title='bbox 1257 281 1459 318; x_wconf 83' lang='lat' dir='ltr'><strong>correctio</strong></span> <span class='ocrx_word' id='word_1_11' title='bbox 1502 280 1686 321; x_wconf 85' lang='lat' dir='ltr'><strong>deterio-</strong></span> 
     </span>
     <span class='ocr_line' id='line_1_3' title="bbox 220 331 1684 390; baseline 0.005 -19"><span class='ocrx_word' id='word_1_12' title='bbox 220 347 306 372; x_wconf 87' lang='lat' dir='ltr'><strong>rum</strong></span> <span class='ocrx_word' id='word_1_13' title='bbox 331 331 434 385; x_wconf 52' lang='grc' dir='ltr'><strong>ἢ),</strong></span> <span class='ocrx_word' id='word_1_14' title='bbox 468 332 575 383; x_wconf 88' lang='lat' dir='ltr'><strong>quod</strong></span> <span class='ocrx_word' id='word_1_15' title='bbox 607 337 745 371; x_wconf 86' lang='lat' dir='ltr'><strong>natum</strong></span> <span class='ocrx_word' id='word_1_16' title='bbox 781 339 845 371; x_wconf 86' lang='lat' dir='ltr'><strong>est</strong></span> <span class='ocrx_word' id='word_1_17' title='bbox 874 335 1034 385; x_wconf 77' lang='lat' dir='ltr'><strong>primae</strong></span> <span class='ocrx_word' id='word_1_18' title='bbox 1066 335 1250 386; x_wconf 82' lang='lat' dir='ltr'><strong>syllabae</strong></span> <span class='ocrx_word' id='word_1_19' title='bbox 1275 338 1500 375; x_wconf 89' lang='lat' dir='ltr'><strong>omissione</strong></span> <span class='ocrx_word' id='word_1_20' title='bbox 1531 335 1684 390; x_wconf 70' lang='lat' dir='ltr'><strong>(efill.</strong></span> 
     </span>
     <span class='ocr_line' id='line_1_4' title="bbox 220 387 1687 443; baseline 0.003 -15"><span class='ocrx_word' id='word_1_21' title='bbox 220 391 255 440; x_wconf 55' lang='grc' dir='ltr'><strong>ᾗ.</strong></span> <span class='ocrx_word' id='word_1_22' title='bbox 287 387 397 443; x_wconf 55' lang='grc'>28),</span> <span class='ocrx_word' id='word_1_23' title='bbox 429 387 670 439; x_wconf 80' lang='lat' dir='ltr'>particulam</span> <span class='ocrx_word' id='word_1_24' title='bbox 714 392 856 441; x_wconf 89' lang='lat' dir='ltr'><strong>atqui</strong></span> <span class='ocrx_word' id='word_1_25' title='bbox 901 393 1104 430; x_wconf 82' lang='lat' dir='ltr'><strong>contineri</strong></span> <span class='ocrx_word' id='word_1_26' title='bbox 1146 392 1430 431; x_wconf 88' lang='lat' dir='ltr'><strong>demonstraui</strong></span> <span class='ocrx_word' id='word_1_27' title='bbox 1473 395 1514 431; x_wconf 93' lang='lat' dir='ltr'><strong>in</strong></span> <span class='ocrx_word' id='word_1_28' title='bbox 1546 393 1687 432; x_wconf 82' lang='lat' dir='ltr'><strong>Jahnii</strong></span> 
     </span>
     <span class='ocr_line' id='line_1_5' title="bbox 220 443 1689 498; baseline 0.003 -14"><span class='ocrx_word' id='word_1_29' title='bbox 220 447 321 485; x_wconf 86' lang='lat' dir='ltr'><strong>Ann.</strong></span> <span class='ocrx_word' id='word_1_30' title='bbox 370 444 569 496; x_wconf 66' lang='lat' dir='ltr'><strong>18-15.p.</strong></span> <span class='ocrx_word' id='word_1_31' title='bbox 609 445 700 486; x_wconf 83' lang='grc'><strong>161.</strong></span> <span class='ocrx_word' id='word_1_32' title='bbox 772 443 818 484; x_wconf 89' lang='lat' dir='ltr'><strong>In</strong></span> <span class='ocrx_word' id='word_1_33' title='bbox 872 460 949 498; x_wconf 89' lang='lat' dir='ltr'><strong>quo</strong></span> <span class='ocrx_word' id='word_1_34' title='bbox 1000 462 1089 487; x_wconf 83' lang='lat' dir='ltr'><strong>cum</strong></span> <span class='ocrx_word' id='word_1_35' title='bbox 1140 448 1304 487; x_wconf 79' lang='lat' dir='ltr'>Halmio</span> <span class='ocrx_word' id='word_1_36' title='bbox 1352 462 1418 488; x_wconf 91' lang='lat' dir='ltr'><strong>me</strong></span> <span class='ocrx_word' id='word_1_37' title='bbox 1468 451 1689 489; x_wconf 83' lang='lat' dir='ltr'><strong>conuenire</strong></span> 
     </span>
     <span class='ocr_line' id='line_1_6' title="bbox 219 501 1687 557; baseline 0.005 -19"><span class='ocrx_word' id='word_1_38' title='bbox 219 502 377 551; x_wconf 88' lang='lat' dir='ltr'><strong>laetor,</strong></span> <span class='ocrx_word' id='word_1_39' title='bbox 421 503 487 552; x_wconf 91' lang='lat' dir='ltr'><strong>qui</strong></span> <span class='ocrx_word' id='word_1_40' title='bbox 526 501 634 540; x_wconf 82' lang='lat' dir='ltr'><strong>idem</strong></span> <span class='ocrx_word' id='word_1_41' title='bbox 677 505 855 542; x_wconf 89' lang='lat' dir='ltr'><strong>coniecit</strong></span> <span class='ocrx_word' id='word_1_42' title='bbox 890 517 979 542; x_wconf 86' lang='lat' dir='ltr'><strong>mea</strong></span> <span class='ocrx_word' id='word_1_43' title='bbox 1020 519 1100 543; x_wconf 89' lang='lat' dir='ltr'><strong>non</strong></span> <span class='ocrx_word' id='word_1_44' title='bbox 1141 507 1303 556; x_wconf 78' lang='lat' dir='ltr'><strong>cognita</strong></span> <span class='ocrx_word' id='word_1_45' title='bbox 1334 505 1615 557; x_wconf 85' lang='lat' dir='ltr'><strong>disputatione</strong></span> <span class='ocrx_word' id='word_1_46' title='bbox 1644 507 1687 545; x_wconf 89' lang='lat' dir='ltr'><strong>in</strong></span> 
     </span>
     <span class='ocr_line' id='line_1_7' title="bbox 217 556 1687 614; baseline 0.003 -18"><span class='ocrx_word' id='word_1_47' title='bbox 217 556 324 596; x_wconf 82' lang='lat' dir='ltr'><strong>Phil.</strong></span> <span class='ocrx_word' id='word_1_48' title='bbox 352 559 378 597; x_wconf 89' lang='grc' dir='ltr'><strong>Ι.</strong></span> <span class='ocrx_word' id='word_1_49' title='bbox 419 571 458 610; x_wconf 90' lang='lat' dir='ltr'><strong>p.</strong></span> <span class='ocrx_word' id='word_1_50' title='bbox 496 557 587 598; x_wconf 78' lang='grc'><strong>178.</strong></span> <span class='ocrx_word' id='word_1_51' title='bbox 662 561 747 608; x_wconf 77' lang='lat' dir='ltr'><strong>Qua</strong></span> <span class='ocrx_word' id='word_1_52' title='bbox 792 559 993 611; x_wconf 89' lang='lat' dir='ltr'><strong>particula</strong></span> <span class='ocrx_word' id='word_1_53' title='bbox 1035 564 1212 611; x_wconf 81' lang='lat' dir='ltr'><strong>Quintus</strong></span> <span class='ocrx_word' id='word_1_54' title='bbox 1253 563 1385 600; x_wconf 83' lang='lat' dir='ltr'><strong>Marci</strong></span> <span class='ocrx_word' id='word_1_55' title='bbox 1437 563 1687 614; x_wconf 86' lang='lat' dir='ltr'><strong>sententiae,</strong></span> 
     </span>
     <span class='ocr_line' id='line_1_8' title="bbox 218 616 1687 670; baseline 0.005 -19"><span class='ocrx_word' id='word_1_56' title='bbox 218 616 378 653; x_wconf 86' lang='lat' dir='ltr'><strong>etiamsi</strong></span> <span class='ocrx_word' id='word_1_57' title='bbox 420 627 508 653; x_wconf 87' lang='lat' dir='ltr'><strong>eam</strong></span> <span class='ocrx_word' id='word_1_58' title='bbox 543 617 730 667; x_wconf 79' lang='lat' dir='ltr'><strong>accipere</strong></span> <span class='ocrx_word' id='word_1_59' title='bbox 762 617 1087 667; x_wconf 26' lang='lat' dir='ltr'><strong>uelit,·obstare</strong></span> <span class='ocrx_word' id='word_1_60' title='bbox 1115 618 1313 670; x_wconf 78' lang='lat' dir='ltr'>quaedam</span> <span class='ocrx_word' id='word_1_61' title='bbox 1345 620 1576 670; x_wconf 78' lang='lat' dir='ltr'><strong>significat,</strong></span> <span class='ocrx_word' id='word_1_62' title='bbox 1610 632 1687 670; x_wconf 87' lang='lat' dir='ltr'><strong>quo</strong></span> 
     </span>
     <span class='ocr_line' id='line_1_9' title="bbox 219 672 1689 726; baseline 0.004 -18"><span class='ocrx_word' id='word_1_63' title='bbox 219 672 355 709; x_wconf 91' lang='lat' dir='ltr'><strong>minus</strong></span> <span class='ocrx_word' id='word_1_64' title='bbox 395 673 572 724; x_wconf 91' lang='lat' dir='ltr'><strong>probare</strong></span> <span class='ocrx_word' id='word_1_65' title='bbox 611 675 755 723; x_wconf 82' lang='lat' dir='ltr'><strong>possit.</strong></span> <span class='ocrx_word' id='word_1_66' title='bbox 817 674 1063 724; x_wconf 75' lang='lat' dir='ltr'><strong>Respondet</strong></span> <span class='ocrx_word' id='word_1_67' title='bbox 1093 677 1200 713; x_wconf 88' lang='lat' dir='ltr'><strong>enim</strong></span> <span class='ocrx_word' id='word_1_68' title='bbox 1234 677 1377 726; x_wconf 89' lang='lat' dir='ltr'><strong>atqui</strong></span> <span class='ocrx_word' id='word_1_69' title='bbox 1408 678 1560 714; x_wconf 90' lang='lat' dir='ltr'><strong>nostris</strong></span> <span class='ocrx_word' id='word_1_70' title='bbox 1592 690 1689 714; x_wconf 87' lang='lat' dir='ltr'><strong>uer-</strong></span> 
     </span>
     <span class='ocr_line' id='line_1_10' title="bbox 216 728 1689 784; baseline 0.003 -18"><span class='ocrx_word' id='word_1_71' title='bbox 216 728 304 766; x_wconf 87' lang='lat' dir='ltr'><strong>bis:</strong></span> <span class='ocrx_word' id='word_1_72' title='bbox 329 729 390 779; x_wconf 85' lang='lat' dir='ltr'><strong>ja,</strong></span> <span class='ocrx_word' id='word_1_73' title='bbox 422 730 519 766; x_wconf 89' lang='lat' dir='ltr'><strong>aber</strong></span> <span class='ocrx_word' id='word_1_74' title='bbox 549 728 670 767; x_wconf 87' lang='lat' dir='ltr'><strong>doch.</strong></span> <span class='ocrx_word' id='word_1_75' title='bbox 725 731 790 768; x_wconf 75' lang='lat' dir='ltr'><strong>Cf.</strong></span> <span class='ocrx_word' id='word_1_76' title='bbox 824 732 849 771; x_wconf 87' lang='grc' dir='ltr'><strong>Ι.</strong></span> <span class='ocrx_word' id='word_1_77' title='bbox 886 730 917 781; x_wconf 54' lang='grc' dir='ltr'><strong>ᾧ.</strong></span> <span class='ocrx_word' id='word_1_78' title='bbox 951 729 992 770; x_wconf 75' lang='grc'><strong>4.</strong></span> <span class='ocrx_word' id='word_1_79' title='bbox 1027 732 1064 778; x_wconf 83' lang='lat'><strong>§.</strong></span> <span class='ocrx_word' id='word_1_80' title='bbox 1102 732 1167 772; x_wconf 87' lang='lat'><strong>11.</strong></span> <span class='ocrx_word' id='word_1_81' title='bbox 1200 733 1234 782; x_wconf 53' lang='grc' dir='ltr'><strong>ᾗ.</strong></span> <span class='ocrx_word' id='word_1_82' title='bbox 1267 732 1337 772; x_wconf 81' lang='grc'><strong>21.</strong></span> <span class='ocrx_word' id='word_1_83' title='bbox 1379 731 1457 770; x_wconf 88' lang='lat' dir='ltr'><strong>alia</strong></span> <span class='ocrx_word' id='word_1_84' title='bbox 1501 730 1689 784; x_wconf 86' lang='lat' dir='ltr'><strong>exempla</strong></span> 
     </span>
     <span class='ocr_line' id='line_1_11' title="bbox 217 783 1687 840; baseline 0.003 -18"><span class='ocrx_word' id='word_1_85' title='bbox 217 783 386 834; x_wconf 71' lang='lat' dir='ltr'><strong>collegit</strong></span> <span class='ocrx_word' id='word_1_86' title='bbox 424 785 610 823; x_wconf 88' lang='lat' dir='ltr'><strong>Handius</strong></span> <span class='ocrx_word' id='word_1_87' title='bbox 652 786 772 827; x_wconf 69' lang='lat' dir='ltr'><strong>&#39;l&#39;urs.</strong></span> <span class='ocrx_word' id='word_1_88' title='bbox 816 789 845 825; x_wconf 90' lang='lat'><strong>1.</strong></span> <span class='ocrx_word' id='word_1_89' title='bbox 895 800 933 839; x_wconf 81' lang='lat' dir='ltr'><strong>p.</strong></span> <span class='ocrx_word' id='word_1_90' title='bbox 976 787 1074 829; x_wconf 78' lang='lat'><strong>522.</strong></span> <span class='ocrx_word' id='word_1_91' title='bbox 1145 785 1190 826; x_wconf 87' lang='lat' dir='ltr'><strong>ln</strong></span> <span class='ocrx_word' id='word_1_92' title='bbox 1242 787 1405 838; x_wconf 68' lang='lat' dir='ltr'><strong>uulgata</strong></span> <span class='ocrx_word' id='word_1_93' title='bbox 1456 791 1687 840; x_wconf 89' lang='lat' dir='ltr'><strong>scriptura:</strong></span> 
     </span>
     <span class='ocr_line' id='line_1_12' title="bbox 217 841 1688 899; baseline 0.001 -18"><span class='ocrx_word' id='word_1_94' title='bbox 217 842 266 890; x_wconf 77' lang='lat' dir='ltr'><strong>Q.</strong></span> <span class='ocrx_word' id='word_1_95' title='bbox 299 841 511 892; x_wconf 79' lang='lat' dir='ltr'><strong>Frater,</strong></span> <span class='ocrx_word' id='word_1_96' title='bbox 545 843 674 881; x_wconf 90' lang='lat' dir='ltr'><strong>bona</strong></span> <span class='ocrx_word' id='word_1_97' title='bbox 708 848 791 882; x_wconf 90' lang='lat' dir='ltr'><strong>tua</strong></span> <span class='ocrx_word' id='word_1_98' title='bbox 823 850 902 885; x_wconf 86' lang='lat' dir='ltr'><strong>cet.</strong></span> <span class='ocrx_word' id='word_1_99' title='bbox 937 841 1117 896; x_wconf 89' lang='lat' dir='ltr'><strong>(Lbinus</strong></span> <span class='ocrx_word' id='word_1_100' title='bbox 1149 846 1272 883; x_wconf 89' lang='lat' dir='ltr'><strong>etiam</strong></span> <span class='ocrx_word' id='word_1_101' title='bbox 1316 845 1495 883; x_wconf 86' lang='lat' dir='ltr'><strong>frater</strong></span> <span class='ocrx_word' id='word_1_102' title='bbox 1526 843 1688 899; x_wconf 88' lang='lat' dir='ltr'><strong>omisit)</strong></span> 
     </span>
     <span class='ocr_line' id='line_1_13' title="bbox 216 898 1688 953; baseline 0.004 -19"><span class='ocrx_word' id='word_1_103' title='bbox 216 910 294 935; x_wconf 87' lang='lat' dir='ltr'><strong>nec</strong></span> <span class='ocrx_word' id='word_1_104' title='bbox 334 898 520 937; x_wconf 91' lang='lat' dir='ltr'><strong>codicum</strong></span> <span class='ocrx_word' id='word_1_105' title='bbox 563 902 738 950; x_wconf 77' lang='lat' dir='ltr'><strong>uestigia</strong></span> <span class='ocrx_word' id='word_1_106' title='bbox 787 899 1012 951; x_wconf 79' lang='lat' dir='ltr'><strong>diligenter</strong></span> <span class='ocrx_word' id='word_1_107' title='bbox 1060 915 1204 953; x_wconf 86' lang='lat' dir='ltr'><strong>pressa</strong></span> <span class='ocrx_word' id='word_1_108' title='bbox 1251 908 1346 940; x_wconf 89' lang='lat' dir='ltr'><strong>sunt</strong></span> <span class='ocrx_word' id='word_1_109' title='bbox 1396 915 1473 940; x_wconf 89' lang='lat' dir='ltr'><strong>nec</strong></span> <span class='ocrx_word' id='word_1_110' title='bbox 1512 915 1688 952; x_wconf 87' lang='lat' dir='ltr'><strong>nomen,</strong></span> 
     </span>
     <span class='ocr_line' id='line_1_14' title="bbox 216 956 1688 1009; baseline 0.004 -18"><span class='ocrx_word' id='word_1_111' title='bbox 216 967 294 1006; x_wconf 90' lang='lat' dir='ltr'><strong>quo</strong></span> <span class='ocrx_word' id='word_1_112' title='bbox 327 956 501 1004; x_wconf 81' lang='lat' dir='ltr'><strong>Quintus</strong></span> <span class='ocrx_word' id='word_1_113' title='bbox 541 957 722 995; x_wconf 85' lang='lat' dir='ltr'><strong>Marcum</strong></span> <span class='ocrx_word' id='word_1_114' title='bbox 758 956 1007 1009; x_wconf 83' lang='lat' dir='ltr'><strong>alloquitur,</strong></span> <span class='ocrx_word' id='word_1_115' title='bbox 1050 963 1166 997; x_wconf 86' lang='lat' dir='ltr'><strong>recte</strong></span> <span class='ocrx_word' id='word_1_116' title='bbox 1208 959 1256 997; x_wconf 88' lang='lat' dir='ltr'><strong>ab</strong></span> <span class='ocrx_word' id='word_1_117' title='bbox 1298 960 1418 997; x_wconf 91' lang='lat' dir='ltr'><strong>initio</strong></span> <span class='ocrx_word' id='word_1_118' title='bbox 1452 960 1688 997; x_wconf 85' lang='lat' dir='ltr'><strong>sententiae</strong></span> 
     </span>
     <span class='ocr_line' id='line_1_15' title="bbox 214 1013 506 1064; baseline 0 -15"><span class='ocrx_word' id='word_1_119' title='bbox 214 1013 393 1064; x_wconf 89' lang='lat' dir='ltr'><strong>positum</strong></span> <span class='ocrx_word' id='word_1_120' title='bbox 427 1015 506 1050; x_wconf 86' lang='lat' dir='ltr'><strong>est.</strong></span> 
     </span>
    </p>

    <p class='ocr_par' dir='ltr' id='par_1_3' title="bbox 215 1069 1689 1397">
     <span class='ocr_line' id='line_1_16' title="bbox 330 1069 1688 1123; baseline 0.002 -16"><span class='ocrx_word' id='word_1_121' title='bbox 330 1069 641 1120; x_wconf 86' lang='lat' dir='ltr'><strong>obsistitur]</strong></span> <span class='ocrx_word' id='word_1_122' title='bbox 703 1070 911 1121; x_wconf 80' lang='lat' dir='ltr'><strong>Mosei-us,</strong></span> <span class='ocrx_word' id='word_1_123' title='bbox 945 1072 1054 1122; x_wconf 87' lang='lat' dir='ltr'><strong>quia,</strong></span> <span class='ocrx_word' id='word_1_124' title='bbox 1087 1084 1190 1122; x_wconf 89' lang='lat' dir='ltr'><strong>quae</strong></span> <span class='ocrx_word' id='word_1_125' title='bbox 1224 1070 1410 1110; x_wconf 89' lang='lat' dir='ltr'><strong>codicum</strong></span> <span class='ocrx_word' id='word_1_126' title='bbox 1445 1075 1558 1110; x_wconf 88' lang='lat' dir='ltr'><strong>esset</strong></span> <span class='ocrx_word' id='word_1_127' title='bbox 1595 1070 1688 1123; x_wconf 81' lang='lat' dir='ltr'><strong>dig-</strong></span> 
     </span>
     <span class='ocr_line' id='line_1_17' title="bbox 219 1126 1689 1180; baseline 0.003 -18"><span class='ocrx_word' id='word_1_128' title='bbox 219 1126 343 1174; x_wconf 81' lang='lat' dir='ltr'><strong>nitas,</strong></span> <span class='ocrx_word' id='word_1_129' title='bbox 376 1139 455 1163; x_wconf 91' lang='lat' dir='ltr'><strong>non</strong></span> <span class='ocrx_word' id='word_1_130' title='bbox 490 1132 755 1176; x_wconf 81' lang='lat' dir='ltr'><strong>cognouerat,</strong></span> <span class='ocrx_word' id='word_1_131' title='bbox 791 1140 838 1165; x_wconf 75' lang='lat' dir='ltr'><strong>ex</strong></span> <span class='ocrx_word' id='word_1_132' title='bbox 877 1128 1028 1166; x_wconf 91' lang='lat' dir='ltr'><strong>mendo</strong></span> <span class='ocrx_word' id='word_1_133' title='bbox 1071 1142 1178 1166; x_wconf 91' lang='lat' dir='ltr'><strong>cum</strong></span> <span class='ocrx_word' id='word_1_134' title='bbox 1218 1130 1538 1179; x_wconf 86' lang='lat' dir='ltr'><strong>obsistitur,</strong></span> <span class='ocrx_word' id='word_1_135' title='bbox 1581 1129 1689 1180; x_wconf 90' lang='lat' dir='ltr'><strong>quod</strong></span> 
     </span>
     <span class='ocr_line' id='line_1_18' title="bbox 216 1183 1689 1236; baseline 0.003 -17"><span class='ocrx_word' id='word_1_136' title='bbox 216 1186 491 1220; x_wconf 76' lang='lat' dir='ltr'><strong>correctorum</strong></span> <span class='ocrx_word' id='word_1_137' title='bbox 524 1183 706 1220; x_wconf 85' lang='lat' dir='ltr'><strong>codicum</strong></span> <span class='ocrx_word' id='word_1_138' title='bbox 740 1184 851 1222; x_wconf 86' lang='lat' dir='ltr'><strong>Uict.</strong></span> <span class='ocrx_word' id='word_1_139' title='bbox 881 1186 919 1223; x_wconf 90' lang='lat' dir='ltr'><strong>b.</strong></span> <span class='ocrx_word' id='word_1_140' title='bbox 954 1190 996 1222; x_wconf 89' lang='lat' dir='ltr'><strong>et</strong></span> <span class='ocrx_word' id='word_1_141' title='bbox 1027 1185 1091 1225; x_wconf 89' lang='lat'><strong>11.</strong></span> <span class='ocrx_word' id='word_1_142' title='bbox 1122 1187 1331 1236; x_wconf 83' lang='lat' dir='ltr'><strong>proprium</strong></span> <span class='ocrx_word' id='word_1_143' title='bbox 1361 1191 1440 1235; x_wconf 87' lang='lat' dir='ltr'><strong>est,</strong></span> <span class='ocrx_word' id='word_1_144' title='bbox 1474 1187 1689 1224; x_wconf 88' lang='lat' dir='ltr'><strong>coniectu-</strong></span> 
     </span>
     <span class='ocr_line' id='line_1_19' title="bbox 217 1238 1689 1292; baseline 0.002 -16"><span class='ocrx_word' id='word_1_145' title='bbox 217 1252 301 1276; x_wconf 87' lang='lat' dir='ltr'><strong>ram</strong></span> <span class='ocrx_word' id='word_1_146' title='bbox 335 1238 475 1277; x_wconf 84' lang='lat' dir='ltr'><strong>elicuit</strong></span> <span class='ocrx_word' id='word_1_147' title='bbox 498 1244 598 1277; x_wconf 91' lang='lat' dir='ltr'><strong>tum</strong></span> <span class='ocrx_word' id='word_1_148' title='bbox 626 1240 948 1290; x_wconf 82' lang='lat' dir='ltr'><strong>obsistitur,</strong></span> <span class='ocrx_word' id='word_1_149' title='bbox 980 1240 1172 1291; x_wconf 79' lang='lat' dir='ltr'><strong>idemque</strong></span> <span class='ocrx_word' id='word_1_150' title='bbox 1196 1255 1286 1279; x_wconf 78' lang='lat' dir='ltr'><strong>mox</strong></span> <span class='ocrx_word' id='word_1_151' title='bbox 1312 1242 1514 1292; x_wconf 80' lang='lat' dir='ltr'><strong>peculiari</strong></span> <span class='ocrx_word' id='word_1_152' title='bbox 1538 1242 1689 1279; x_wconf 88' lang='lat' dir='ltr'><strong>mendo</strong></span> 
     </span>
     <span class='ocr_line' id='line_1_20' title="bbox 216 1295 1687 1349; baseline 0.001 -15"><span class='ocrx_word' id='word_1_153' title='bbox 216 1295 306 1336; x_wconf 86' lang='lat' dir='ltr'><strong>cod.</strong></span> <span class='ocrx_word' id='word_1_154' title='bbox 361 1296 428 1335; x_wconf 82' lang='lat' dir='ltr'><strong>Cr.</strong></span> <span class='ocrx_word' id='word_1_155' title='bbox 485 1296 764 1334; x_wconf 85' lang='lat' dir='ltr'><strong>crederem</strong></span> <span class='ocrx_word' id='word_1_156' title='bbox 819 1310 1020 1348; x_wconf 88' lang='lat' dir='ltr'><strong>peruerse</strong></span> <span class='ocrx_word' id='word_1_157' title='bbox 1072 1300 1351 1349; x_wconf 83' lang='lat' dir='ltr'><strong>superstruxit</strong></span> <span class='ocrx_word' id='word_1_158' title='bbox 1407 1299 1687 1336; x_wconf 87' lang='lat' dir='ltr'><strong>coniecturam</strong></span> 
     </span>
     <span class='ocr_line' id='line_1_21' title="bbox 215 1352 922 1397; baseline 0 -7"><span class='ocrx_word' id='word_1_159' title='bbox 215 1352 418 1392; x_wconf 81' lang='lat' dir='ltr'><strong>cedere.</strong></span> <span class='ocrx_word' id='word_1_160' title='bbox 453 1352 509 1391; x_wconf 88' lang='lat' dir='ltr'><strong>M.</strong></span> <span class='ocrx_word' id='word_1_161' title='bbox 916 1386 922 1397; x_wconf 70' lang='lat'><em>„</em></span> 
     </span>
    </p>

    <p class='ocr_par' dir='ltr' id='par_1_4' title="bbox 214 1408 1691 2027">
     <span class='ocr_line' id='line_1_22' title="bbox 330 1408 1688 1459; baseline 0.001 -13"><span class='ocrx_word' id='word_1_162' title='bbox 330 1421 528 1446; x_wconf 89' lang='lat' dir='ltr'><strong>omnem</strong></span> <span class='ocrx_word' id='word_1_163' title='bbox 571 1413 703 1446; x_wconf 83' lang='lat' dir='ltr'><strong>auct.</strong></span> <span class='ocrx_word' id='word_1_164' title='bbox 747 1409 874 1459; x_wconf 90' lang='lat' dir='ltr'><strong>opt.]</strong></span> <span class='ocrx_word' id='word_1_165' title='bbox 938 1409 1036 1447; x_wconf 86' lang='lat' dir='ltr'><strong>Sine</strong></span> <span class='ocrx_word' id='word_1_166' title='bbox 1078 1408 1286 1446; x_wconf 82' lang='lat' dir='ltr'><strong>codicibus</strong></span> <span class='ocrx_word' id='word_1_167' title='bbox 1329 1410 1459 1449; x_wconf 87' lang='lat' dir='ltr'><strong>Turn.</strong></span> <span class='ocrx_word' id='word_1_168' title='bbox 1503 1414 1546 1446; x_wconf 89' lang='lat' dir='ltr'><strong>et</strong></span> <span class='ocrx_word' id='word_1_169' title='bbox 1575 1410 1688 1449; x_wconf 83' lang='lat' dir='ltr'><strong>Man.</strong></span> 
     </span>
     <span class='ocr_line' id='line_1_23' title="bbox 216 1465 1691 1516; baseline 0.001 -14"><span class='ocrx_word' id='word_1_170' title='bbox 216 1477 416 1503; x_wconf 90' lang='lat' dir='ltr'><strong>omnem</strong></span> <span class='ocrx_word' id='word_1_171' title='bbox 448 1466 786 1516; x_wconf 88' lang='lat' dir='ltr'><strong>optimatium</strong></span> <span class='ocrx_word' id='word_1_172' title='bbox 818 1469 967 1513; x_wconf 86' lang='lat' dir='ltr'><strong>auct.;</strong></span> <span class='ocrx_word' id='word_1_173' title='bbox 1001 1466 1133 1505; x_wconf 88' lang='lat' dir='ltr'><strong>Gebh.</strong></span> <span class='ocrx_word' id='word_1_174' title='bbox 1158 1465 1260 1504; x_wconf 87' lang='lat' dir='ltr'><strong>Ern.</strong></span> <span class='ocrx_word' id='word_1_175' title='bbox 1284 1465 1427 1516; x_wconf 82' lang='lat' dir='ltr'><strong>Wagn.</strong></span> <span class='ocrx_word' id='word_1_176' title='bbox 1461 1466 1691 1503; x_wconf 88' lang='lat' dir='ltr'><strong>auctori-</strong></span> 
     </span>
     <span class='ocr_line' id='line_1_24' title="bbox 215 1515 1689 1572; baseline -0.002 -12"><span class='ocrx_word' id='word_1_177' title='bbox 215 1526 378 1560; x_wconf 89' lang='lat' dir='ltr'><strong>tatem</strong></span> <span class='ocrx_word' id='word_1_178' title='bbox 413 1515 609 1559; x_wconf 86' lang='lat' dir='ltr'><strong>omnem</strong></span> <span class='ocrx_word' id='word_1_179' title='bbox 643 1527 743 1572; x_wconf 86' lang='lat' dir='ltr'><strong>opt.</strong></span> <span class='ocrx_word' id='word_1_180' title='bbox 806 1523 1074 1572; x_wconf 68' lang='lat' dir='ltr'><strong>optimatium</strong></span> <span class='ocrx_word' id='word_1_181' title='bbox 1110 1524 1334 1560; x_wconf 81' lang='lat' dir='ltr'><strong>auctoritas</strong></span> <span class='ocrx_word' id='word_1_182' title='bbox 1367 1536 1388 1560; x_wconf 89' lang='lat' dir='ltr'><strong>a</strong></span> <span class='ocrx_word' id='word_1_183' title='bbox 1414 1523 1566 1570; x_wconf 75' lang='lat' dir='ltr'><strong>Quinto</strong></span> <span class='ocrx_word' id='word_1_184' title='bbox 1597 1519 1689 1572; x_wconf 78' lang='lat' dir='ltr'><strong>lege</strong></span> 
     </span>
     <span class='ocr_line' id='line_1_25' title="bbox 215 1577 1691 1630; baseline -0.001 -14"><span class='ocrx_word' id='word_1_185' title='bbox 215 1578 430 1616; x_wconf 81' lang='lat' dir='ltr'><strong>tabellaria</strong></span> <span class='ocrx_word' id='word_1_186' title='bbox 463 1579 622 1616; x_wconf 86' lang='lat' dir='ltr'><strong>sublata</strong></span> <span class='ocrx_word' id='word_1_187' title='bbox 657 1591 751 1616; x_wconf 87' lang='lat' dir='ltr'><strong>esse</strong></span> <span class='ocrx_word' id='word_1_188' title='bbox 785 1578 958 1628; x_wconf 77' lang='lat' dir='ltr'><strong>dicitur,</strong></span> <span class='ocrx_word' id='word_1_189' title='bbox 1003 1593 1084 1617; x_wconf 90' lang='lat' dir='ltr'><strong>non</strong></span> <span class='ocrx_word' id='word_1_190' title='bbox 1125 1578 1232 1629; x_wconf 91' lang='lat' dir='ltr'><strong>quod</strong></span> <span class='ocrx_word' id='word_1_191' title='bbox 1266 1578 1362 1630; x_wconf 89' lang='lat' dir='ltr'><strong>quid</strong></span> <span class='ocrx_word' id='word_1_192' title='bbox 1390 1577 1452 1616; x_wconf 84' lang='lat' dir='ltr'><strong>illi</strong></span> <span class='ocrx_word' id='word_1_193' title='bbox 1485 1579 1691 1616; x_wconf 83' lang='lat' dir='ltr'><strong>sentirent</strong></span> 
     </span>
     <span class='ocr_line' id='line_1_26' title="bbox 215 1633 1689 1687; baseline 0 -15"><span class='ocrx_word' id='word_1_194' title='bbox 215 1637 454 1685; x_wconf 78' lang='lat' dir='ltr'><strong>ignorarent</strong></span> <span class='ocrx_word' id='word_1_195' title='bbox 486 1633 603 1685; x_wconf 91' lang='lat' dir='ltr'><strong>(nam</strong></span> <span class='ocrx_word' id='word_1_196' title='bbox 636 1635 732 1685; x_wconf 88' lang='lat' dir='ltr'><strong>quid</strong></span> <span class='ocrx_word' id='word_1_197' title='bbox 764 1638 1053 1687; x_wconf 82' lang='lat' dir='ltr'><strong>praerogatiua</strong></span> <span class='ocrx_word' id='word_1_198' title='bbox 1085 1637 1305 1685; x_wconf 83' lang='lat' dir='ltr'><strong>sciuisset,</strong></span> <span class='ocrx_word' id='word_1_199' title='bbox 1337 1639 1554 1686; x_wconf 86' lang='lat' dir='ltr'><strong>antequam</strong></span> <span class='ocrx_word' id='word_1_200' title='bbox 1587 1633 1689 1672; x_wconf 91' lang='lat' dir='ltr'><strong>reli-</strong></span> 
     </span>
     <span class='ocr_line' id='line_1_27' title="bbox 216 1687 1687 1742; baseline 0 -14"><span class='ocrx_word' id='word_1_201' title='bbox 216 1705 319 1742; x_wconf 89' lang='lat' dir='ltr'><strong>quae</strong></span> <span class='ocrx_word' id='word_1_202' title='bbox 350 1693 559 1730; x_wconf 86' lang='lat' dir='ltr'><strong>centuriae</strong></span> <span class='ocrx_word' id='word_1_203' title='bbox 591 1693 782 1742; x_wconf 80' lang='lat' dir='ltr'><strong>suffragia</strong></span> <span class='ocrx_word' id='word_1_204' title='bbox 812 1692 987 1742; x_wconf 87' lang='lat' dir='ltr'><strong>ferrent,</strong></span> <span class='ocrx_word' id='word_1_205' title='bbox 1020 1693 1345 1732; x_wconf 81' lang='lat' dir='ltr'><strong>renuntiabatur.</strong></span> <span class='ocrx_word' id='word_1_206' title='bbox 1379 1692 1464 1731; x_wconf 85' lang='lat' dir='ltr'><strong>Cic.</strong></span> <span class='ocrx_word' id='word_1_207' title='bbox 1497 1690 1605 1731; x_wconf 85' lang='lat' dir='ltr'><strong>Phil.</strong></span> <span class='ocrx_word' id='word_1_208' title='bbox 1632 1687 1687 1740; x_wconf 86' lang='lat' dir='ltr'><strong>ll,</strong></span> 
     </span>
     <span class='ocr_line' id='line_1_28' title="bbox 216 1745 1686 1802; baseline -0.002 -14"><span class='ocrx_word' id='word_1_209' title='bbox 216 1748 287 1788; x_wconf 83' lang='lat'><strong>33.</strong></span> <span class='ocrx_word' id='word_1_210' title='bbox 318 1745 431 1802; x_wconf 61' lang='lat'><strong>82),</strong></span> <span class='ocrx_word' id='word_1_211' title='bbox 465 1748 542 1785; x_wconf 88' lang='lat' dir='ltr'><strong>sed</strong></span> <span class='ocrx_word' id='word_1_212' title='bbox 573 1749 665 1798; x_wconf 89' lang='lat' dir='ltr'><strong>quia</strong></span> <span class='ocrx_word' id='word_1_213' title='bbox 696 1750 774 1786; x_wconf 89' lang='lat' dir='ltr'><strong>iam</strong></span> <span class='ocrx_word' id='word_1_214' title='bbox 806 1750 1091 1787; x_wconf 84' lang='lat' dir='ltr'><strong>auctoritatem</strong></span> <span class='ocrx_word' id='word_1_215' title='bbox 1125 1750 1412 1800; x_wconf 80' lang='lat' dir='ltr'><strong>optimatium,</strong></span> <span class='ocrx_word' id='word_1_216' title='bbox 1445 1749 1511 1799; x_wconf 89' lang='lat' dir='ltr'><strong>qui</strong></span> <span class='ocrx_word' id='word_1_217' title='bbox 1544 1750 1686 1798; x_wconf 78' lang='lat' dir='ltr'><strong>singu-</strong></span> 
     </span>
     <span class='ocr_line' id='line_1_29' title="bbox 215 1803 1688 1855; baseline -0.002 -12"><span class='ocrx_word' id='word_1_218' title='bbox 215 1803 346 1843; x_wconf 87' lang='lat' dir='ltr'><strong>lorum</strong></span> <span class='ocrx_word' id='word_1_219' title='bbox 377 1806 570 1855; x_wconf 73' lang='lat' dir='ltr'><strong>sull&#39;ragia</strong></span> <span class='ocrx_word' id='word_1_220' title='bbox 604 1818 682 1841; x_wconf 92' lang='lat' dir='ltr'><strong>non</strong></span> <span class='ocrx_word' id='word_1_221' title='bbox 717 1807 1044 1855; x_wconf 78' lang='lat' dir='ltr'><strong>cognoscebant,</strong></span> <span class='ocrx_word' id='word_1_222' title='bbox 1083 1819 1163 1843; x_wconf 91' lang='lat' dir='ltr'><strong>non</strong></span> <span class='ocrx_word' id='word_1_223' title='bbox 1207 1805 1414 1843; x_wconf 84' lang='lat' dir='ltr'><strong>debebant</strong></span> <span class='ocrx_word' id='word_1_224' title='bbox 1454 1805 1605 1842; x_wconf 82' lang='lat' dir='ltr'><strong>intueri</strong></span> <span class='ocrx_word' id='word_1_225' title='bbox 1646 1809 1688 1841; x_wconf 84' lang='lat' dir='ltr'><strong>et</strong></span> 
     </span>
     <span class='ocr_line' id='line_1_30' title="bbox 214 1861 1686 1913; baseline -0.001 -14"><span class='ocrx_word' id='word_1_226' title='bbox 214 1864 454 1913; x_wconf 89' lang='lat' dir='ltr'><strong>potentibus</strong></span> <span class='ocrx_word' id='word_1_227' title='bbox 490 1861 728 1912; x_wconf 86' lang='lat' dir='ltr'><strong>quibusdam</strong></span> <span class='ocrx_word' id='word_1_228' title='bbox 765 1864 890 1912; x_wconf 79' lang='lat' dir='ltr'><strong>uiris,</strong></span> <span class='ocrx_word' id='word_1_229' title='bbox 922 1864 1065 1913; x_wconf 86' lang='lat' dir='ltr'><strong>quibus</strong></span> <span class='ocrx_word' id='word_1_230' title='bbox 1098 1861 1219 1900; x_wconf 84' lang='lat' dir='ltr'><strong>aliter</strong></span> <span class='ocrx_word' id='word_1_231' title='bbox 1250 1863 1462 1912; x_wconf 81' lang='lat' dir='ltr'><strong>suffragari</strong></span> <span class='ocrx_word' id='word_1_232' title='bbox 1492 1861 1686 1913; x_wconf 85' lang='lat' dir='ltr'><strong>puderet,</strong></span> 
     </span>
     <span class='ocr_line' id='line_1_31' title="bbox 215 1918 1684 1970; baseline -0.001 -14"><span class='ocrx_word' id='word_1_233' title='bbox 215 1918 346 1957; x_wconf 86' lang='lat' dir='ltr'><strong>libere</strong></span> <span class='ocrx_word' id='word_1_234' title='bbox 376 1919 590 1968; x_wconf 80' lang='lat' dir='ltr'><strong>suffragari</strong></span> <span class='ocrx_word' id='word_1_235' title='bbox 623 1922 829 1969; x_wconf 84' lang='lat' dir='ltr'><strong>poterant.</strong></span> <span class='ocrx_word' id='word_1_236' title='bbox 891 1920 1023 1970; x_wconf 88' lang='lat' dir='ltr'><strong>Atque</strong></span> <span class='ocrx_word' id='word_1_237' title='bbox 1053 1919 1245 1957; x_wconf 88' lang='lat' dir='ltr'><strong>hanchis</strong></span> <span class='ocrx_word' id='word_1_238' title='bbox 1273 1920 1410 1957; x_wconf 88' lang='lat' dir='ltr'><strong>uerbis</strong></span> <span class='ocrx_word' id='word_1_239' title='bbox 1435 1919 1684 1956; x_wconf 85' lang='lat' dir='ltr'><strong>sententiam</strong></span> 
     </span>
     <span class='ocr_line' id='line_1_32' title="bbox 217 1975 1245 2027; baseline -0.001 -13"><span class='ocrx_word' id='word_1_240' title='bbox 217 1977 418 2014; x_wconf 86' lang='lat' dir='ltr'><strong>contineri</strong></span> <span class='ocrx_word' id='word_1_241' title='bbox 453 1975 745 2013; x_wconf 88' lang='lat' dir='ltr'><strong>demonstrant</strong></span> <span class='ocrx_word' id='word_1_242' title='bbox 775 1990 837 2027; x_wconf 90' lang='lat' dir='ltr'><strong>ea,</strong></span> <span class='ocrx_word' id='word_1_243' title='bbox 871 1989 972 2027; x_wconf 88' lang='lat' dir='ltr'><strong>quae</strong></span> <span class='ocrx_word' id='word_1_244' title='bbox 1005 1981 1245 2027; x_wconf 87' lang='lat' dir='ltr'><strong>sequuntur.</strong></span> 
     </span>
    </p>

    <p class='ocr_par' dir='ltr' id='par_1_5' title="bbox 216 2030 1687 2195">
     <span class='ocr_line' id='line_1_33' title="bbox 330 2030 1687 2083; baseline -0.001 -12"><span class='ocrx_word' id='word_1_245' title='bbox 330 2032 501 2083; x_wconf 86' lang='lat' dir='ltr'><strong>uocis]</strong></span> <span class='ocrx_word' id='word_1_246' title='bbox 563 2033 652 2069; x_wconf 90' lang='lat' dir='ltr'><strong>Non</strong></span> <span class='ocrx_word' id='word_1_247' title='bbox 685 2034 797 2083; x_wconf 83' lang='lat' dir='ltr'><strong>ipsae</strong></span> <span class='ocrx_word' id='word_1_248' title='bbox 829 2047 952 2071; x_wconf 87' lang='lat' dir='ltr'><strong>uoces</strong></span> <span class='ocrx_word' id='word_1_249' title='bbox 986 2037 1028 2071; x_wconf 89' lang='lat' dir='ltr'><strong>et</strong></span> <span class='ocrx_word' id='word_1_250' title='bbox 1060 2032 1237 2071; x_wconf 85' lang='lat' dir='ltr'><strong>tabellae</strong></span> <span class='ocrx_word' id='word_1_251' title='bbox 1268 2036 1364 2070; x_wconf 88' lang='lat' dir='ltr'><strong>sunt</strong></span> <span class='ocrx_word' id='word_1_252' title='bbox 1394 2031 1568 2081; x_wconf 85' lang='lat' dir='ltr'><strong>iudicia,</strong></span> <span class='ocrx_word' id='word_1_253' title='bbox 1612 2030 1687 2069; x_wconf 83' lang='lat' dir='ltr'><strong>sed</strong></span> 
     </span>
     <span class='ocr_line' id='line_1_34' title="bbox 217 2087 1687 2139; baseline -0.001 -12"><span class='ocrx_word' id='word_1_254' title='bbox 217 2087 479 2128; x_wconf 88' lang='lat' dir='ltr'><strong>declarantur</strong></span> <span class='ocrx_word' id='word_1_255' title='bbox 516 2089 667 2126; x_wconf 82' lang='lat' dir='ltr'><strong>iudicia</strong></span> <span class='ocrx_word' id='word_1_256' title='bbox 708 2100 807 2127; x_wconf 83' lang='lat' dir='ltr'><strong>uoce</strong></span> <span class='ocrx_word' id='word_1_257' title='bbox 851 2094 893 2127; x_wconf 92' lang='lat' dir='ltr'><strong>et</strong></span> <span class='ocrx_word' id='word_1_258' title='bbox 924 2089 1106 2127; x_wconf 85' lang='lat' dir='ltr'><strong>tabellis.</strong></span> <span class='ocrx_word' id='word_1_259' title='bbox 1167 2090 1415 2127; x_wconf 85' lang='lat' dir='ltr'><strong>Necessaria</strong></span> <span class='ocrx_word' id='word_1_260' title='bbox 1456 2094 1521 2127; x_wconf 91' lang='lat' dir='ltr'><strong>est</strong></span> <span class='ocrx_word' id='word_1_261' title='bbox 1562 2089 1687 2139; x_wconf 83' lang='lat' dir='ltr'><strong>igitur</strong></span> 
     </span>
     <span class='ocr_line' id='line_1_35' title="bbox 216 2145 1432 2195; baseline -0.001 -11"><span class='ocrx_word' id='word_1_262' title='bbox 216 2148 417 2184; x_wconf 90' lang='lat' dir='ltr'><strong>correctio</strong></span> <span class='ocrx_word' id='word_1_263' title='bbox 451 2147 609 2183; x_wconf 80' lang='lat' dir='ltr'><strong>uocis.</strong></span> <span class='ocrx_word' id='word_1_264' title='bbox 674 2145 780 2185; x_wconf 84' lang='lat' dir='ltr'><strong>Uict.</strong></span> <span class='ocrx_word' id='word_1_265' title='bbox 816 2147 913 2185; x_wconf 80' lang='lat' dir='ltr'><strong>Dan.</strong></span> <span class='ocrx_word' id='word_1_266' title='bbox 945 2145 1044 2184; x_wconf 71' lang='grc' dir='ltr'><strong>ΕΓΗ.</strong></span> <span class='ocrx_word' id='word_1_267' title='bbox 1078 2145 1222 2195; x_wconf 78' lang='lat' dir='ltr'><strong>Wagn.</strong></span> <span class='ocrx_word' id='word_1_268' title='bbox 1256 2156 1432 2183; x_wconf 61' lang='lat' dir='ltr'><strong>uoces</strong></span> 
     </span>
    </p>
   </div>
   <div class='ocr_carea' id='block_1_3' title="bbox 216 2210 1686 2663">
    <p class='ocr_par' dir='ltr' id='par_1_6' title="bbox 216 2210 1686 2663">
     <span class='ocr_line' id='line_1_36' title="bbox 330 2210 1685 2264; baseline 0 -13"><span class='ocrx_word' id='word_1_269' title='bbox 330 2211 666 2259; x_wconf 66' lang='lat' dir='ltr'><strong>suffragandi</strong></span> <span class='ocrx_word' id='word_1_270' title='bbox 709 2213 872 2250; x_wconf 87' lang='lat' dir='ltr'><strong>nimia</strong></span> <span class='ocrx_word' id='word_1_271' title='bbox 910 2210 1080 2249; x_wconf 90' lang='lat' dir='ltr'><strong>libido</strong></span> <span class='ocrx_word' id='word_1_272' title='bbox 1125 2224 1184 2249; x_wconf 86' lang='lat' dir='ltr'><strong>sc.</strong></span> <span class='ocrx_word' id='word_1_273' title='bbox 1227 2212 1353 2249; x_wconf 90' lang='lat' dir='ltr'><strong>nimia</strong></span> <span class='ocrx_word' id='word_1_274' title='bbox 1384 2211 1525 2264; x_wconf 88' lang='lat' dir='ltr'><strong>populi</strong></span> <span class='ocrx_word' id='word_1_275' title='bbox 1551 2211 1685 2263; x_wconf 69' lang='lat' dir='ltr'><strong>libido</strong></span> 
     </span>
     <span class='ocr_line' id='line_1_37' title="bbox 216 2263 1686 2322; baseline -0.001 -14"><span class='ocrx_word' id='word_1_276' title='bbox 216 2273 411 2322; x_wconf 87' lang='lat' dir='ltr'><strong>potentes</strong></span> <span class='ocrx_word' id='word_1_277' title='bbox 444 2270 646 2319; x_wconf 69' lang='lat' dir='ltr'><strong>suffragiis</strong></span> <span class='ocrx_word' id='word_1_278' title='bbox 679 2268 897 2307; x_wconf 86' lang='lat' dir='ltr'><strong>adiuuandi</strong></span> <span class='ocrx_word' id='word_1_279' title='bbox 932 2267 1147 2319; x_wconf 82' lang='lat' dir='ltr'><strong>eripienda</strong></span> <span class='ocrx_word' id='word_1_280' title='bbox 1179 2281 1270 2306; x_wconf 91' lang='lat' dir='ltr'><strong>esse</strong></span> <span class='ocrx_word' id='word_1_281' title='bbox 1313 2268 1463 2306; x_wconf 92' lang='lat' dir='ltr'><strong>dicitur</strong></span> <span class='ocrx_word' id='word_1_282' title='bbox 1501 2263 1686 2321; x_wconf 82' lang='lat' dir='ltr'><strong>potenti-</strong></span> 
     </span>
     <span class='ocr_line' id='line_1_38' title="bbox 220 2324 1686 2377; baseline -0.001 -12"><span class='ocrx_word' id='word_1_283' title='bbox 220 2329 310 2376; x_wconf 90' lang='lat' dir='ltr'><strong>bus,</strong></span> <span class='ocrx_word' id='word_1_284' title='bbox 344 2327 435 2377; x_wconf 91' lang='lat' dir='ltr'><strong>quia</strong></span> <span class='ocrx_word' id='word_1_285' title='bbox 465 2327 530 2363; x_wconf 83' lang='lat' dir='ltr'><strong>his</strong></span> <span class='ocrx_word' id='word_1_286' title='bbox 571 2327 674 2377; x_wconf 86' lang='lat' dir='ltr'><strong>ipsis</strong></span> <span class='ocrx_word' id='word_1_287' title='bbox 708 2326 878 2377; x_wconf 82' lang='lat' dir='ltr'><strong>profuit.</strong></span> <span class='ocrx_word' id='word_1_288' title='bbox 940 2327 1069 2375; x_wconf 76' lang='lat' dir='ltr'><strong>Quam</strong></span> <span class='ocrx_word' id='word_1_289' title='bbox 1093 2325 1316 2375; x_wconf 82' lang='lat' dir='ltr'><strong>Wagnerus</strong></span> <span class='ocrx_word' id='word_1_290' title='bbox 1344 2324 1686 2377; x_wconf 82' lang='lat' dir='ltr'><strong>suffragandi</strong></span> 
     </span>
     <span class='ocr_line' id='line_1_39' title="bbox 220 2381 1685 2434; baseline -0.001 -13"><span class='ocrx_word' id='word_1_291' title='bbox 220 2385 344 2422; x_wconf 90' lang='lat' dir='ltr'><strong>uerbo</strong></span> <span class='ocrx_word' id='word_1_292' title='bbox 384 2384 465 2420; x_wconf 91' lang='lat' dir='ltr'><strong>uim</strong></span> <span class='ocrx_word' id='word_1_293' title='bbox 506 2384 703 2420; x_wconf 75' lang='lat' dir='ltr'><strong>subiecit:</strong></span> <span class='ocrx_word' id='word_1_294' title='bbox 753 2382 938 2434; x_wconf 89' lang='lat' dir='ltr'><strong>populi</strong></span> <span class='ocrx_word' id='word_1_295' title='bbox 983 2382 1249 2432; x_wconf 79' lang='lat' dir='ltr'><strong>suffragia</strong></span> <span class='ocrx_word' id='word_1_296' title='bbox 1286 2382 1390 2419; x_wconf 90' lang='lat' dir='ltr'><strong>sibi</strong></span> <span class='ocrx_word' id='word_1_297' title='bbox 1430 2381 1520 2420; x_wconf 88' lang='lat' dir='ltr'><strong>uel</strong></span> <span class='ocrx_word' id='word_1_298' title='bbox 1561 2381 1685 2420; x_wconf 86' lang='lat' dir='ltr'><strong>aliis</strong></span> 
     </span>
     <span class='ocr_line' id='line_1_40' title="bbox 217 2437 1685 2491; baseline 0.001 -13"><span class='ocrx_word' id='word_1_299' title='bbox 217 2452 544 2491; x_wconf 87' lang='lat' dir='ltr'><strong>comparare,</strong></span> <span class='ocrx_word' id='word_1_300' title='bbox 578 2452 666 2477; x_wconf 87' lang='lat' dir='ltr'><strong>eam</strong></span> <span class='ocrx_word' id='word_1_301' title='bbox 699 2453 898 2490; x_wconf 88' lang='lat' dir='ltr'><strong>nusquam</strong></span> <span class='ocrx_word' id='word_1_302' title='bbox 929 2439 1069 2488; x_wconf 91' lang='lat' dir='ltr'><strong>habet,</strong></span> <span class='ocrx_word' id='word_1_303' title='bbox 1101 2452 1152 2476; x_wconf 90' lang='lat' dir='ltr'><strong>ne</strong></span> <span class='ocrx_word' id='word_1_304' title='bbox 1184 2451 1258 2490; x_wconf 90' lang='lat' dir='ltr'><strong>pro</strong></span> <span class='ocrx_word' id='word_1_305' title='bbox 1285 2438 1391 2477; x_wconf 84' lang='lat' dir='ltr'><strong>Mur.</strong></span> <span class='ocrx_word' id='word_1_306' title='bbox 1426 2438 1589 2490; x_wconf 89' lang='lat' dir='ltr'><strong>quidem</strong></span> <span class='ocrx_word' id='word_1_307' title='bbox 1615 2437 1685 2489; x_wconf 81' lang='grc'><strong>34,</strong></span> 
     </span>
     <span class='ocr_line' id='line_1_41' title="bbox 217 2494 1686 2548; baseline -0.001 -13"><span class='ocrx_word' id='word_1_308' title='bbox 217 2497 285 2546; x_wconf 79' lang='grc'><strong>71,</strong></span> <span class='ocrx_word' id='word_1_309' title='bbox 318 2509 437 2547; x_wconf 90' lang='lat' dir='ltr'><strong>quem</strong></span> <span class='ocrx_word' id='word_1_310' title='bbox 466 2495 601 2534; x_wconf 90' lang='lat' dir='ltr'><strong>locum</strong></span> <span class='ocrx_word' id='word_1_311' title='bbox 635 2498 725 2548; x_wconf 87' lang='lat' dir='ltr'><strong>ipse</strong></span> <span class='ocrx_word' id='word_1_312' title='bbox 755 2495 948 2537; x_wconf 64' lang='lat' dir='ltr'><strong>laudauit,</strong></span> <span class='ocrx_word' id='word_1_313' title='bbox 1008 2496 1107 2534; x_wconf 82' lang='lat' dir='ltr'><strong>Mox</strong></span> <span class='ocrx_word' id='word_1_314' title='bbox 1145 2495 1293 2533; x_wconf 82' lang='lat' dir='ltr'><strong>Bakius</strong></span> <span class='ocrx_word' id='word_1_315' title='bbox 1336 2496 1427 2533; x_wconf 90' lang='lat' dir='ltr'><strong>sine</strong></span> <span class='ocrx_word' id='word_1_316' title='bbox 1458 2494 1540 2533; x_wconf 91' lang='lat' dir='ltr'><strong>ulla</strong></span> <span class='ocrx_word' id='word_1_317' title='bbox 1566 2508 1686 2534; x_wconf 88' lang='lat' dir='ltr'><strong>causa</strong></span> 
     </span>
     <span class='ocr_line' id='line_1_42' title="bbox 216 2552 1683 2603; baseline -0.001 -12"><span class='ocrx_word' id='word_1_318' title='bbox 216 2553 364 2591; x_wconf 89' lang='lat' dir='ltr'><strong>idonea</strong></span> <span class='ocrx_word' id='word_1_319' title='bbox 411 2552 647 2591; x_wconf 84' lang='lat' dir='ltr'><strong>tabellae</strong></span> <span class='ocrx_word' id='word_1_320' title='bbox 699 2552 938 2591; x_wconf 88' lang='lat' dir='ltr'><strong>uocabulum</strong></span> <span class='ocrx_word' id='word_1_321' title='bbox 991 2556 1087 2591; x_wconf 91' lang='lat' dir='ltr'><strong>ante</strong></span> <span class='ocrx_word' id='word_1_322' title='bbox 1140 2553 1395 2590; x_wconf 88' lang='lat' dir='ltr'><strong>uitiosum</strong></span> <span class='ocrx_word' id='word_1_323' title='bbox 1434 2566 1456 2590; x_wconf 87' lang='lat' dir='ltr'><strong>a</strong></span> <span class='ocrx_word' id='word_1_324' title='bbox 1488 2553 1683 2603; x_wconf 81' lang='lat' dir='ltr'><strong>magistro</strong></span> 
     </span>
     <span class='ocr_line' id='line_1_43' title="bbox 217 2609 1576 2663; baseline 0.001 -16"><span class='ocrx_word' id='word_1_325' title='bbox 217 2609 353 2661; x_wconf 90' lang='lat' dir='ltr'><strong>aliquo</strong></span> <span class='ocrx_word' id='word_1_326' title='bbox 385 2609 487 2648; x_wconf 86' lang='lat' dir='ltr'><strong>dixit</strong></span> <span class='ocrx_word' id='word_1_327' title='bbox 514 2610 745 2663; x_wconf 85' lang='lat' dir='ltr'><strong>profectum</strong></span> <span class='ocrx_word' id='word_1_328' title='bbox 790 2622 903 2661; x_wconf 87' lang='lat' dir='ltr'><strong>esse,</strong></span> <span class='ocrx_word' id='word_1_329' title='bbox 938 2612 981 2648; x_wconf 90' lang='lat' dir='ltr'><strong>ut</strong></span> <span class='ocrx_word' id='word_1_330' title='bbox 1012 2611 1060 2647; x_wconf 90' lang='lat' dir='ltr'><strong>in</strong></span> <span class='ocrx_word' id='word_1_331' title='bbox 1093 2622 1188 2661; x_wconf 88' lang='lat' dir='ltr'><strong>qua</strong></span> <span class='ocrx_word' id='word_1_332' title='bbox 1217 2611 1576 2661; x_wconf 85' lang='lat' dir='ltr'><strong>interpretaretur.</strong></span> 
     </span>
    </p>
   </div>
   <div class='ocr_carea' id='block_1_4' title="bbox 214 2730 1684 2814">
    <p class='ocr_par' dir='ltr' id='par_1_7' title="bbox 214 2730 1684 2814">
     <span class='ocr_line' id='line_1_44' title="bbox 316 2730 1684 2777; baseline -0.001 -10"><span class='ocrx_word' id='word_1_333' title='bbox 316 2734 347 2775; x_wconf 79' lang='grc'><strong>“)</strong></span> <span class='ocrx_word' id='word_1_334' title='bbox 373 2744 444 2776; x_wconf 88' lang='lat' dir='ltr'><strong>qua</strong></span> <span class='ocrx_word' id='word_1_335' title='bbox 477 2735 615 2766; x_wconf 79' lang='lat' dir='ltr'><strong>retenta</strong></span> <span class='ocrx_word' id='word_1_336' title='bbox 649 2733 768 2777; x_wconf 81' lang='lat' dir='ltr'><strong>inepte</strong></span> <span class='ocrx_word' id='word_1_337' title='bbox 804 2732 992 2777; x_wconf 76' lang='lat' dir='ltr'><strong>Zumptius</strong></span> <span class='ocrx_word' id='word_1_338' title='bbox 1028 2732 1081 2765; x_wconf 83' lang='lat' dir='ltr'><strong>sic</strong></span> <span class='ocrx_word' id='word_1_339' title='bbox 1114 2731 1324 2775; x_wconf 83' lang='lat' dir='ltr'><strong>interpungi</strong></span> <span class='ocrx_word' id='word_1_340' title='bbox 1360 2730 1479 2766; x_wconf 82' lang='lat' dir='ltr'><strong>iubet:</strong></span> <span class='ocrx_word' id='word_1_341' title='bbox 1519 2742 1684 2775; x_wconf 80' lang='lat' dir='ltr'><strong>quare,</strong></span> 
     </span>
     <span class='ocr_line' id='line_1_45' title="bbox 214 2778 654 2814; baseline 0.002 -2"><span class='ocrx_word' id='word_1_342' title='bbox 214 2778 406 2813; x_wconf 66' lang='lat' dir='ltr'><strong>frater?</strong></span> <span class='ocrx_word' id='word_1_343' title='bbox 433 2780 561 2814; x_wconf 85' lang='lat' dir='ltr'><strong>Bona</strong></span> <span class='ocrx_word' id='word_1_344' title='bbox 586 2783 654 2813; x_wconf 80' lang='lat' dir='ltr'><strong>cet.</strong></span> 
     </span>
    </p>
   </div>
   <div class='ocr_carea' id='block_1_5' title="bbox 1764 0 1781 906">
    <p class='ocr_par' dir='ltr' id='par_1_8' title="bbox 1764 0 1781 906">
     <span class='ocr_line' id='line_1_46' title="bbox 1764 0 1781 906; baseline 0 0"><span class='ocrx_word' id='word_1_345' title='bbox 1764 0 1781 906; x_wconf 95' lang='lat' dir='ltr'><strong> </strong></span> 
     </span>
    </p>
   </div>
   <div class='ocr_carea' id='block_1_6' title="bbox 1778 902 1781 1726">
    <p class='ocr_par' dir='ltr' id='par_1_9' title="bbox 1778 902 1781 1726">
     <span class='ocr_line' id='line_1_47' title="bbox 1778 902 1781 1726; baseline 0 0"><span class='ocrx_word' id='word_1_346' title='bbox 1778 902 1781 1726; x_wconf 95' lang='lat' dir='ltr'><strong> </strong></span> 
     </span>
    </p>
   </div>
   <div class='ocr_carea' id='block_1_7' title="bbox 1778 902 1781 1726">
    <p class='ocr_par' dir='ltr' id='par_1_10' title="bbox 1778 902 1781 1726">
     <span class='ocr_line' id='line_1_48' title="bbox 1778 902 1781 1726; baseline 0 0"><span class='ocrx_word' id='word_1_347' title='bbox 1778 902 1781 1726; x_wconf 95' lang='lat' dir='ltr'><strong> </strong></span> 
     </span>
    </p>
   </div>
   <div class='ocr_carea' id='block_1_8' title="bbox 1778 902 1781 1726">
    <p class='ocr_par' dir='ltr' id='par_1_11' title="bbox 1778 902 1781 1726">
     <span class='ocr_line' id='line_1_49' title="bbox 1778 902 1781 1726; baseline 0 0"><span class='ocrx_word' id='word_1_348' title='bbox 1778 902 1781 1726; x_wconf 95' lang='lat' dir='ltr'><strong> </strong></span> 
     </span>
    </p>
   </div>
   <div class='ocr_carea' id='block_1_9' title="bbox 1778 902 1781 1726">
    <p class='ocr_par' dir='ltr' id='par_1_12' title="bbox 1778 902 1781 1726">
     <span class='ocr_line' id='line_1_50' title="bbox 1778 902 1781 1726; baseline 0 0"><span class='ocrx_word' id='word_1_349' title='bbox 1778 902 1781 1726; x_wconf 95' lang='lat' dir='ltr'><strong> </strong></span> 
     </span>
    </p>
   </div>
  </div>
 </body>
</html>
