1781 3192
365 199 520 236 Limen
553 198 853 238 SECUNDUS.
907 201 1006 240 Car.
1045 200 1165 239 Mn.
1407 203 1492 239 199

34 317 75 351 et
109 312 286 350 Mosero.
350 310 593 348 l'articulam
627 323 762 348 nunc
796 318 863 348 aut
895 314 984 348 iam
1020 325 1093 362 ego
1126 315 1166 349 in
1206 313 1283 349 hoc
1325 313 1492 350 incitato

36 375 77 406 et
125 368 302 406 oratorio
353 379 544 405 sermone
594 379 672 404 non
722 371 884 416 requiro
930 367 1069 405 addito
1120 368 1314 406 aduerbio
1358 368 1493 407 cele-

35 428 196 473 riter,
231 436 307 473 quo
342 424 460 461 rebus
496 424 593 473 ipsis
619 426 952 461 commemoratis
987 424 1203 462 audientes
1237 424 1492 474 adhortatur,

40 489 81 519 ut
116 479 310 518 celeriter
342 487 515 517 euentus
549 492 683 516 rerum
718 481 850 516 animo
885 479 1137 528 perlustrent
1170 480 1339 531 singulis
1371 483 1492 520 rebus

35 550 114 575 non
147 535 298 573 diutius
332 536 610 574 immorantes.
673 535 814 586 lnepte
846 537 1062 587 Zumptius
1095 536 1344 575 deteriorum
1378 538 1492 576 codi-

36 606 140 640 cum,
173 604 271 640 quos
313 591 401 640 ipse
442 591 636 629 meliores
676 593 926 641 nominauit,
966 595 1261 630 correctionem
1307 595 1493 644 probauit

34 648 425 697 (circumspicit
457 647 723 685 celeriter
754 650 987 697 animus).

146 715 316 751 uexati
359 716 528 752 nostri
578 715 752 764 Lares]
816 715 915 754 Post
947 716 1157 753 Ciceronis
1196 729 1241 754 ex
1276 718 1374 754 urbe
1407 717 1492 754 dis-

33 782 193 808 cessum
238 768 406 808 Clodius
439 769 573 821 legem
609 770 806 821 pertulit,
851 776 894 808 ut
931 784 1032 821 aqua
1074 777 1116 809 et
1154 774 1248 823 igne
1287 774 1323 811 ei
1361 774 1492 811 inter-

34 827 266 873 diceretur,
315 826 459 864 domus
500 828 587 864 eius
638 826 726 864 solo
776 833 1021 878 aequaretur
1067 829 1236 879 eiusque
1283 831 1321 867 in
1374 842 1492 878 area,

33 883 145 933 quasi
191 881 283 919 urbs
327 895 348 919 a
388 888 560 933 tyranno
598 888 711 920 esset
752 884 939 933 liberata,
981 883 1178 934 templum
1211 891 1494 923 exstrueretur

33 938 278 987 Libertatis,
318 952 435 988 quam
477 940 561 978 Cic.
605 939 812 977 inuidiose
854 940 1077 977 Licentiam
1112 940 1313 992 appellat,
1346 946 1389 979 ut
1419 955 1492 993 pro

31 994 138 1035 dom.
172 992 241 1042 51,
278 993 368 1034 131.
412 994 750 1033 simulacrum
797 1009 894 1033 non
938 996 1251 1046 Libertatis,
1296 998 1385 1035 sed
1416 998 1493 1035 Li-

30 1051 238 1089 centiae
269 1050 583 1089 collocasti.
645 1052 709 1089 Cf.
745 1050 853 1090 Plut.
895 1051 979 1090 Cic.
1015 1065 1056 1103 p.
1088 1052 1184 1093 877.
1228 1055 1332 1105 App.
1368 1054 1411 1091 B.
1445 1053 1491 1090 C.

30 1106 80 1157 ll,
118 1106 181 1147 15.
218 1104 290 1144 Dio
323 1107 436 1145 Cass.
473 1107 693 1157 xxxvlu,
732 1108 795 1147 17.

144 1173 329 1226 pulsus
372 1188 393 1211 a
434 1172 672 1211 delubris
717 1174 779 1224 is]
852 1175 1043 1213 Grauiter
1089 1188 1308 1226 personam
1363 1188 1492 1223 suam,

29 1243 110 1269 non
141 1235 274 1269 semet
303 1231 437 1282 ipsum
469 1231 666 1268 nominat.
729 1230 794 1268 Cf.
837 1244 910 1281 pro
943 1231 1052 1271 dom.
1087 1232 1156 1280 55,
1192 1229 1283 1270 141.
1347 1232 1492 1268 Neuti-

31 1299 149 1339 qnam
182 1286 284 1324 haec
317 1287 364 1323 ab
395 1287 473 1324 hoc
513 1284 604 1324 loco
645 1290 739 1324 sunt
778 1284 936 1337 aliena,
976 1287 1319 1338 quemadmodum
1362 1288 1492 1324 nisum

30 1348 93 1382 est
130 1342 358 1393 Vi⁷agner03
409 1343 559 1394 quippe
610 1343 800 1380 uniuersa
841 1345 1009 1381 notione
1050 1345 1277 1395 praemissa
1314 1341 1490 1394 (relig.

29 1403 139 1438 iura
171 1397 385 1450 polluta
418 1394 563 1450 sunt)
595 1397 750 1448 colligit
782 1397 939 1450 singula
972 1413 993 1437 a
1025 1401 1149 1437 sacris
1188 1400 1362 1450 priuatis
1394 1411 1491 1450 pro-

31 1455 224 1507 grediens
257 1454 307 1491 ad
340 1452 510 1492 delubra
540 1452 708 1504 publica.

143 1519 283 1560 nihil
317 1522 450 1557 enim
486 1521 694 1558 attinet
731 1521 834 1570 cet.]
899 1523 989 1572 quia
1029 1527 1069 1559 et
1109 1523 1236 1572 magis
1276 1534 1359 1559 res·
1384 1523 1492 1573 ipsas

31 1592 150 1629 quam
185 1578 372 1616 homines
406 1576 584 1628 spectari
618 1575 779 1613 uolebat
810 1591 884 1615 nec
915 1590 1048 1615 rerum
1093 1579 1289 1616 memoria
1332 1579 1490 1615 instau-

28 1636 109 1672 rari
151 1636 308 1686 potuit,
356 1634 451 1683 quin
499 1632 549 1670 de
600 1633 766 1670 istarum
816 1635 1074 1684 auctoribus,
1125 1635 1312 1673 omnibus
1354 1635 1489 1683 notis,

32 1691 298 1741 cogitaretur.

144 1745 291 1784 illam
327 1743 598 1783 custodem
640 1744 803 1794 urbis]
871 1745 1054 1784 Statuam
1095 1745 1334 1796 Mineruae,
1373 1759 1490 1797 quam

32 1803 118 1841 Cic.
153 1802 264 1839 domi
298 1814 394 1839 suae
424 1800 617 1850 religiose
649 1800 834 1850 colebat,
867 1806 1078 1852 antequam
1112 1804 1151 1839 in
1191 1803 1355 1841 exilium
1394 1804 1490 1850 iret,

32 1858 226 1910 deposuit
264 1859 303 1895 in
346 1855 499 1908 templo
543 1855 656 1894 Jouis
700 1856 933 1907 Capitolini.
996 1857 1102 1896 Uide
1140 1857 1249 1897 Plut.
1290 1864 1330 1898 et
1368 1859 1489 1897 Dion.

30 1924 146 1965 Cass.
178 1923 209 1963 l.
241 1923 269 1963 l.
328 1924 390 1963 Ad
412 1925 680 1962 imitationem
705 1912 924 1973 Ἀθηνᾶς
958 1911 1254 1971 πΟλΖΟύχΟυ
1279 1926 1491 1965 custodem

30 1982 141 2018 urbis
175 1993 262 2018 eam
295 1982 495 2029 nominat,
530 1986 572 2017 ut
603 1979 654 2017 ad
684 1980 799 2021 Fam.
835 1980 919 2032 ΧΠ,
953 1982 1018 2022 25.
1058 1985 1090 2022 1.
1129 1982 1178 2020 ad
1210 1984 1296 2022 Att.
1330 1983 1418 2032 Vll,
1450 1981 1490 2022 3.

34 2034 72 2075 3.
104 2049 178 2087 pro
210 2035 317 2076 dom.
349 2036 419 2086 57,
456 2034 545 2075 144.

144 2108 495 2141 conseruatae
522 2102 755 2152 patriae]
815 2103 1028 2155 Duplicem
1047 2107 1291 2155 genitiuum,
1323 2118 1492 2155 qnorum

30 2158 138 2197 alter
170 2163 235 2197 est
266 2159 535 2207 subiectiuus,
569 2158 797 2196 obiectiuus
830 2158 951 2210 alter,
994 2173 1075 2198 non
1108 2160 1356 2199 insolentem
1400 2172 1492 2198 esse

30 2228 130 2253 uere
161 2217 239 2253 iam
271 2215 398 2252 Gzius
429 2214 733 2254 animaduertit.
802 2215 920 2254 Adde
961 2216 1159 2268 exemplis
1202 2218 1250 2254 ab
1289 2215 1362 2254 illo
1404 2216 1492 2254 lau-

31 2270 140 2309 datis
182 2270 332 2324 (Tusc.
366 2267 423 2320 ll,
466 2270 531 2310 15.
574 2271 643 2311 35.
674 2270 752 2320 lv,
787 2271 826 2312 6.
863 2269 953 2325 13.)
995 2274 1121 2311 haec:
1161 2274 1286 2313 Tusc.
1318 2273 1394 2322 1V,
1430 2271 1493 2312 13.

31 2326 102 2368 31.
134 2334 358 2379 propter
388 2327 545 2363 animi
578 2325 851 2365 multarum
878 2342 1048 2367 rerum
1079 2330 1231 2367 breui
1255 2335 1493 2379 tempore

27 2384 445 2436 percursionem.
480 2382 531 2419 de
551 2383 646 2421 Fiu.
668 2378 751 2432 Ill,
774 2384 836 2423 15.
859 2385 926 2425 51.
958 2397 1057 2423 non
1082 2385 1311 2424 alienum
1336 2390 1417 2422 est
1438 2406 1494 2411 —-

28 2441 289 2477 rationem
321 2439 473 2476 huius
507 2439 662 2476 uerbi
694 2438 1184 2480 faciendiZenonis
1216 2453 1492 2491 exponere.

28 2497 72 2533 in
106 2495 222 2536 Verr.
256 2491 291 2544 I,
338 2493 400 2534 13.
437 2493 504 2534 3-1.
549 2494 665 2532 Caes.
707 2495 756 2533 B.
800 2495 847 2533 C.
882 2493 923 2546 l,
966 2497 1007 2537 5.
1051 2497 1357 2549 desperatio
1398 2509 1493 2535 om-

30 2552 167 2590 nium
199 2549 404 2590 salutis,
466 2551 655 2588 Coniecit
692 2551 818 2600 igitur
861 2554 950 2590 sine
988 2566 1108 2592 causa
1148 2554 1324 2592 Lbinus:
1362 2552 1493 2591 iudi-

31 2609 114 2646 cio
146 2612 367 2646 senatus
398 2629 451 2634 —
483 2611 839 2645 conseruatae
878 2610 1079 2659 patriae
1122 2610 1494 2648 testimonium

23 2659 321 2702 'consecuti
363 2675 559 2713 sumus,
612 2666 654 2699 et
700 2675 828 2714 praua
866 2664 988 2705 codd.
1036 2667 1283 2704 auctoritate
1330 2666 1496 2716 scripsit

32 2717 245 2758 Dauisius:
277 2717 479 2758 iudicia
510 2723 726 2757 senatus
757 2741 811 2747 ——
840 2718 903 2757 de
933 2727 1142 2760 seruata
1172 2722 1346 2774 patria
1377 2733 1495 2759 con-

35 2776 212 2814 secuti
245 2788 437 2825 sumus3
473 2776 643 2815 barbare
675 2776 798 2813 etiam
831 2778 970 2816 nescio
999 2790 1118 2828 quem
1137 2778 1277 2817 Ursini
1311 2776 1495 2816 codicem
