1781 3192
444 184 601 222 hinnit
632 181 890 222 TERTlUS.
939 182 1040 221 Car.
1077 181 1178 220 Xlll.
1467 179 1558 219 505

107 298 410 347 quisquam,
454 295 557 346 quod
598 296 699 332 Uzio
739 296 876 333 arrisit
916 301 1207 346 receptumque
1249 298 1312 332 est
1343 307 1363 330 a
1396 294 1562 332 Mosero

108 362 151 395 et
169 352 341 402 Orellio,
367 358 431 391 est
456 365 565 389 mera
588 353 804 400 correctio,
826 357 985 389 tentata
1008 351 1106 389 illa
1099 365 1173 389 iam
1199 352 1237 388 in
1262 349 1380 390 codd.
1404 352 1437 401 β
1457 357 1498 388 et
1517 359 1563 397 γ.

223 410 256 459 ὁ.
291 410 359 449 30.
420 414 571 446 tenes
605 407 710 445 ord.
742 407 930 459 legum!
995 409 1145 458 Legem
1178 408 1229 445 de
1256 407 1500 445 educatione
1522 413 1564 444 et

109 466 325 516 disciplina
356 466 536 503 nondum
579 465 802 504 constituit
874 464 1053 503 (¹0nlidit
1096 467 1131 513 ig„
1123 467 1220 502 itur
1261 465 1417 502 Atticus
1456 463 1561 513 sore,

107 530 150 563 ιιι
179 527 245 560 aut
276 528 420 572 postea
453 522 559 558 illini
594 522 816 559 constituat
847 527 915 559 aut
947 528 989 559 ut
1019 493 1131 572 lege,3
1151 521 1283 572 aliqua
1324 519 1562 569 adducatur,

105 586 150 619 ut
181 578 233 616 de
263 579 340 615 hoc
372 577 460 615 loco
494 578 733 628 praecipiat.

220 634 573 685 praeteriero]
646 634 776 671 l’raue
826 634 1109 672 administrata
1160 638 1224 671 est
1271 633 1472 671 correctio
1522 634 1561 670 in

106 693 207 731 dett.
243 690 361 729 codd.
397 691 634 741 dupliciter,
669 696 712 728 ut
744 697 811 728 aut
843 692 1041 728 ceteris
1074 696 1141 728 aut
1180 689 1563 740 praetereundi

106 750 274 789 uerbum
309 749 585 785 omitteretur.
647 748 737 784 lloc
778 754 871 798 post
905 748 1012 784 Uict.
1053 753 1095 784 et
1127 747 1234 785 Man.
1277 746 1383 783 inale
1416 745 1562 783 Baiias

105 804 307 858 probauit.
379 804 519 841 Audiri
570 804 675 841 enim
720 817 892 842 necesse
943 808 1056 840 esset
1103 808 1349 853 repetere
1397 801 1561 842 uoles.

106 864 159 901 At
199 865 242 898 et
285 858 435 898 uoles
476 860 613 897 durius
653 860 815 897 auditur
866 865 907 898 et
955 860 1033 897 dici
1085 861 1288 910 oportuit:
1337 860 1379 896 si
1421 872 1563 908 quem

105 917 261 957 alium
302 918 672 967 praeterierit.
740 917 857 965 Quod
882 923 1015 954 autem
1039 923 1133 968 post
1156 916 1301 966 Stcpli.
1323 920 1364 953 et
1389 916 1563 953 Lbinum

103 977 144 1014 in
178 974 244 1012 ed.
284 973 405 1014 1566.
447 973 543 1010 inde
584 986 602 1009 a
638 973 801 1011 Dauisio
842 978 1007 1024 practer
1047 987 1167 1010 unum
1209 972 1373 1009 Bikium
1418 985 1560 1010 omnes

104 1031 360 1081 scripserunt
400 1030 675 1081 praeterii.
716 1031 950 1079 (cteris,
994 1029 1035 1067 id
1078 1029 1128 1067 ad
1169 1030 1433 1066 omissionem
1482 1030 1560 1066 iam

104 1088 379 1135 commissam,
412 1099 491 1123 non
527 1086 648 1122 ‹tiam
685 1085 736 1122 ad
776 1087 950 1123 suturam
992 1087 1237 1136 pertineict.
1307 1080 1402 1121 Iure
1438 1086 1564 1135 igitur

104 1157 153 1183 ex
193 1141 406 1181 meliorum
449 1141 570 1179 codd.
610 1142 759 1179 mendo
798 1143 1103 1192 praeteris,
1154 1141 1259 1191 quod
1309 1146 1446 1177 natum
1497 1145 1561 1178 cst

103 1201 273 1239 duorum
312 1197 600 1236 uocabulorum
647 1199 756 1234 notis
808 1199 847 1235 in
900 1210 1018 1235 unum
1060 1197 1298 1235 uocabulum
1349 1197 1561 1246 conflatis,

103 1255 286 1308 expressi
318 1253 670 1305 praeteriero,
703 1254 941 1303 Ceteris3
982 1254 1094 1291 cuius
1126 1253 1393 1292 correctionis
1423 1255 1560 1304 suspi-

101 1315 260 1352 cionem
299 1323 407 1347 nunc
446 1309 567 1347 uideo
608 1310 686 1346 iam
727 1309 825 1347 olim
864 1312 904 1348 in
937 1311 1120 1360 margine
1153 1311 1336 1348 mouisse
1369 1309 1559 1348 Lbinum.

101 1369 164 1409 Cf.
217 1367 262 1407 ll
306 1367 337 1416 ᾇ.
374 1366 444 1406 50.
492 1366 814 1416 pontificum
865 1380 938 1418 pro
990 1367 1286 1418 pontifices
1331 1379 1452 1407 cum
1502 1363 1560 1404 Il.

102 1428 138 1476 ᾗ.
171 1424 240 1464 57.
273 1426 687 1488 con-tractetpro
720 1427 1042 1461 contractam
1075 1427 1137 1489 et.
1173 1420 1225 1462 ΙΙ
1265 1423 1295 1474 §.
1330 1421 1397 1462 32.
1430 1435 1558 1461 sum-

102 1492 206 1520 mos
237 1491 310 1530 pro
339 1480 380 1516 si
413 1478 548 1515 enim
580 1476 721 1516 deos.

217 1534 349 1586 quod
392 1535 434 1571 si
476 1534 737 1584 tenemus]
799 1531 883 1573 Iam
923 1537 963 1573 in
1006 1534 1163 1573 duobus
1202 1534 1322 1574 codd.
1363 1535 1558 1575 ambross

101 1590 163 1648 (β
194 1596 236 1629 et
267 1588 325 1644 ys)
372 1590 523 1628 mendo
563 1589 683 1628 simul
726 1596 890 1629 retento
929 1604 975 1629 ea
1016 1596 1173 1630 tentata
1222 1597 1286 1630 est
1333 1593 1558 1641 correctio,

100 1660 203 1701 quae
236 1653 277 1686 et
308 1649 346 1685 in
381 1647 679 1697 antiquioribus
712 1652 777 1686 est
808 1649 1053 1686 editionibus
1089 1654 1129 1686 et
1160 1648 1256 1686 inde
1295 1662 1317 1686 a
1348 1649 1556 1700 Stephano

99 1709 139 1745 in
173 1706 388 1743 omnibus:
428 1702 563 1754 quod
595 1704 636 1740 si
670 1710 762 1743 est.
829 1706 943 1743 Ilaec
986 1705 1148 1755 quidem
1191 1702 1333 1758 (wenn
1374 1704 1446 1742 das
1486 1705 1561 1743 der

99 1761 192 1802 Fall
220 1760 297 1814 ist)
331 1759 382 1798 ad
412 1761 537 1798 uitam
569 1761 830 1811 pertinerent
863 1767 983 1812 atque
1014 1763 1119 1799 hanc
1151 1763 1230 1799 nim
1274 1761 1557 1799 continerent:

100 1821 132 1858 si
165 1830 312 1855 reuera
344 1821 512 1854 senatus
547 1818 696 1854 ceteris
730 1819 938 1869 specimen
980 1823 1057 1857 est.
1120 1817 1232 1856 Male
1268 1818 1418 1856 Bakius
1451 1818 1558 1855 hanc

99 1876 164 1915 his
209 1874 346 1912 uerbis
387 1875 467 1911 uim
510 1874 714 1911 contineri
754 1873 875 1912 dixit:
915 1876 982 1925 „si
1023 1887 1162 1912 uerum
1204 1875 1313 1913 est“.
1379 1873 1438 1912 Ita
1479 1874 1558 1911 dici

101 1935 288 1983 oportet:
328 1928 464 1981 quod
503 1931 544 1967 si
586 1930 658 1967 ita
691 1934 783 1970 est.
845 1931 907 1971 Cf.
941 1944 1041 1982 quae
1075 1931 1155 1968 dixi
1186 1927 1220 1969 Ι.
1249 1931 1283 1981 ᾗ.
1314 1929 1382 1970 45.
1445 1930 1558 1968 Bakii

100 1993 234 2027 autem
268 1987 493 2035 correctio,
527 1999 644 2036 qnam
677 1991 718 2024 et
749 1988 839 2038 ipse
871 1993 915 2025 ut
945 1987 1260 2039 probabiliorem
1299 1987 1464 2037 recepi,
1509 1985 1559 2023 ad

99 2048 227 2096 ipsam
266 2042 398 2094 legem
440 2047 482 2079 et
519 2043 719 2080 rationem
762 2045 946 2094 pertinet
994 2052 1123 2094 eafflie
1171 2045 1307 2081 omnia
1355 2043 1557 2081 contineri

100 2101 367 2151 significatur.
430 2096 607 2151 (Halten
637 2100 711 2137 wir
742 2099 885 2137 diesen
920 2100 1151 2138 Grundsatz
1192 2100 1298 2150 sest,
1338 2111 1382 2137 so
1421 2099 1556 2137 haben

98 2159 173 2196 wir
203 2156 332 2194 damit
361 2152 515 2206 Alles).

212 2213 262 2251 L.
293 2209 566 2261 Lucullus]
630 2211 690 2249 De
722 2212 768 2249 L.
812 2210 996 2262 Luculli,
1041 2213 1127 2251 eius
1167 2213 1233 2263 qui
1273 2210 1556 2250 Mithridatem

102 2270 216 2318 uicit,
259 2267 446 2305 uillarum
485 2269 789 2317 magnificentia
830 2269 884 2306 cf.
928 2268 1034 2307 Plin.
1076 2270 1125 2309 1⁷1.
1170 2270 1219 2309 N.
1261 2268 1336 2318 IX,
1373 2265 1449 2316 54,
1490 2267 1555 2317 qui

102 2337 192 2362 eum
234 2335 255 2359 a
295 2323 491 2371 Pompeio
534 2323 707 2360 Xerxem
745 2329 925 2374 togatum
965 2326 1106 2363 scribit
1145 2337 1237 2363 esse
1285 2323 1556 2375 appellatum.

100 2380 184 2420 Cic
218 2379 299 2418 Off.
331 2375 365 2427 l,
398 2375 468 2417 39.
507 2377 600 2417 140.
634 2379 748 2419 Uarr
788 2381 837 2420 R
868 2381 919 2418 R.
949 2376 981 2420 Ι
1014 2395 1050 2420 c.
1086 2380 1151 2421 13.
1192 2376 1413 2428 ColumI,
1444 2378 1486 2418 4.
1518 2378 1557 2419 6

101 2435 211 2475 Uell.
244 2435 335 2473 Pat.
369 2430 427 2483 Il,
460 2433 529 2483 33,
563 2435 628 2485 qui
663 2447 756 2473 eum
789 2436 909 2474 huius
942 2438 1134 2488 profusae
1165 2438 1207 2474 in
1239 2436 1438 2474 aedificiis
1459 2448 1557 2474 con-

100 2493 359 2543 uictibusque
400 2495 442 2528 et
482 2492 740 2542 apparatibus
783 2490 964 2530 luxuriae
994 2495 1170 2545 primum
1203 2496 1410 2531 auctorem
1442 2491 1558 2531 dicit.

101 2549 164 2589 Cf.
197 2551 321 2587 etiam
355 2560 474 2598 quem
508 2547 656 2584 Bakius
688 2547 874 2586 laudauit
903 2550 996 2589 Ath.
1027 2549 1093 2589 VI
1156 2547 1290 2588 .2ῖ4.
1318 2549 1366 2589 F.
1425 2543 1558 2586 Intel-

99 2604 241 2655 ligitnr
282 2608 416 2643 autem
451 2602 547 2641 nilla
580 2605 666 2641 eius
700 2603 931 2642 'lusculana
972 2604 1103 2659 (Plut.
1126 2562 1242 2644 pLuc.
1283 2618 1316 2645 e.
1346 2602 1413 2644 39.
1444 2601 1556 2656 43),

101 2664 216 2700 cuius
248 2661 591 2711 magnificentiam
624 2659 793 2698 Lucullo
829 2663 1147 2712 exprobrauerat
1180 2662 1372 2699 Gabinius
1404 2666 1454 2699 tr.
1480 2661 1554 2711 pl.,

102 2731 191 2756 cum
223 2719 478 2768 rogationem
512 2729 623 2754 snam
657 2716 707 2754 de
741 2716 849 2755 bello
877 2719 1053 2771 piratico
1085 2719 1126 2755 in
1166 2719 1335 2768 gratiam
1369 2718 1554 2769 Pompeii

101 2774 308 2817 suaderet.
341 2772 405 2817 Cf.
438 2772 523 2814 Cic.
557 2786 632 2826 pro
666 2773 774 2814 Sest.
808 2772 877 2825 43,
911 2772 977 2815 93.
1011 2778 1053 2814 et
1080 2772 1215 2815 Halm.
1249 2773 1299 2813 ad
1330 2773 1368 2812 b.
1400 2772 1426 2813 l.
