1781 3192
211 200 273 237 (52
781 201 851 240 DE
882 201 1113 241 LEGIBUS

325 313 359 363 ξ.
399 312 466 353 34.
538 311 667 349 unde
705 313 803 363 est]
874 314 934 352 Ex
979 314 1132 353 codicis
1187 315 1297 355 arch.
1353 315 1503 354 mendo
1545 318 1683 356 unde

212 371 345 407 enim
379 368 500 406 malui
534 381 623 405 cum
656 368 766 409 Man.
804 371 900 408 nau.
933 371 1030 411 Ern.
1073 371 1218 420 Wagn.
1258 372 1426 410 efficere
1466 374 1573 422 quod
1619 379 1684 412 est

210 427 250 463 in
288 427 353 464 Dr.
402 427 437 464 1.
477 430 519 462 et
561 422 641 475 pal.
675 423 713 464 3.
756 426 889 464 unde
932 434 1041 478 est,
1085 440 1200 477 quam
1242 440 1333 465 cum
1367 428 1600 469 Goerenzio
1641 436 1685 468 et

209 482 379 531 reliquis
421 480 554 518 unde
595 482 778 531 etiam,
817 483 925 533 qnod
964 486 1004 521 in
1045 484 1203 521 duobus
1244 484 1366 522 codd.
1400 498 1446 522 se
1476 488 1683 537 reperisse

211 538 335 574 Goer.
378 537 489 576 dixit.
558 535 690 574 Multo
732 540 840 577 enim
881 541 1013 577 minus
1053 540 1094 577 h.
1135 539 1163 578 l.
1204 539 1468 579 desideratur
1505 542 1683 593 augendi

207 592 406 644 particula
439 594 613 642 etiam,
648 607 764 644 quam
798 597 965 633 uerbum
1002 601 1095 634 est.
1137 595 1202 634 Cf.
1237 597 1363 635 Tusc.
1396 594 1476 648 Ill,
1508 599 1578 648 26,
1611 598 1682 639 62·

209 647 291 699 (ex
336 650 426 687 hac
470 651 722 701 opinione
761 657 882 689 sunt
920 652 1017 690 illa
1059 653 1204 690 uaria
1233 658 1286 690 et
1317 653 1684 693 detestabilia

208 719 400 756 genera
444 704 744 758 loquendi).
814 709 1006 747 Ceterum
1056 710 1177 746 huius
1229 709 1515 760 Pythagoreae
1565 712 1680 749 uocis

208 775 367 799 causam
402 762 498 800 inde
532 764 797 813 repetendam
833 777 925 803 esse
957 767 1179 816 significat,
1215 765 1322 816 quod
1353 767 1413 803 ius
1445 772 1590 806 natura
1622 768 1679 805 sit

209 820 397 856 omnibus
430 818 568 856 datum
600 832 677 858 nec
711 820 865 859 utilitas
905 835 925 859 a
958 824 1047 860 iure
1080 822 1260 872 disiungi
1293 825 1439 873 possit.

320 887 411 926 illa
454 888 788 938 Pythagorae
829 888 941 939 uox]
1012 890 1172 940 Uerba,
1218 903 1318 941 quae
1357 892 1397 927 in
1439 889 1527 928 cod.
1570 889 1681 928 arch.

209 941 349 994 erant,
384 945 444 982 de
478 946 712 982 amicitia
744 944 895 983 locus
937 959 1030 983 num
1071 945 1204 984 locum
1252 947 1547 997 occupauerint
1584 959 1681 984 uer-

207 1002 347 1038 borum
383 1001 618 1050 Ciceronis,
658 1003 802 1052 quibus
844 1002 954 1040 illam
993 1002 1252 1053 Pythagorae
1309 1016 1451 1041 uocem
1492 1002 1681 1041 declara-

207 1059 331 1107 uerit,
365 1058 540 1095 dubitari
574 1063 729 1109 potest.
799 1059 964 1096 Etenim
1007 1061 1040 1097 si
1082 1061 1216 1097 uerbis
1257 1057 1396 1096 latinis
1437 1072 1525 1097 eam
1570 1064 1682 1097 esset

206 1114 522 1165 interpwtatus,
556 1113 771 1152 intellectu
806 1114 977 1153 difficile
1019 1120 1157 1165 esset,
1200 1115 1403 1166 quomodo
1443 1114 1510 1153 uel
1550 1114 1680 1153 leuis-

209 1171 353 1208 simum
396 1172 483 1209 eius
528 1172 588 1208 rei
633 1173 850 1222 uestigium
894 1173 1152 1220 euanuisset3
1208 1184 1284 1209 nec
1332 1185 1429 1209 uero
1479 1173 1565 1209 ueri
1619 1175 1682 1208 est

207 1226 341 1265 simile
381 1241 527 1278 graeca
570 1228 826 1278 Pythagorae
867 1229 991 1266 uerba
1035 1242 1056 1265 a
1089 1229 1289 1265 Cicerone
1335 1241 1427 1265 esse
1473 1232 1681 1278 usurpata,

209 1284 390 1322 immixta
431 1284 596 1334 latinis,
639 1284 679 1321 id
726 1284 831 1335 quod
872 1283 1082 1336 plerisque
1112 1297 1355 1336 persuasum
1389 1284 1484 1322 fuit.
1547 1284 1680 1321 inter-

208 1352 360 1390 cidisse
412 1354 520 1390 enim
573 1353 675 1390 hacc
715 1357 860 1403 putant
899 1338 962 1386 ’τὰ
1009 1341 1115 1386 Τῶν
1161 1341 1341 1399 φίλων
1388 1337 1544 1387 ποινὰ
1590 1342 1680 1386 καὶ

203 1414 373 1469 (Lami).
417 1425 459 1457 ct
498 1421 605 1460 Mos.
649 1418 718 1473 et)
761 1408 955 1466 φῖλῖαν
1008 1405 1242 1468 ἰσότητα.
1307 1421 1364 1458 Ut
1403 1421 1534 1459 fatear
1572 1419 1681 1473 quod

207 1476 366 1525 sentio,
414 1489 491 1514 nec
537 1475 663 1514 latina
715 1490 791 1526 ego
843 1490 931 1514 cum
981 1477 1132 1514 Rathio
1187 1476 1312 1513 uerba
1362 1475 1559 1516 desidero
1604 1490 1680 1515 nec

206 1544 371 1582 graeca,
407 1546 495 1570 cum
531 1538 571 1570 et
603 1534 642 1570 in
675 1532 817 1583 uulgus
848 1538 945 1571 nota
977 1539 1089 1570 esset
1122 1530 1190 1571 illa
1213 1545 1305 1581 uox,
1339 1546 1457 1584 qnam
1483 1534 1680 1572 Timaeus

206 1587 313 1638 apud
343 1590 460 1639 Diog.
491 1589 634 1627 Laert.
672 1590 776 1638 vill,
818 1589 877 1629 10.
920 1594 961 1627 et
1000 1590 1147 1628 Donat.
1189 1589 1240 1627 ad
1284 1590 1382 1628 Ter.
1414 1588 1594 1642 Adelph.
1628 1589 1679 1639 V,

206 1643 242 1683 3.
282 1643 343 1684 18.
406 1646 668 1696 I'Jthagorac
701 1648 899 1695 tribuunt,
933 1652 975 1684 ut
1007 1644 1094 1683 solo
1125 1647 1369 1697 pronomine
1402 1649 1533 1697 possit
1559 1659 1679 1685 mon-

206 1702 325 1738 strari
349 1700 409 1756 (v.
436 1699 492 1752 ll,
528 1703 585 1742 17.
613 1700 725 1755 42),
759 1716 834 1740 nec
858 1708 1028 1753 propter
1050 1715 1111 1751 ea,
1145 1715 1246 1752 quae
1277 1707 1502 1751 sequuntur
1532 1702 1581 1756 (q
1595 1702 1678 1740 uid

207 1759 340 1796 enim
369 1759 606 1810 estquod
635 1759 876 1809 disserat,
911 1772 1018 1797 cum
1054 1760 1160 1796 sint
1191 1763 1374 1796 cuncta
1407 1757 1594 1812 paria),
1626 1759 1678 1796 de

206 1812 282 1851 alia
315 1817 447 1866 possit
480 1817 647 1867 c0g1tari
682 1817 759 1854 nisi
793 1814 876 1865 illa,
908 1829 1024 1866 quam
1050 1820 1091 1852 et
1109 1815 1332 1852 Terentius
1354 1813 1382 1853 l.
1409 1816 1438 1853 l.
1461 1821 1502 1853 et
1533 1816 1677 1853 Cicero

207 1870 258 1909 dc
278 1872 358 1911 (Ηί’.
381 1873 408 1922 Ι,
436 1872 499 1913 16.
519 1874 587 1913 51.
614 1874 653 1910 in
674 1874 921 1910 Graecorum
948 1872 1168 1923 prouerbio
1195 1870 1328 1908 fuisse
1351 1870 1491 1909 dicunt
1522 1869 1678 1925 (com-

204 1930 372 1967 munia
404 1943 517 1967 esse
550 1931 824 1967 amicorum
857 1925 1062 1980 omnia).
1119 1928 1203 1964 Nec
1236 1932 1372 1965 tamen
1408 1929 1464 1965 ita
1497 1941 1554 1965 ex
1586 1940 1678 1978 qua

206 1986 465 2024 scribendum
494 1999 588 2024 esse
611 1988 762 2024 Rathio
787 1987 990 2023 assentior
1013 1998 1085 2035 pro
1112 1997 1167 2021 ex
1192 1997 1298 2034 quo.
1354 1984 1543 2022 Pertinet
1567 1986 1674 2022 enim

203 2055 430 2093 pronomen
464 2042 515 2081 ad
547 2045 814 2092 sententiam,
848 2056 965 2092 quam
991 2041 1251 2091 Pythagorea
1286 2053 1390 2079 uoce
1423 2043 1676 2091 continetur,

202 2111 282 2136 non
319 2100 369 2137 ad
402 2102 532 2151 ipsum
572 2101 718 2137 uocis
752 2098 1003 2136 uocabulum.

319 2167 450 2206 hanc
483 2170 576 2205 ben
593 2165 906 2204 euolentiam
936 2167 959 2204 i.
991 2179 1023 2204 e.
1067 2178 1181 2216 eam,
1229 2178 1344 2215 quam
1378 2178 1469 2203 esse
1502 2178 1677 2204 necesse

206 2228 284 2273 cst,
319 2225 352 2261 si
384 2225 684 2273 Pythagoream
718 2222 828 2260 illam
863 2236 1003 2260 uocem
1037 2225 1259 2272 sequimur.

318 2290 642 2341 quibusdam]
712 2291 919 2328 Notantur
956 2291 1174 2342 Epicurei,
1227 2291 1292 2341 qui
1333 2291 1553 2327 amicitiam
1595 2303 1674 2328 non

203 2359 280 2398 per
305 2359 366 2396 se,
400 2347 472 2385 sed
498 2346 687 2384 utilitatis
714 2352 755 2384 et
776 2346 997 2398 uoluptatis
1024 2361 1143 2385 causa
1164 2346 1434 2398 expetendam
1462 2345 1677 2388 duxerunt.

318 2403 512 2454 nihilo]
580 2404 660 2441 l'ro
704 2405 919 2442 uerissima
959 2403 1035 2442 hac
1072 2406 1333 2453 coniectura,
1377 2415 1478 2454 quae
1512 2406 1552 2440 et
1580 2416 1677 2454 per-

204 2464 327 2511 petua
364 2460 573 2500 Ciceronis
611 2461 908 2498 consuetudine
947 2465 989 2499 et
1027 2460 1241 2499 meliorum
1295 2458 1480 2497 codicum
1532 2464 1675 2497 aucto-

205 2517 330 2554 ritate
381 2520 554 2564 nititur,
604 2517 792 2555 Dauisius
845 2517 1095 2556 deteriorum
1143 2516 1330 2555 codicum
1378 2516 1673 2554 correctionem

206 2574 284 2611 uti
312 2574 450 2612 nihil
483 2575 702 2625 expressit.

319 2630 443 2681 quid
477 2633 608 2669 enim
641 2631 741 2681 est]
803 2630 956 2668 Contra
998 2630 1161 2669 codices
1193 2629 1298 2668 male
1330 2629 1428 2667 Dau.
1455 2628 1589 2666 Beier.
1622 2626 1675 2666 de

208 2687 286 2726 Off.
318 2683 400 2738 ΙΙΙ,
432 2685 471 2727 9.
503 2686 573 2728 38.
606 2687 711 2725 Mos.
744 2687 866 2738 quid
898 2692 981 2725 est
1013 2688 1160 2726 enim.
1221 2685 1326 2724 Uide
1357 2697 1462 2735 quae
1494 2684 1574 2723 dixi
1607 2684 1674 2735 ΙΙΙ,

211 2743 276 2793 15,
307 2743 374 2784 33.
448 2745 507 2782 De
547 2745 622 2782 hac
663 2742 841 2782 Tulliani
892 2745 1094 2782 sermonis
1142 2743 1419 2795 proprietate,
1471 2755 1547 2791 qua
1595 2746 1676 2780 est

211 2801 351 2851 quod
391 2800 622 2839 differat
675 2800 783 2839 idem
829 2806 893 2839 est
938 2806 1059 2851 atque
1115 2799 1396 2838 discrimen
1446 2804 1528 2837 est
1571 2798 1675 2836 dixit
