1781 3192
454 188 616 226 LlBElt
650 186 909 226 TERTlUS.
963 185 1062 225 Cn».
1099 187 1184 226 Vll.
1464 185 1554 223 275

83 316 177 342 non
228 306 280 340 ut
324 315 345 339 e
391 299 616 339 militari
666 298 1032 349 tabernaculo,
1082 298 1172 336 sed
1221 302 1272 336 ut
1317 311 1339 336 e
1380 297 1547 336 Theo-

81 360 319 412 phrasti,
353 357 659 407 doctissimi
708 357 949 406 nominis,
984 352 1356 408 umbraculis);
1408 354 1548 392 addita

83 417 136 454 «le
177 417 245 453 Or.
281 416 320 465 Ι,
363 414 430 454 34.
471 414 562 454 ¹57.
631 414 983 464 Praepositionem
1033 415 1080 450 in
1127 414 1217 450 sine
1267 413 1373 449 iusta
1422 411 1545 450 codd.

84 473 330 511 auctoritate
363 475 529 522 praeter
555 471 845 507 necessitatem
878 468 1068 507 delerunt
1102 469 1243 508 Lamb.
1276 467 1377 506 Ern.
1400 468 1544 520 Wagn.

83 530 206 568 Goer.
241 528 339 565 Sch.
400 528 464 564 Cf.
497 539 600 577 quae
631 525 712 564 dixi
746 522 802 567 ll.
835 526 868 576 ᾗ.
903 525 944 565 2.

194 585 329 627 ΙΊῙ.
395 583 427 633 §-
468 585 527 623 15.
589 583 815 633 aliquem
850 582 908 620 de
940 582 1133 632 tribus]
1195 581 1458 632 Perspicuum
1482 585 1548 619 est

82 641 262 680 Marcum
315 641 552 689 significari.
624 639 815 677 Ceterum
866 653 980 689 quam
1031 638 1191 676 laudem
1234 638 1272 677 h.
1302 637 1327 678 l.
1367 639 1547 676 Atticum

80 697 155 734 sibi
193 696 439 734 tribuentem
475 697 591 746 facit,
621 696 791 733 eandem
827 698 900 734 sibi
936 698 1023 747 ipse
1055 696 1198 733 tribuit
1218 694 1308 732 loco
1335 708 1355 732 a
1381 694 1546 731 Mosero

79 751 244 790 laudato
277 751 329 789 de
360 754 464 804 Rep.
499 750 531 803 l,
563 753 602 794 8.
670 754 770 790 (lum
816 753 959 790 eodem
1002 752 1212 790 Demetrio
1252 763 1297 788 se
1339 754 1548 802 comparat

79 814 122 847 et
163 807 211 902 acll
256 807 491 860 disputandi
531 808 799 848 subtilitatem
840 815 881 847 et
920 809 969 847 ad
1008 809 1175 847 forense
1217 806 1381 846 dicendi
1414 819 1544 858 genus

82 866 159 904 Off.
214 892 226 914 ,
264 864 297 904 l.
330 866 367 905 3.

194 924 492 971 quaesitum
520 924 685 973 igitur
709 923 768 959 ab
796 921 911 960 illis
937 921 1032 972 est]
1084 922 1142 959 Ex
1166 918 1400 958 melioribus
1424 918 1543 960 codd.

77 979 186 1016 hunc
211 980 427 1017 uerborum
455 979 637 1017 ordinem
663 993 751 1017 cum
775 979 898 1017 Bakio
926 980 1063 1030 recepi
1089 982 1182 1015 ante
1204 978 1283 1014 iam
1308 980 1545 1027 susceptum

77 1049 99 1073 a
138 1035 250 1073 Uict.
295 1036 432 1076 Lamb.
484 1036 580 1075 Ern.
636 1036 848 1086 WagnerO.
901 1036 1200 1085 quaesitum
1249 1033 1414 1083 igitur
1465 1036 1548 1070 est

76 1093 294 1141 Danisins,
348 1093 651 1142 quaesitum
702 1096 789 1129 est
837 1093 1002 1142 igitur
1043 1091 1231 1128 Moserus
1283 1093 1325 1126 et
1366 1087 1548 1126 Orelliufl

78 1149 360 1198 scripserunt3
394 1148 516 1188 Goer.
549 1153 592 1185 et
622 1148 716 1187 Sch.
751 1152 834 1185 est
864 1159 1030 1199 prorsus
1058 1145 1264 1185 delerunt.
1313 1144 1378 1182 Cf.
1405 1143 1544 1184 Madu.

75 1204 129 1243 de
161 1205 250 1244 Fin.
282 1217 321 1255 p.
355 1204 449 1243 772.
489 1204 611 1254 Seyff.
656 1203 704 1241 ad
746 1202 858 1244 Lael.
891 1216 930 1254 p.
963 1201 1073 1253 509,
1113 1202 1180 1251 qui
1212 1199 1352 1238 laudat
1383 1201 1542 1241 Muetz.

76 1260 127 1300 ad
156 1260 268 1300 Curt.
307 1256 428 1310 VIII,
466 1259 499 1300 1.
533 1260 571 1301 6.
603 1272 639 1311 p.
671 1259 766 1300 722.

191 1329 321 1354 unus
354 1317 738 1368 magistratus,
771 1317 834 1354 cui
868 1313 1017 1366 reliqui
1049 1317 1236 1367 pareant,
1268 1315 1356 1352 siue
1387 1313 1422 1351 is
1443 1326 1546 1351 {inus

78 1377 144 1410 est
173 1373 295 1410 homo
332 1374 421 1410 siue
452 1371 607 1424 plures,
640 1377 706 1410 est
736 1385 917 1411 summus
949 1373 1008 1409 rei
1051 1369 1239 1423 publicae
1282 1371 1546 1421 magistratus

78 1425 184 1480 (non
216 1425 327 1481 rex),
360 1430 474 1466 cuius
506 1433 714 1480 potestate
745 1426 891 1478 reliqui
924 1440 1066 1465 omnes
1095 1430 1339 1475 teneantur3
1371 1425 1413 1463 id
1437 1425 1546 1476 quod

78 1489 249 1535 apparet
270 1497 318 1521 ex
340 1485 427 1522 his:
461 1484 597 1534 quod
619 1485 822 1522 exactis
847 1485 1056 1535 regibus
1076 1485 1168 1523 int.
1194 1480 1324 1534 plac.
1347 1483 1547 1520 nostris

76 1542 387 1580 maioribus.
449 1540 655 1591 Singulari
686 1544 823 1579 autem
858 1540 934 1578 hac
963 1544 1172 1591 potestate
1205 1539 1356 1577 exactis
1378 1540 1544 1589 regibus

78 1595 268 1634 consules
310 1609 403 1634 esse
448 1610 543 1634 usos
577 1597 667 1635 Liu.
700 1597 758 1647 ll,
803 1598 839 1637 1.
880 1595 1063 1636 tradidit.
1124 1594 1202 1632 lam
1245 1596 1546 1633 sententiarum

76 1654 181 1690 ratio
226 1657 269 1689 ut
308 1665 475 1703 prorsus
518 1659 749 1703 constaret,
787 1653 846 1690 sic
892 1654 1017 1691 scribi
1068 1653 1269 1704 oportuit:
1319 1653 1543 1702 „quoniam

74 1707 213 1759 regale
243 1710 421 1746 ciuitatis
454 1722 585 1759 genus
619 1710 878 1761 repudiatum
912 1713 977 1747 est
1009 1722 1056 1746 ac
1090 1720 1239 1746 nomen
1272 1712 1409 1746 tamen
1451 1713 1544 1746 tan-

73 1770 159 1804 tum
191 1766 301 1814 regis
334 1765 540 1803 uidebitur
569 1767 848 1817 repudiatum,
882 1767 915 1804 si
942 1778 1047 1804 unus
1072 1765 1258 1804 omnibus
1280 1765 1542 1815 magistratus

75 1823 311 1873 imperabit,
346 1835 424 1859 non
459 1824 548 1859 sine
580 1836 699 1861 eausa
733 1822 839 1874 apud
871 1836 945 1860 nos
979 1822 1217 1860 consulibus
1247 1822 1424 1872 oppositi
1449 1824 1545 1859 sunt

72 1878 274 1917 tribuni“.
339 1878 423 1916 Sed
463 1880 572 1916 sacto
614 1877 778 1933 (regum
820 1876 1075 1931 expulsioni)
1114 1879 1299 1915 annectit
1344 1879 1544 1916 obserua-

75 1936 228 1972 tionem
264 1934 499 1985 generalem
531 1936 606 1989 (da
638 1949 727 1973 man
763 1948 842 1973 nun
876 1937 978 1974 eben
1014 1934 1082 1973 die
1114 1932 1349 1985 konigliche
1381 1933 1543 1972 Gewalt

73 1991 190 2029 nicht
221 1991 293 2028 hat
323 1991 454 2029 haben
488 1992 655 2042 wollen,
688 2005 733 2030 so
768 1992 866 2030 wird
899 1991 1004 2030 doeh
1034 2004 1111 2028 nur
1142 1990 1216 2028 der
1238 1987 1388 2040 kiinigl.
1413 1990 1544 2028 Name

75 2047 332 2098 aufgegeben
360 2048 642 2101 erscheinen).
704 2049 839 2098 Atque
863 2049 966 2085 haec
989 2049 1075 2098 ipsa
1101 2045 1308 2097 generalis
1338 2048 1544 2084 sententia

75 2103 238 2153 effecit,
281 2108 325 2141 ut
366 2104 518 2142 deinde
553 2118 632 2143 non
672 2103 800 2142 solum
842 2106 1049 2153 tribunos,
1092 2103 1166 2141 sed
1206 2103 1383 2155 ephoros
1415 2105 1541 2141 etiam

77 2165 431 2198 commemoraret.

186 2216 218 2265 ξ.
256 2215 318 2257 16.
380 2230 401 2254 a
434 2215 796 2268 Theopompo]
860 2215 1051 2267 Ephoros
1084 2214 1257 2267 Spartae
1286 2227 1375 2253 cum
1409 2217 1544 2266 magi-

75 2273 292 2320 stratibus,
331 2277 415 2309 tum
456 2275 620 2323 regibus
661 2286 754 2311 esse
787 2274 1001 2324 oppositos
1038 2271 1086 2309 ad
1117 2276 1366 2323 potestatem
1402 2285 1543 2310 eorum

76 2325 370 2365 moderandam
414 2330 514 2365 satis
553 2333 727 2368 constat.
769 2329 834 2367 Cf.
874 2329 960 2368 Cic.
1001 2327 1053 2366 de
1087 2329 1188 2380 Rep.
1224 2329 1282 2378 ll,
1325 2327 1392 2368 33.
1434 2328 1542 2370 Plat.

76 2383 200 2434 Legg.
233 2382 298 2422 ΙΙΙ.
331 2396 369 2434 p.
401 2382 496 2424 692.
561 2386 591 2422 A
623 2385 893 2436 Theopompo
928 2397 998 2423 eos
1034 2397 1129 2423 esse
1161 2386 1408 2423 constitutos
1448 2384 1541 2437 ple-

76 2440 192 2490 rique
233 2444 418 2477 ueterum
446 2443 709 2492 ¹scriptorum
749 2439 1033 2491 tradiderunt,
1074 2443 1196 2482 Arist.
1241 2439 1330 2481 Pol.
1373 2441 1432 2491 V,
1477 2441 1542 2482 11.

78 2495 153 2534 Dio
186 2495 332 2545 Chrys,
364 2495 464 2537 LVl.
491 2510 530 2548 p.
564 2496 659 2538 565.
702 2503 744 2543 et
777 2509 875 2546 quos
907 2498 1033 2536 Gzius
1073 2496 1212 2536 laudat
1239 2496 1349 2538 Plut.
1389 2499 1484 2550 Lyc.
1518 2499 1542 2538 7

77 2556 121 2590 et
151 2551 218 2592 27.
254 2551 343 2591 Ual.
376 2552 481 2593 Max.
516 2553 585 2603 lV,
622 2553 656 2594 1.
688 2552 726 2594 8.
786 2553 958 2592 Addidit
993 2554 1142 2593 Bakius
1175 2555 1381 2605 Archytae
1417 2556 1542 2593 testi-

78 2610 260 2647 monium
294 2622 359 2660 ap.
394 2609 507 2649 Stob.
530 2610 672 2659 XLllI,
709 2608 800 2650 134.
862 2610 944 2663 Ipsi
968 2611 1151 2663 Lycurgo
1183 2613 1367 2650 tribuunt
1385 2612 1484 2652 Her.
1504 2608 1541 2662 I,

78 2663 147 2706 65.
189 2664 294 2705 Plat.
337 2666 414 2717 Ep.
446 2667 546 2707 V111.
586 2680 625 2719 p.
654 2665 748 2707 354.
790 2667 838 2706 A.
899 2668 1016 2717 Quod
1055 2670 1091 2706 si
1146 2682 1285 2707 uerum
1329 2673 1416 2719 est,
1463 2668 1542 2705 hoc

80 2726 217 2760 tamen
250 2727 414 2760 constat
443 2736 549 2774 eam,
580 2737 697 2775 quam
732 2724 774 2761 in
807 2724 977 2763 ciuitate
1014 2725 1255 2776 habuerint,
1291 2729 1539 2776 potestatem

82 2790 155 2816 eos
187 2791 209 2816 a
238 2778 511 2833 Theopompo
543 2794 639 2832 rege
671 2780 891 2832 accepisse.

1243 2850 1326 2886 18*
