1781 3192
231 186 324 226 264
802 182 874 220 DE
906 181 1136 222 LEGIBUS

236 298 288 338 ad
331 302 544 343 senatum,
587 307 704 344 quam
748 293 818 332 diu
869 293 976 333 ullus
1025 300 1113 333 erat
1160 296 1424 345 magistratus
1472 299 1693 347 patricius:

238 355 386 405 reliqui
427 352 719 401 magistratus,
769 363 858 388 cum
898 364 975 390 nec
1015 350 1159 389 consul
1208 364 1284 389 nec
1336 350 1513 389 dictator
1561 360 1694 404 esset,

235 413 474 459 magistratu
510 408 622 445 abire
651 407 922 458 iubebantur,
963 413 1005 446 nt
1037 409 1216 458 auspicia
1248 407 1297 445 ad
1329 414 1467 459 patres
1499 408 1693 450 redirent.

235 468 298 507 Cf.
332 464 505 504 Beckeri
536 464 630 503 Ant.
662 476 763 504 rom.
798 460 854 504 ll.
891 464 927 504 1.
960 478 1000 516 p.
1036 464 1150 513 308„
1181 465 1247 514 qui
1277 463 1385 502 idem
1417 465 1569 502 factum
1601 478 1695 504 esse

234 521 530 573 comprobauit,
573 521 606 558 si
637 519 828 558 consules
861 523 961 559 uitio
994 522 1120 559 creati
1151 522 1250 558 iussi
1281 525 1422 559 essent
1452 523 1692 572 magistratu

234 593 278 619 se
320 577 525 616 abdicare.
586 577 694 614 Iluic
735 579 882 615 rationi
926 578 1032 628 quod
1071 582 1393 616 consentaneum
1439 582 1529 627 est,
1564 577 1695 617 Tullii

233 636 359 675 uerba
390 647 438 671 ex
467 632 683 672 meliorum
717 634 836 673 codd.
871 636 1055 686 uestigiis
1098 639 1178 671 ast
1219 634 1414 684 quando
1456 634 1695 673 consulis

235 694 647 744 magistratusue
695 689 878 742 populi
918 705 1011 729 nec
1048 691 1134 731 rsit
1172 690 1378 741 reliqui
1415 693 1694 741 magistra-

233 756 314 789 tus
353 760 414 786 ne
454 751 608 784 sunto
647 747 756 785 hunc
796 749 837 785 in
873 749 1037 786 modum
1080 749 1231 786 leuiter
1281 747 1519 798 retingenda
1569 755 1693 799 puto:

237 811 319 845 ast
359 803 557 855 quando
610 803 858 842 consules
898 807 1224 855 magisterue
1262 803 1444 857 populi
1481 817 1577 842 non
1619 817 1695 843 es-

236 868 378 910 cunt,
412 858 608 911 reliqui
642 861 1002 911 magistratus
1042 874 1102 899 ne
1142 867 1317 899 sunto.
1378 861 1549 910 Mendi,
1589 861 1697 913 quod

237 921 372 958 estin
414 916 532 957 codd.
575 915 814 955 melioribus
847 930 942 956 nec
978 914 1084 967 rut,
1126 918 1240 967 origo
1281 916 1476 956 facillima
1516 918 1619 967 l'uit,
1660 918 1695 956 si

234 989 332 1015 non
364 976 554 1019 escunt
585 975 644 1011 sic
676 974 871 1024 seriPtum
898 981 1006 1012 erat:
1037 974 1189 1014 Hesefi
1206 979 1232 1014 t.
1296 975 1388 1011 Est
1412 980 1563 1024 autem,
1588 973 1695 1025 quod

237 1040 332 1086 post
364 1028 599 1069 consulis
632 1030 671 1067 in
711 1029 829 1071 codd.
871 1031 976 1069 dett.
1014 1032 1244 1082 reperitur,
1283 1033 1358 1068 iam
1392 1043 1473 1069 non
1514 1038 1612 1082 puto
1653 1033 1695 1069 in

235 1089 328 1129 cod.
361 1087 469 1126 arch.
499 1087 653 1136 fuisse,
695 1086 770 1124 sed
809 1088 1110 1125 correctionem
1149 1100 1243 1125 esse
1286 1092 1482 1125 tentatam
1517 1089 1555 1125 in
1589 1087 1694 1126 dett.

233 1151 276 1185 et
304 1144 402 1182 inde
435 1141 671 1181 translatam
704 1144 745 1180 in
777 1144 808 1180 A
831 1144 858 1180 B
884 1144 946 1184 11.
971 1144 1037 1185 65.
1075 1149 1117 1182 et
1147 1145 1180 1182 si
1213 1144 1315 1182 fides
1349 1144 1475 1182 Bakio
1507 1144 1697 1182 habenda

237 1207 316 1252 est,
349 1202 387 1237 in
421 1199 508 1237 cod.
542 1199 593 1236 Ε.

350 1258 488 1307 possi
504 1254 538 1305 t]
599 1255 680 1292 Pro
700 1254 848 1292 mendo
873 1253 964 1293 cod.
989 1256 1100 1294 arch.
1118 1257 1332 1306 possint
1355 1259 1501 1294 merito
1523 1256 1697 1295 Manutii

236 1316 512 1353 coniecturam
546 1316 744 1362 possit,
779 1324 879 1361 quae
902 1324 952 1348 ne
980 1312 1100 1349 Bakio
1127 1311 1292 1362 quidem
1320 1312 1546 1363 displicuit,
1580 1325 1696 1350 rece-

235 1374 385 1422 perunt
432 1368 555 1408 Goer.
604 1367 697 1406 sch.
744 1368 851 1404 Mos.
897 1368 968 1404 Or.
1048 1369 1214 1405 Etenim
1266 1366 1415 1418 singuli
1462 1371 1694 1420 interreges

235 1427 502 1473 creabantur,
546 1427 587 1460 et
624 1422 820 1472 singulari
858 1423 980 1460 etiam
1027 1436 1198 1460 numero
1245 1436 1338 1460 mox
1380 1424 1411 1473 ξ.
1455 1424 1520 1462 10.
1573 1427 1698 1462 utitur

236 1483 411 1532 (eique
444 1492 589 1530 quem
621 1484 799 1530 patres
832 1479 956 1529 prod
971 1482 1093 1525 unt).
1156 1480 1215 1517 De
1256 1481 1530 1530 interregibus
1563 1485 1697 1519 autem

237 1550 431 1577 successu
466 1537 661 1586 temporis
695 1535 920 1587 prodendis
953 1537 1136 1586 cogitare
1166 1535 1375 1573 inficetum
1409 1541 1487 1574 est.

350 1593 573 1644 imperia
604 1605 679 1643 per
708 1592 1001 1641 metonymiam
1035 1597 1234 1631 uocantur
1255 1594 1300 1642 ii,
1331 1594 1398 1643 qui
1425 1592 1519 1643 lege
1543 1594 1699 1632 curiata

236 1652 427 1691 instructi
461 1654 578 1687 erant
608 1650 783 1700 imperio
814 1648 979 1686 militari
1010 1650 1036 1688 i.
1071 1662 1106 1690 e.
1140 1648 1410 1701 proconsules
1435 1654 1477 1687 et
1499 1663 1696 1702 proprae-

236 1718 347 1748 tores
381 1719 457 1745 nec
488 1719 567 1743 non
601 1704 810 1753 consules,
844 1704 1021 1742 dictator
1055 1710 1096 1742 et
1120 1708 1153 1743 si
1186 1707 1251 1756 qui
1284 1705 1350 1743 alii
1385 1708 1556 1757 imperio
1587 1706 1697 1744 mili-

235 1766 313 1804 tari
356 1764 488 1802 ornati
525 1761 723 1799 aduersus
772 1761 933 1799 hostem
982 1763 1348 1813 proficiscebantur
1393 1767 1501 1811 (nam
1556 1775 1696 1815 parum

234 1826 349 1860 recte
372 1819 521 1858 Bakius
552 1818 654 1856 dixit
683 1818 790 1855 hanc
819 1817 952 1867 legem
987 1824 1141 1856 tantum
1173 1819 1224 1855 de
1255 1820 1481 1869 prouinciis
1504 1820 1698 1870 regundis

237 1884 367 1926 esse);
405 1879 637 1927 potestates
679 1880 815 1912 autem
856 1875 1125 1924 magistratus
1159 1875 1331 1925 ciuiles,
1362 1881 1405 1913 ut
1438 1881 1697 1927 quaestoreS,

236 1936 304 1986 qui
335 1945 492 1982 eorum,
524 1933 589 1982 qui
623 1944 713 1968 cum
746 1931 919 1981 imperio
944 1937 1077 1981 erant,
1108 1933 1280 1970 comites
1305 1937 1446 1982 erant3
1479 1946 1571 1972 nam
1595 1932 1699 1971 aliae

238 1994 467 2044 potestates
500 2001 547 2025 ex
579 1989 679 2025 urbe
709 2000 788 2024 non
821 1989 999 2026 exibant.

354 2060 407 2084 se
440 2049 487 2083 et
521 2043 727 2093 seruos]
791 2044 1000 2094 Fuerunt,
1034 2045 1099 2094 qui
1137 2058 1191 2082 se
1232 2049 1282 2082 et
1323 2056 1444 2082 suos
1486 2057 1697 2085 commen·

239 2103 398 2142 darent.
466 2102 523 2139 Et
559 2105 725 2152 poterat
762 2112 861 2137 sane
901 2100 1138 2152 generalius
1180 2100 1315 2151 loqui,
1356 2102 1695 2151 quemadmodum

237 2160 339 2197 fecit
367 2161 408 2196 in
439 2158 559 2197 Verr.
593 2152 651 2205 II,
690 2154 752 2195 10.
786 2154 853 2194 28.
888 2158 1110 2194 comites
1140 2159 1370 2206 nominans,
1401 2170 1479 2195 non
1505 2159 1695 2197 debebat.

237 2215 419 2255 Ministri
461 2214 596 2262 enim,
646 2224 745 2262 quos
782 2210 979 2262 plurimos
1017 2225 1153 2250 secum
1196 2213 1428 2263 habehant,
1482 2215 1695 2252 maximam

237 2275 397 2325 partem
429 2269 496 2307 uel
528 2269 637 2306 serui
671 2266 736 2305 uel
765 2267 903 2307 liberti
937 2275 1068 2318 erant,
1112 2282 1211 2320 quos
1251 2274 1293 2306 et
1331 2271 1444 2320 ipsos
1483 2283 1695 2308 seruorum

237 2329 401 2367 nomine
431 2327 472 2366 h,
501 2324 530 2363 l.
563 2324 857 2376 comprehendi
889 2338 987 2363 uere
1014 2327 1140 2363 Gzius
1175 2325 1479 2367 animaduertit.
1539 2329 1573 2366 A
1606 2328 1696 2378 qui-

236 2386 313 2423 bus
345 2383 520 2436 plurima
553 2380 844 2433 proconsulum
885 2390 952 2421 aut
992 2390 1301 2434 propi-aetorum
1342 2385 1506 2421 nomine
1537 2384 1697 2422 nefarie

238 2446 354 2493 gesta
390 2453 500 2489 esse,
529 2441 616 2489 quis
650 2436 839 2488 ignorat?
872 2440 936 2477 Cf.
970 2440 1053 2477 Cic.
1087 2441 1126 2476 in
1160 2440 1280 2479 Verr.
1315 2435 1371 2490 Il,
1412 2439 1469 2480 10.
1504 2440 1574 2480 27.

350 2495 541 2549 populi
573 2496 672 2545 sui]
734 2494 904 2547 Bakius,
938 2498 1003 2547 qui
1043 2508 1116 2548 pro
1158 2498 1262 2547 sui,
1307 2496 1412 2548 quod
1452 2496 1696 2547 abundaret,

238 2554 416 2593 coniecit
451 2554 564 2590 sine
607 2553 688 2600 ui,
737 2564 815 2589 nou
858 2553 1038 2591 attendit
1074 2553 1114 2593 h.
1154 2555 1183 2593 l.
1232 2566 1464 2592 sermonem
1504 2566 1598 2592 esse
1645 2553 1696 2592 de

236 2610 516 2665 potestatibus
547 2609 587 2646 in
620 2607 753 2646 aliena
793 2613 904 2648 terra
935 2612 1306 2661 commorantibus,
1348 2612 1414 2661 qui
1453 2612 1514 2648 sui
1556 2609 1696 2663 populi

236 2666 407 2720 gloriam
440 2677 591 2716 augere
622 2666 827 2715 iubentur,
859 2680 940 2706 non
973 2668 1077 2717 eius,
1109 2680 1280 2718 quocum
1313 2666 1395 2705 illis
1422 2679 1490 2705 res
1524 2672 1602 2706 est.

352 2727 523 2761 ratum
558 2721 688 2772 esto]
750 2721 889 2762 Sancit
921 2725 1107 2762 nimirum
1140 2724 1198 2774 id,
1231 2723 1334 2775 quod
1369 2737 1456 2762 cum
1480 2723 1569 2762 aliis
1592 2723 1695 2773 legi-

226 2782 308 2819 bus
343 2777 527 2830 (Ualeria
558 2793 590 2819 a.
624 2777 722 2829 305,
756 2778 929 2820 Publilia
953 2794 990 2821 a.
1019 2779 1155 2831 tm),
1186 2787 1267 2820 tum
1295 2782 1520 2819 Hortensia
1544 2795 1580 2820 a.
1599 2780 1693 2822 467.
