1781 3192
492 217 645 256 LIBER
680 215 900 254 le'lUS.
960 215 1056 255 (λιν.
1094 214 1175 253 ΧΙΙ.
1505 211 1564 251 59

90 345 221 370 csso.
298 332 455 370 Deinue
501 341 574 382 pro
622 333 882 378 naturam,
935 327 1043 379 quod
1089 328 1126 365 in
1174 325 1262 365 cod.
1307 324 1417 362 arch.
1464 324 1556 374 fuit,

89 389 254 427 restitui
289 402 465 425 necesse
497 394 563 425 est
584 394 796 434 natura,
831 386 870 423 id
897 385 1003 435 quod
1026 389 1119 436 post
1138 384 1310 422 Lbinum
1334 386 1377 418 et
1397 381 1557 419 Schue-

89 448 216 483 tzium
251 445 291 481 in
327 445 540 483 Addendis
574 443 708 481 denuo
741 442 1083 479 commendarunt
1116 440 1256 478 Madu.
1291 438 1343 476 de
1373 438 1462 477 Fin.
1489 438 1557 486 ΙΙΙ,

91 502 161 541 21.
196 502 243 540 71
291 506 333 537 et
356 503 588 551 'Aumptius-
659 499 758 536 Nam
801 504 913 536 recte
955 498 1103 535 dicitur
1139 498 1213 534 ius
1247 494 1431 533 natura*
1465 500 1557 533 est.

90 559 166 611 (cf.
199 554 230 606 1,
267 556 330 596 13.
365 559 433 597 3315.
473 555 502 606 Ι,
544 557 605 606 15,
637 554 740 608 42),
777 568 854 592 uon
889 556 987 592 item
1026 556 1106 592 ius
1146 554 1333 590 natura
1373 556 1454 590 est
1483 564 1556 602 pro

89 627 161 662 eo,
195 612 302 664 quod
334 613 426 651 alibi
464 616 579 664 ponit
612 614 692 650 ius
726 625 782 650 ex
822 617 1005 649 natura
1044 613 1209 648 ortum
1252 615 1329 646 est
1367 606 1426 660 (ἦ.
1460 606 1555 660 35.)

85 669 152 708 uel
186 671 266 707 ius
300 671 344 707 in
381 676 568 707 natura
602 671 833 721 positum
870 674 951 706 est
983 667 1039 719 (Q
1060 663 1177 719 34¹.);
1212 672 1254 703 et
1276 678 1397 715 quem
1421 664 1555 702 locum

87 726 138 764 ad
170 726 323 764 codicis
352 728 464 765 arch.
508 727 695 764 mendum
737 725 952 763 tutandum
996 722 1219 761 attuleruut
1259 721 1329 770 (de
1366 722 1453 759 Fin.
1487 720 1555 769 ΙΙΙ,

86 783 152 823 21.
187 783 254 822 71.
287 784 368 820 ἰυε
403 790 596 832 autem,
631 782 762 834 quod
797 784 867 820 ita
898 782 1002 819 dici
1034 778 1409 830 appellarique
1437 790 1550 829 pos-

86 841 179 889 sit,
213 839 261 876 id
292 847 537 878 naturam
573 840 736 892 csse),
777 841 809 877 is
851 844 964 876 recte
1003 851 1024 875 a
1062 835 1272 885 Maduigio
1313 834 1554 872 emendatus

41 906 50 910 ·
84 897 142 934 ita
184 901 272 945 est,
319 902 361 934 ut
400 911 472 948 pro
516 902 753 934 naturam
797 897 1038 933 restitueret
1082 898 1297 941 natura,
1352 891 1393 929 id
1445 890 1553 942 quod

84 953 216 1003 ipsum
251 966 475 1003 pronomen
508 953 554 990 id
591 952 823 991 luculentw
853 953 998 1001 arguit.
1060 951 1145 988 Nec
1178 950 1331 987 Dauisii
1376 949 1552 999 suspicio

85 1011 162 1046 sic
202 1009 449 1059 intelligi
494 1010 615 1048 uolo
658 1012 903 1061 optimam
938 1008 1116 1045 ducem
1151 1011 1383 1043 naturam
1420 1017 1552 1053 esse,

83 1079 160 1102 nec
193 1065 305 1103 Bakii
339 1068 572 1103 coniectura
605 1067 683 1103 sic
715 1064 960 1113 intelligi
996 1062 1112 1101 uolo
1145 1060 1552 1100 commendatri-

83 1135 186 1160 cem
216 1127 447 1160 naturam
482 1134 599 1159 esse
632 1134 734 1172 quae
765 1122 972 1158 refutetur
1001 1120 1121 1169 digna
1154 1123 1232 1156 est.

193 1189 439 1240 igniculi]
512 1188 645 1227 Simili
702 1188 942 1238 metaphora
1000 1189 1164 1238 saepius
1213 1185 1360 1224 Cicero
1407 1187 1550 1224 utitur.

81 1245 164 1284 Cfr.
195 1261 296 1296 quae
328 1248 460 1284 onmia
494 1248 621 1283 Goer.
657 1244 860 1283 laudauit:
903 1244 987 1281 Cic.
1032 1244 1082 1280 de
1115 1243 1208 1281 Fin.
1244 1243 1294 1292 V,
1328 1241 1367 1282 7.
1402 1242 1466 1282 18.
1504 1242 1551 1292 V,

86 1304 148 1343 15.
182 1303 250 1343 213.
314 1305 424 1341 'ruse
475 1299 554 1352 Ill,
603 1302 638 1344 1.
669 1302 732 1352 2.,
765 1302 829 1352 qui
876 1299 987 1339 locus
1032 1301 1153 1338 etiam
1204 1299 1253 1338 ad
1301 1302 1549 1337 sententiam

81 1364 221 1398 nostro
255 1360 488 1398 simillimus
520 1364 599 1398 est.

196 1427 446 1477 quomodo
480 1430 560 1465 est
592 1426 798 1476 natura]
870 1426 1020 1464 Locum
1061 1426 1161 1464 satis
1201 1422 1434 1476 expeditum
1474 1424 1551 1460 im-

82 1483 242 1535 pediuit
277 1484 424 1522 Bakius
465 1483 665 1522 iudicio
703 1488 889 1535 putare
941 1495 1094 1532 negans
1146 1482 1253 1520 bene
1290 1479 1418 1517 latine
1468 1479 1547 1517 dici

83 1540 458 1591 commendansque
499 1539 703 1578 iudicio
742 1539 1058 1590 probarent,
1111 1542 1154 1576 ut
1196 1538 1403 1576 sententia
1447 1536 1549 1574 haec

84 1601 217 1634 esset:
251 1598 292 1634 si
328 1599 429 1634 uita
463 1596 738 1647 factisque
771 1596 1064 1648 probarent
1096 1608 1147 1633 se
1179 1592 1550 1633 nihilhumani

81 1665 100 1688 a
135 1665 189 1689 se
221 1651 447 1690 alienum
481 1653 742 1690 iudicare.
803 1652 854 1689 At
886 1650 996 1689 aliud
1031 1655 1094 1688 est
1128 1653 1234 1689 uita
1277 1650 1549 1700 factisque

78 1708 339 1757 iudicare,
384 1709 513 1746 ueluti
552 1708 651 1746 dicit
692 1709 775 1746 Cic.
811 1706 862 1745 de
905 1708 984 1745 Off.
1029 1704 1062 1757 Ι,
1095 1707 1164 1748 4'3.
1204 1706 1294 1748 154.
1338 1718 1389 1743 re
1431 1707 1548 1757 ipsa

80 1764 324 1802 ostendit
366 1769 416 1802 et
452 1764 681 1814 iudicat,
725 1763 835 1802 aliud
875 1763 1076 1802 iudicio
1107 1766 1344 1816 probare.
1404 1762 1546 1812 Facto,

80 1822 170 1872 quia
193 1835 214 1858 a
233 1821 384 1859 iudicio
407 1822 697 1872 proficiscitur,
731 1820 922 1858 iudicium
947 1819 1145 1858 declarari
1165 1824 1318 1873 potest,
1351 1818 1547 1857 iudicium

78 1891 154 1929 per
193 1890 236 1914 se
276 1879 451 1928 positum
500 1891 578 1915 uon
619 1882 759 1928 potest
796 1875 919 1914 simul
959 1877 1010 1915 ad
1050 1878 1200 1915 sactum
1231 1877 1394 1915 referri,
1456 1876 1547 1913 Non

81 1934 233 1971 dicitur
263 1933 423 1984 quidem
451 1933 543 1972 alibi
578 1934 777 1971 iudicio
810 1938 1023 1984 putat-(23
1064 1934 1141 1972 hoc
1182 1933 1271 1973 loco
1314 1935 1544 1986 oppositum

81 1995 266 2028 natura
299 1990 440 2040 efficit,
473 1996 515 2029 ut
547 1989 666 2027 aliter
697 1990 776 2028 dici
800 1996 989 2040 nequeat.
1048 1992 1207 2041 Opponi
1232 1991 1337 2028 enim
1363 1990 1548 2042 oportuit

83 2047 147 2094 id,
189 2045 293 2097 quod
329 2052 472 2085 natura
506 2051 642 2096 esset,
677 2048 741 2097 ei,
782 2046 887 2097 quod
924 2047 1078 2085 iudicio
1121 2049 1406 2085 contineretur
1447 2044 1548 2100 (der

82 2103 281 2153 objective
313 2103 580 2142 Sachverhalt
624 2103 698 2140 der
740 2104 995 2154 subjectiien
1029 2100 1296 2157 Auffassung)
1335 2116 1410 2141 nec
1453 2116 1544 2140 cum

77 2164 219 2197 natura
269 2166 513 2211 congrueret
563 2157 622 2213 (ξ.
657 2157 721 2199 29.
763 2160 889 2197 Tusc.
922 2160 1000 2210 ΙΙΙ,
1045 2160 1080 2199 1.
1115 2157 1194 2212 2.)
1267 2161 1403 2198 Uerba
1451 2164 1546 2197 sunt

77 2215 266 2253 Terentii
300 2218 338 2254 in
372 2217 518 2256 Heaut.
553 2217 582 2266 l,
622 2216 656 2256 1.
687 2216 768 2257 25:
801 2217 953 2254 homo
987 2229 1113 2266 su¹n;
1155 2217 1365 2254 humani
1405 2215 1543 2253 nihil

75 2286 95 2309 a
128 2286 201 2309 me
233 2271 458 2311 alienum
490 2278 640 2325 puto,
685 2287 853 2324 quorum
889 2274 1136 2311 sententiam
1171 2273 1317 2311 Cicero
1348 2274 1440 2325 ipse
1472 2284 1542 2310 ex-

75 2327 255 2380 planauit
288 2329 338 2366 (le
370 2329 463 2367 Fin.
498 2330 564 2379 ΙΙΙ,
601 2327 664 2370 19.
698 2329 767 2370 63.
800 2333 843 2366 et
874 2328 924 2366 de
957 2329 1034 2368 Off.
1064 2330 1093 2380 l,
1129 2328 1167 2369 9.
1199 2329 1264 2370 30.

189 2409 209 2432 a
239 2396 442 2447 natura]
504 2397 865 2448 Praepositionem
906 2411 927 2435 a
958 2397 1068 2437 Man.
1101 2402 1143 2436 et
1174 2397 1313 2437 Lamb.
1347 2397 1539 2434 omissam

74 2451 288 2491 meliorum
322 2452 508 2491 codicum
542 2454 788 2491 auctoritate
819 2454 985 2492 retinui.
1019 2454 1074 2493 cf.
1106 2454 1139 2505 ᾗ.
1179 2453 1244 2495 16.

187 2532 312 2570 ergo
346 2524 397 2557 et
426 2518 528 2570 lex]
590 2520 828 2558 Orationem
861 2534 950 2560 cum
979 2522 1153 2573 primum
1188 2523 1245 2561 ita
1275 2522 1541 2570 instituisset,

76 2579 189 2627 quasi
228 2590 277 2614 ex
318 2575 462 2615 eadem
494 2577 774 2627 propositione
805 2576 883 2615 duo
914 2578 1134 2629 quaedam,
1172 2591 1273 2630 quae
1296 2580 1381 2630 pari
1405 2579 1542 2629 digni-

75 2637 158 2670 tate
189 2638 349 2682 essent‚
381 2632 646 2670 confecturus
678 2637 792 2671 esset
823 2637 895 2682 (et
924 2634 1006 2673 lex
1043 2639 1093 2673 et
1134 2636 1257 2685 ius),
1294 2634 1445 2673 leuiter
1485 2637 1543 2673 ita

76 2687 245 2739 inflexit,
281 2694 327 2728 ut
363 2702 469 2727 noua
510 2687 775 2729 conclusione
821 2689 995 2730 alterum
1044 2704 1093 2730 ex
1141 2690 1272 2731 altero
1318 2693 1543 2730 conficeret

77 2742 145 2793 (si
174 2742 279 2795 lex,
308 2748 387 2784 ius
421 2742 658 2798 quoque).

188 2815 239 2848 et
269 2814 471 2851 omnibu
484 2814 522 2864 s]
583 2813 659 2852 His
686 2816 822 2853 uerbis
852 2817 1144 2855 assumtionem
1179 2820 1296 2868 patet
1327 2818 1546 2857 contineri.

1268 2883 1327 2904 4⁶*
