1781 3192
422 207 575 245 Limen
612 203 909 243 SECUNDUS.
967 201 1065 239 CAP.
1101 201 1190 239 ΥΙΙ.
1449 197 1534 235 1117

192 321 221 371 ξ.
260 321 322 358 ili.
382 323 464 356 aut
494 332 513 355 a
543 316 688 365 uera}
752 315 1058 353 correctionem
1093 314 1132 350 in
1162 311 1280 351 codd.
1307 310 1528 347 deteriori-

78 379 151 414 bus
185 383 381 414 tentatam
416 388 489 422 ego
521 372 670 410 nullam
705 373 854 422 probo,
898 384 973 408 nec
1014 383 1125 418 eam,
1166 382 1269 419 quae
1302 368 1397 405 Dan.
1431 366 1527 403 Ern.

81 434 281 478 ”agriem
314 431 466 482 placuit
510 443 561 468 ac
602 441 749 475 uera,
790 440 866 464 nec
908 440 1021 475 eam,
1067 439 1181 477 quam
1225 430 1318 475 post
1355 422 1527 459 Lbinum

81 489 226 526 lialxius
259 489 447 538 probauit
478 493 526 524 et
558 498 676 522 uera
708 484 790 537 (rei
823 483 932 520 utilis
966 489 1007 520 ct
1039 496 1159 520 uerae
1191 483 1399 527 notiones,
1439 481 1530 528 quia

81 552 293 592 utrumque
329 542 478 579 deinde
511 543 726 592 separatim
762 541 955 590 disputat,
990 539 1126 575 addita
1161 536 1469 589 praepositione-
1492 545 1529 576 a

81 601 254 647 disiungi
292 611 462 635 neccsse
503 601 612 649 cst),
661 610 737 634 nec
789 596 968 644 (lenique
1009 608 1124 643 eum,
1176 607 1292 644 quam
1343 591 1530 642 plerique

78 660 323 704 receperunt
367 660 417 690 ct
456 668 475 691 a
519 667 651 691 uera.
713 655 823 701 Quae
863 653 939 689 etsi
981 665 1056 702 per
1098 664 1141 688 sc
1184 653 1269 700 ipsa
1309 661 1406 685 uera
1448 650 1529 694 est,

79 723 157 748 non
192 716 324 747 tamen
361 710 470 747 illam
507 713 544 747 in
587 709 673 747 cod.
712 710 823 746 areli.
861 709 993 745 fuisse
1036 709 1118 744 ueri
1162 714 1225 743 est
1265 702 1416 753 simile,
1457 700 1532 739 sed

78 766 267 804 mendum
303 772 389 802 aut
421 780 625 815 auersa,
659 765 765 803 unde
797 767 834 802 in
869 765 987 804 codd.
1012 763 1252 811 A1511.o⁴5‚
1285 760 1391 811 quod
1420 758 1527 796 idem

81 824 187 859 Uict.
229 821 377 870 habet,
420 825 566 860 merito
603 822 793 859 effectum
836 826 899 859 est
941 826 1021 858 aut
1061 834 1081 856 a
1123 832 1266 866 uera3
1310 830 1401 854 nam
1444 818 1532 851 aut

79 890 201 927 saepe
242 879 297 913 ita
330 885 567 928 usurpatur,
609 883 652 915 ut
691 881 729 915 in
772 877 903 915 locum
948 877 1117 914 alicuius
1158 877 1216 912 rei
1260 875 1531 912 substituatur

78 932 246 982 aliquid,
287 947 364 982 quo
404 934 637 972 distinctius
671 948 758 983 res,
797 947 913 984 quam
947 932 1157 970 declarare
1203 930 1414 979 uolumus,
1457 927 1531 964 de-

77 989 268 1027 claretur.
317 990 401 1026 cic.
435 992 549 1028 Brut.
586 989 655 1038 44',
694 990 782 1030 162.
817 991 943 1038 erit,
988 990 1160 1038 inquit
1192 989 1405 1034 Brutus,
1448 988 1532 1020 aut

78 1047 170 1082 iam
212 1051 289 1082 est
329 1047 455 1095 iste,
511 1060 655 1096 quem
699 1043 1008 1096 exspectas?
1051 1046 1102 1081 de
1135 1045 1221 1081 Fiu.
1257 1043 1314 1092 V,
1358 1041 1432 1086 20„
1465 1039 1531 1079 57-

78 1114 202 1152 quos
244 1100 492 1138 utilitate
532 1108 618 1139 aut
660 1101 939 1152 uoluptate
979 1101 1236 1149 dirigunt.
1271 1099 1322 1135 de
1353 1098 1447 1134 Fin.
1480 1095 1532 1143 V,

83 1158 144 1196 ll.
176 1155 241 1197 33.
275 1156 494 1195 Stuerenb.
538 1171 609 1208 pro
651 1158 772 1196 Arch.
818 1157 854 1206 1,
902 1156 937 1196 1.
981 1156 1101 1193 lland
1135 1156 1258 1194 Turs.
1292 1155 1321 1204 l,
1355 1167 1397 1204 p.
1434 1148 1533 1191 539.

77 1212 136 1265 (Α
168 1217 270 1264 part.
301 1212 381 1250 uel
412 1215 467 1251 ita
499 1219 585 1251 aut
618 1212 774 1263 differt,
820 1219 864 1250 nt
895 1213 972 1250 hoc
1000 1225 1084 1249 rem
1119 1211 1294 1261 aliquam
1326 1211 1364 1247 in
1398 1207 1531 1245 locum

77 1270 152 1318 rei,
187 1268 286 1307 illud
319 1270 483 1307 uerbum
517 1273 556 1307 in
589 1269 722 1308 locum
756 1270 868 1307 uerbi
901 1266 1159 1320 substituat).
1223 1264 1365 1317 ltaque
1391 1263 1530 1302 utilem

77 1338 169 1362 csse
207 1327 324 1362 istam
364 1328 610 1364 sententiam
645 1340 724 1364 non
761 1325 933 1374 tollitur,
967 1324 1041 1362 sed
1073 1326 1165 1374 quia
1199 1323 1386 1362 utilitatis
1418 1321 1531 1358 notio

76 1395 153 1418 non
194 1380 334 1431 explet
376 1383 575 1432 animum,
618 1381 727 1420 aliud
771 1382 862 1432 quid
898 1383 937 1418 in
972 1383 1057 1419 eius
1090 1379 1221 1418 locum
1254 1378 1533 1424 substituitur,

78 1451 154 1486 quo
196 1439 423 1474 accuratius
463 1440 708 1475 sententiam
751 1437 948 1475 declaret.
1018 1438 1091 1473 Cui
1129 1436 1275 1472 rationi
1314 1438 1533 1471 consenta-

79 1506 198 1529 neum
230 1497 309 1541 est,
342 1492 449 1542 quod
480 1493 631 1531 deinde
661 1495 835 1544 primum
868 1492 1051 1544 disputat
1080 1492 1132 1529 de
1164 1492 1356 1529 ueritate.

191 1548 306 1598 quid
349 1553 431 1585 est
472 1550 606 1586 enim
660 1547 856 1598 uerius]
925 1549 1036 1587 ldem
1089 1551 1371 1597 argumentum
1428 1550 1470 1583 et
1513 1559 1533 1582 a

80 1602 218 1642 Tullio
253 1606 417 1641 tractari
451 1604 502 1642 de
532 1606 625 1643 Nat.
659 1606 781 1643 Deor.
817 1605 844 1654 l,
878 1603 946 1644 3l.
981 1609 1022 1641 et
1052 1618 1073 1642 a
1101 1606 1271 1642 Socrate
1303 1602 1409 1654 apud
1434 1601 1564 1651 xen„

76 1661 200 1700 Mem.
235 1660 265 1708 l,
298 1659 338 1700 4.
370 1662 410 1699 ὅ.
445 1661 656 1711 wyttcnb.
691 1661 900 1699 indicauit.

176 1724 320 1766 ‘quae
343 1718 423 1753 uix
448 1739 497 1744 —-
524 1719 724 1755 moueri
747 1716 911 1768 putet]
946 1717 1171 1753 Uerborum
1197 1715 1533 1766 comprehen-

80 1773 166 1811 dat
196 1771 339 1810 nulla
371 1774 578 1810 ratione
611 1775 650 1810 in
684 1773 775 1811 cod.
810 1773 920 1810 arch.
946 1772 1264 1810 omittendorum
1294 1785 1413 1809 causa
1434 1770 1534 1808 haec

77 1830 170 1878 fuit,
204 1828 312 1879 quod
341 1828 480 1867 oculus
512 1829 667 1867 librarii
701 1843 721 1867 a
748 1831 885 1881 priore
916 1830 1145 1867 rationis
1186 1827 1382 1865 uocabulo
1416 1828 1533 1863 aber-

79 1887 187 1923 rauit
222 1885 270 1922 ad
300 1887 520 1935 postenius.
571 1885 633 1923 Cf.
666 1882 698 1925 Ι.
741 1887 770 1936 ξ.
814 1884 883 1925 4'6.
955 1886 1054 1934 Quis
1095 1887 1250 1935 primus
1289 1886 1369 1921 ista
1409 1884 1533 1920 resti-

79 1943 221 1990 tuerit,
263 1943 426 1989 nesci03
461 1955 653 1993 expressa
683 1943 759 1979 iam
794 1947 890 1979 sunt
920 1942 959 1978 in
1005 1946 1106 1979 uett.
1147 1941 1263 1978 editt.
1325 1936 1534 1989 Ingenii

79 1999 312 2047 ratione,
362 2010 436 2048 pro
478 2012 555 2048 quo
603 1996 708 2035 male
750 1998 848 2036 Dau.
897 1998 1108 2047 ingenii
1161 1997 1535 2043 contentione,

79 2055 187 2092 Mos.
230 2054 435 2103 ingenii
477 2055 780 2091 intentione
831 2051 898 2089 uel
949 2054 1081 2102 acie,
1131 2053 1307 2090 Ratlnius
1358 2050 1537 2101 denique

80 2122 209 2160 quac
242 2111 327 2146 uix
358 2121 545 2146 summa
577 2111 791 2158 ingenia
821 2109 1036 2145 ratione
1077 2106 1537 2158 comprehendant

78 2166 268 2214 coniecit,
310 2165 426 2213 dixit,
468 2170 511 2202 ut
549 2166 778 2202 hominis
819 2165 922 2201 ratio
962 2164 1288 2214 distingueretur
1325 2176 1346 2200 a
1377 2163 1538 2200 ratione

81 2223 270 2258 uniuersa
313 2234 388 2272 per
419 2225 548 2259 totum
594 2221 790 2259 mundum
836 2220 1007 2268 diffusa,
1055 2221 1085 2257 i.
1138 2232 1174 2257 e.
1222 2219 1373 2257 diuina.
1457 2218 1536 2256 Pro

78 2278 291 2314 homine
332 2281 467 2315 autem
507 2279 675 2315 notione
723 2277 852 2327 magis
903 2276 1071 2313 definita
1121 2276 1223 2313 dixit
1272 2276 1535 2325 ingenium

79 2334 326 2383 hominis,
367 2346 444 2383 quo
483 2335 586 2371 ratio
627 2335 876 2371 continetur.
946 2332 1149 2382 Equidem
1194 2332 1297 2369 haec
1339 2332 1397 2368 sic
1438 2343 1536 2368 uer-

80 2390 223 2426 terim:
268 2390 370 2426 oder
401 2388 495 2425 dass
527 2403 571 2427 er
601 2389 771 2440 glaube,
812 2401 855 2426 es
895 2401 991 2437 rege
1030 2389 1116 2426 sich
1148 2390 1187 2426 in
1219 2388 1337 2435 dem,
1378 2399 1459 2423 was
1492 2399 1538 2424 er

80 2445 195 2481 kaum
229 2446 303 2482 mit
332 2445 406 2481 der
436 2445 524 2482 auss
547 2446 715 2483 lliichse
753 2443 1060 2494 ausgebildeten
1103 2445 1186 2482 ihm
1233 2441 1538 2481 inwohnenden

81 2501 284 2539 Vernunst
317 2502 507 2550 begreit't,
539 2501 658 2538 keine
694 2498 928 2540 vernunst?

191 2556 407 2607 cogunt]
470 2558 569 2594 Cum
603 2558 711 2594 Uict.
745 2556 889 2607 steph.
922 2556 1033 2594 Man.
1066 2556 1190 2594 Bakio
1230 2556 1390 2607 potiore
1424 2554 1538 2593 codi-

82 2625 172 2650 cum
210 2615 451 2651 auctoritate
483 2615 675 2650 reuocaui
708 2617 921 2663 cogunt3
952 2611 1100 2662 reliqui
1131 2625 1219 2650 cum
1252 2613 1390 2662 paucis
1415 2611 1537 2649 codd.

81 2669 185 2708 dett.
219 2674 423 2720 cogant.
485 2670 618 2720 Saepe
648 2669 817 2707 Romani
847 2669 906 2705 rei
938 2668 1220 2706 definitionem
1251 2670 1294 2706 in
1331 2670 1538 2705 sententia

81 2727 271 2775 negatiua
312 2738 384 2777 per
425 2738 470 2763 se
510 2731 750 2776 conceptam
789 2724 1010 2763 indicatiuo
1050 2724 1170 2762 modo
1202 2725 1390 2763 efferunt.
1451 2723 1538 2760 (tic.

83 2782 151 2819 Ac.
192 2781 239 2830 ll,
283 2783 322 2821 7.
365 2781 431 2822 22.
475 2782 590 2832 quid
634 2783 906 2832 quisquam
946 2782 1212 2831 meminit,
1263 2779 1394 2831 quod
1443 2790 1538 2815 non

1240 2849 1324 2884 104*
