<?xml version="1.0" encoding="UTF-8"?>
<!DOCTYPE html PUBLIC "-//W3C//DTD XHTML 1.0 Transitional//EN"
    "http://www.w3.org/TR/xhtml1/DTD/xhtml1-transitional.dtd">
<html xmlns="http://www.w3.org/1999/xhtml" xml:lang="en" lang="en">
 <head>
  <title>
</title>
<meta http-equiv="Content-Type" content="text/html;charset=utf-8" />
  <meta name='ocr-system' content='tesseract 3.04.00' />
  <meta name='ocr-capabilities' content='ocr_page ocr_carea ocr_par ocr_line ocrx_word'/>
</head>
<body>
  <div class='ocr_page' id='page_1' title='image "./delegibuslibritr0102ciceuoft_0464.png"; bbox 0 0 1781 3192; ppageno 0'>
   <div class='ocr_carea' id='block_1_1' title="bbox 238 173 1147 215">
    <p class='ocr_par' dir='ltr' id='par_1_1' title="bbox 238 173 1147 215">
     <span class='ocr_line' id='line_1_1' title="bbox 238 173 1147 215; baseline 0.002 -2"><span class='ocrx_word' id='word_1_1' title='bbox 238 173 330 214; x_wconf 74' lang='lat'>258</span> <span class='ocrx_word' id='word_1_2' title='bbox 811 174 881 212; x_wconf 78' lang='lat' dir='ltr'>DE</span> <span class='ocrx_word' id='word_1_3' title='bbox 912 174 1147 215; x_wconf 79' lang='lat' dir='ltr'>LEGIBUS</span> 
     </span>
    </p>
   </div>
   <div class='ocr_carea' id='block_1_2' title="bbox 204 283 1722 1806">
    <p class='ocr_par' dir='ltr' id='par_1_2' title="bbox 254 283 1722 1130">
     <span class='ocr_line' id='line_1_2' title="bbox 367 283 1716 341; baseline 0.006 -17"><span class='ocrx_word' id='word_1_4' title='bbox 367 288 402 338; x_wconf 57' lang='grc' dir='ltr'>ᾗ.</span> <span class='ocrx_word' id='word_1_5' title='bbox 435 286 475 327; x_wconf 86' lang='grc'>7.</span> <span class='ocrx_word' id='word_1_6' title='bbox 537 283 771 337; x_wconf 81' lang='lat' dir='ltr'>ollisque</span> <span class='ocrx_word' id='word_1_7' title='bbox 793 285 898 338; x_wconf 86' lang='lat' dir='ltr'>cet.]</span> <span class='ocrx_word' id='word_1_8' title='bbox 948 286 1147 327; x_wconf 89' lang='lat' dir='ltr'>Aedilitas</span> <span class='ocrx_word' id='word_1_9' title='bbox 1165 289 1322 340; x_wconf 83' lang='lat' dir='ltr'>primus</span> <span class='ocrx_word' id='word_1_10' title='bbox 1347 289 1556 341; x_wconf 89' lang='lat' dir='ltr'>amplioris</span> <span class='ocrx_word' id='word_1_11' title='bbox 1579 293 1716 331; x_wconf 90' lang='lat' dir='ltr'>hono·</span> 
     </span>
     <span class='ocr_line' id='line_1_3' title="bbox 254 341 1716 396; baseline 0.003 -13"><span class='ocrx_word' id='word_1_12' title='bbox 254 345 313 384; x_wconf 84' lang='lat' dir='ltr'>ris</span> <span class='ocrx_word' id='word_1_13' title='bbox 344 344 568 382; x_wconf 82' lang='lat' dir='ltr'>adscensus</span> <span class='ocrx_word' id='word_1_14' title='bbox 601 354 695 380; x_wconf 92' lang='lat' dir='ltr'>esse</span> <span class='ocrx_word' id='word_1_15' title='bbox 728 341 902 393; x_wconf 89' lang='lat' dir='ltr'>dicitur,</span> <span class='ocrx_word' id='word_1_16' title='bbox 942 357 1024 382; x_wconf 92' lang='lat' dir='ltr'>non</span> <span class='ocrx_word' id='word_1_17' title='bbox 1057 345 1165 396; x_wconf 90' lang='lat' dir='ltr'>quod</span> <span class='ocrx_word' id='word_1_18' title='bbox 1203 345 1298 383; x_wconf 91' lang='lat' dir='ltr'>hinc</span> <span class='ocrx_word' id='word_1_19' title='bbox 1339 345 1504 385; x_wconf 89' lang='lat' dir='ltr'>demum</span> <span class='ocrx_word' id='word_1_20' title='bbox 1541 348 1592 387; x_wconf 87' lang='lat' dir='ltr'>ad</span> <span class='ocrx_word' id='word_1_21' title='bbox 1630 363 1716 388; x_wconf 85' lang='lat' dir='ltr'>am-</span> 
     </span>
     <span class='ocr_line' id='line_1_4' title="bbox 254 399 1718 454; baseline 0.005 -16"><span class='ocrx_word' id='word_1_22' title='bbox 254 400 409 453; x_wconf 88' lang='lat' dir='ltr'>pliora,</span> <span class='ocrx_word' id='word_1_23' title='bbox 448 402 706 449; x_wconf 90' lang='lat' dir='ltr'>praeturam,</span> <span class='ocrx_word' id='word_1_24' title='bbox 747 399 1024 451; x_wconf 88' lang='lat' dir='ltr'>consulatum,</span> <span class='ocrx_word' id='word_1_25' title='bbox 1063 414 1276 440; x_wconf 84' lang='lat' dir='ltr'>censuram</span> <span class='ocrx_word' id='word_1_26' title='bbox 1317 402 1514 454; x_wconf 81' lang='lat' dir='ltr'><strong>progredi</strong></span> <span class='ocrx_word' id='word_1_27' title='bbox 1553 403 1718 445; x_wconf 80' lang='lat' dir='ltr'>licuerit</span> 
     </span>
     <span class='ocr_line' id='line_1_5' title="bbox 256 455 1717 511; baseline 0.004 -17"><span class='ocrx_word' id='word_1_28' title='bbox 256 455 389 511; x_wconf 92' lang='lat' dir='ltr'>(quod</span> <span class='ocrx_word' id='word_1_29' title='bbox 439 467 555 492; x_wconf 91' lang='lat' dir='ltr'>secus</span> <span class='ocrx_word' id='word_1_30' title='bbox 603 468 696 493; x_wconf 91' lang='lat' dir='ltr'>esse</span> <span class='ocrx_word' id='word_1_31' title='bbox 738 455 945 495; x_wconf 87' lang='lat' dir='ltr'>Beckerus</span> <span class='ocrx_word' id='word_1_32' title='bbox 989 458 1173 496; x_wconf 78' lang='lat' dir='ltr'>ostendit</span> <span class='ocrx_word' id='word_1_33' title='bbox 1211 459 1251 496; x_wconf 92' lang='lat' dir='ltr'>in</span> <span class='ocrx_word' id='word_1_34' title='bbox 1294 459 1391 497; x_wconf 86' lang='lat' dir='ltr'><strong>Ant.</strong></span> <span class='ocrx_word' id='word_1_35' title='bbox 1430 473 1532 501; x_wconf 86' lang='lat' dir='ltr'>rom.</span> <span class='ocrx_word' id='word_1_36' title='bbox 1573 461 1634 511; x_wconf 89' lang='lat'>11,</span> <span class='ocrx_word' id='word_1_37' title='bbox 1676 462 1717 502; x_wconf 85' lang='lat'>2.</span> 
     </span>
     <span class='ocr_line' id='line_1_6' title="bbox 255 508 1721 565; baseline 0.003 -14"><span class='ocrx_word' id='word_1_38' title='bbox 255 527 296 565; x_wconf 89' lang='lat' dir='ltr'>p.</span> <span class='ocrx_word' id='word_1_39' title='bbox 328 511 427 553; x_wconf 76' lang='lat'>380</span> <span class='ocrx_word' id='word_1_40' title='bbox 434 508 470 564; x_wconf 90' lang='lat'>),</span> <span class='ocrx_word' id='word_1_41' title='bbox 503 510 578 549; x_wconf 89' lang='lat' dir='ltr'>sed</span> <span class='ocrx_word' id='word_1_42' title='bbox 609 513 702 562; x_wconf 91' lang='lat' dir='ltr'>quia</span> <span class='ocrx_word' id='word_1_43' title='bbox 729 513 797 563; x_wconf 89' lang='lat' dir='ltr'>qui</span> <span class='ocrx_word' id='word_1_44' title='bbox 831 513 988 553; x_wconf 82' lang='lat' dir='ltr'>aediles</span> <span class='ocrx_word' id='word_1_45' title='bbox 1021 520 1152 564; x_wconf 86' lang='lat' dir='ltr'>erant,</span> <span class='ocrx_word' id='word_1_46' title='bbox 1184 516 1263 553; x_wconf 87' lang='lat' dir='ltr'>etsi</span> <span class='ocrx_word' id='word_1_47' title='bbox 1294 528 1375 554; x_wconf 91' lang='lat' dir='ltr'>non</span> <span class='ocrx_word' id='word_1_48' title='bbox 1404 517 1580 555; x_wconf 90' lang='lat' dir='ltr'>maiores</span> <span class='ocrx_word' id='word_1_49' title='bbox 1603 522 1721 556; x_wconf 87' lang='lat' dir='ltr'>erant</span> 
     </span>
     <span class='ocr_line' id='line_1_7' title="bbox 255 570 1718 623; baseline 0.003 -15"><span class='ocrx_word' id='word_1_50' title='bbox 255 570 546 620; x_wconf 76' lang='lat' dir='ltr'>magistratuS,</span> <span class='ocrx_word' id='word_1_51' title='bbox 590 573 727 607; x_wconf 85' lang='lat' dir='ltr'>tamen</span> <span class='ocrx_word' id='word_1_52' title='bbox 775 570 853 621; x_wconf 89' lang='lat' dir='ltr'>ipsi</span> <span class='ocrx_word' id='word_1_53' title='bbox 904 572 981 609; x_wconf 88' lang='lat' dir='ltr'>iam</span> <span class='ocrx_word' id='word_1_54' title='bbox 1025 571 1223 623; x_wconf 87' lang='lat' dir='ltr'>ampliore</span> <span class='ocrx_word' id='word_1_55' title='bbox 1267 572 1425 611; x_wconf 83' lang='lat' dir='ltr'>honore</span> <span class='ocrx_word' id='word_1_56' title='bbox 1463 572 1718 612; x_wconf 86' lang='lat' dir='ltr'>fruebantur.</span> 
     </span>
     <span class='ocr_line' id='line_1_8' title="bbox 257 624 1721 681; baseline 0.003 -16"><span class='ocrx_word' id='word_1_57' title='bbox 257 625 324 665; x_wconf 84' lang='lat' dir='ltr'>Cf.</span> <span class='ocrx_word' id='word_1_58' title='bbox 360 625 479 665; x_wconf 89' lang='lat' dir='ltr'>Verr.</span> <span class='ocrx_word' id='word_1_59' title='bbox 511 624 574 675; x_wconf 92' lang='lat' dir='ltr'>V,</span> <span class='ocrx_word' id='word_1_60' title='bbox 613 624 677 665; x_wconf 90' lang='grc'>14.</span> <span class='ocrx_word' id='word_1_61' title='bbox 711 625 780 667; x_wconf 87' lang='grc'>36.</span> <span class='ocrx_word' id='word_1_62' title='bbox 819 625 959 677; x_wconf 60' lang='lat' dir='ltr'>Polyb</span> <span class='ocrx_word' id='word_1_63' title='bbox 993 628 1054 679; x_wconf 89' lang='lat' dir='ltr'>X,</span> <span class='ocrx_word' id='word_1_64' title='bbox 1093 628 1133 668; x_wconf 97' lang='lat'>4.</span> <span class='ocrx_word' id='word_1_65' title='bbox 1206 628 1413 681; x_wconf 87' lang='lat' dir='ltr'>Ampliore</span> <span class='ocrx_word' id='word_1_66' title='bbox 1451 628 1523 668; x_wconf 92' lang='lat' dir='ltr'>illo</span> <span class='ocrx_word' id='word_1_67' title='bbox 1561 630 1721 669; x_wconf 88' lang='lat' dir='ltr'>honore</span> 
     </span>
     <span class='ocr_line' id='line_1_9' title="bbox 254 680 1719 737; baseline 0.002 -15"><span class='ocrx_word' id='word_1_68' title='bbox 254 695 338 722; x_wconf 92' lang='lat' dir='ltr'>non</span> <span class='ocrx_word' id='word_1_69' title='bbox 374 682 474 720; x_wconf 88' lang='lat' dir='ltr'>item</span> <span class='ocrx_word' id='word_1_70' title='bbox 516 680 760 720; x_wconf 83' lang='lat' dir='ltr'>fruebantur</span> <span class='ocrx_word' id='word_1_71' title='bbox 795 690 1054 734; x_wconf 84' lang='lat' dir='ltr'>quaestorcs3</span> <span class='ocrx_word' id='word_1_72' title='bbox 1097 687 1154 723; x_wconf 87' lang='lat' dir='ltr'>ita</span> <span class='ocrx_word' id='word_1_73' title='bbox 1196 691 1412 736; x_wconf 81' lang='lat' dir='ltr'>quaestura</span> <span class='ocrx_word' id='word_1_74' title='bbox 1454 687 1495 723; x_wconf 92' lang='lat' dir='ltr'>in</span> <span class='ocrx_word' id='word_1_75' title='bbox 1534 686 1655 726; x_wconf 87' lang='lat' dir='ltr'>Verr.</span> <span class='ocrx_word' id='word_1_76' title='bbox 1688 686 1719 737; x_wconf 89' lang='lat' dir='ltr'>l,</span> 
     </span>
     <span class='ocr_line' id='line_1_10' title="bbox 255 739 1721 793; baseline 0.003 -16"><span class='ocrx_word' id='word_1_77' title='bbox 255 739 587 791; x_wconf 79' lang='lat' dir='ltr'>4.11.primus</span> <span class='ocrx_word' id='word_1_78' title='bbox 618 739 803 789; x_wconf 87' lang='lat' dir='ltr'>honoris,</span> <span class='ocrx_word' id='word_1_79' title='bbox 835 753 915 778; x_wconf 92' lang='lat' dir='ltr'>non</span> <span class='ocrx_word' id='word_1_80' title='bbox 940 741 1148 793; x_wconf 90' lang='lat' dir='ltr'>amplioris</span> <span class='ocrx_word' id='word_1_81' title='bbox 1171 742 1339 780; x_wconf 89' lang='lat' dir='ltr'>honoris</span> <span class='ocrx_word' id='word_1_82' title='bbox 1363 742 1512 793; x_wconf 78' lang='lat' dir='ltr'>gradus</span> <span class='ocrx_word' id='word_1_83' title='bbox 1535 749 1721 782; x_wconf 86' lang='lat' dir='ltr'>uocatur.</span> 
     </span>
     <span class='ocr_line' id='line_1_11' title="bbox 255 795 1720 851; baseline 0.001 -15"><span class='ocrx_word' id='word_1_84' title='bbox 255 797 463 836; x_wconf 88' lang='lat' dir='ltr'>Peruerse</span> <span class='ocrx_word' id='word_1_85' title='bbox 486 795 665 834; x_wconf 88' lang='lat' dir='ltr'>Bakius</span> <span class='ocrx_word' id='word_1_86' title='bbox 654 809 695 834; x_wconf 86' lang='lat' dir='ltr'>m</span> <span class='ocrx_word' id='word_1_87' title='bbox 720 801 942 837; x_wconf 87' lang='lat' dir='ltr'>comment.</span> <span class='ocrx_word' id='word_1_88' title='bbox 967 801 1123 836; x_wconf 89' lang='lat' dir='ltr'>maiore</span> <span class='ocrx_word' id='word_1_89' title='bbox 1143 799 1478 850; x_wconf 80' lang='lat' dir='ltr'>interpunctione</span> <span class='ocrx_word' id='word_1_90' title='bbox 1500 804 1596 851; x_wconf 90' lang='lat' dir='ltr'>post</span> <span class='ocrx_word' id='word_1_91' title='bbox 1619 798 1720 837; x_wconf 92' lang='lat' dir='ltr'>sol-</span> 
     </span>
     <span class='ocr_line' id='line_1_12' title="bbox 254 851 1720 906; baseline 0.002 -15"><span class='ocrx_word' id='word_1_92' title='bbox 254 852 505 892; x_wconf 89' lang='lat' dir='ltr'>lemnium</span> <span class='ocrx_word' id='word_1_93' title='bbox 535 854 671 904; x_wconf 87' lang='lat' dir='ltr'>posita</span> <span class='ocrx_word' id='word_1_94' title='bbox 701 851 831 890; x_wconf 90' lang='lat' dir='ltr'>ollis</span> <span class='ocrx_word' id='word_1_95' title='bbox 862 853 913 891; x_wconf 88' lang='lat' dir='ltr'>ad</span> <span class='ocrx_word' id='word_1_96' title='bbox 945 868 1088 893; x_wconf 89' lang='lat' dir='ltr'>omnes</span> <span class='ocrx_word' id='word_1_97' title='bbox 1120 853 1214 894; x_wconf 88' lang='lat' dir='ltr'>illos</span> <span class='ocrx_word' id='word_1_98' title='bbox 1244 857 1505 906; x_wconf 78' lang='lat' dir='ltr'>magistratus</span> <span class='ocrx_word' id='word_1_99' title='bbox 1537 858 1720 894; x_wconf 87' lang='lat' dir='ltr'>minores</span> 
     </span>
     <span class='ocr_line' id='line_1_13' title="bbox 256 907 1720 963; baseline 0.002 -15"><span class='ocrx_word' id='word_1_100' title='bbox 256 909 405 949; x_wconf 85' lang='lat' dir='ltr'>referri</span> <span class='ocrx_word' id='word_1_101' title='bbox 446 907 563 947; x_wconf 78' lang='lat' dir='ltr'>dixit.</span> <span class='ocrx_word' id='word_1_102' title='bbox 633 909 694 947; x_wconf 86' lang='lat' dir='ltr'>Ex</span> <span class='ocrx_word' id='word_1_103' title='bbox 731 908 900 960; x_wconf 90' lang='lat' dir='ltr'>reliquis</span> <span class='ocrx_word' id='word_1_104' title='bbox 951 916 1087 950; x_wconf 90' lang='lat' dir='ltr'>autem</span> <span class='ocrx_word' id='word_1_105' title='bbox 1139 913 1446 963; x_wconf 80' lang='lat' dir='ltr'>magistratibus</span> <span class='ocrx_word' id='word_1_106' title='bbox 1496 913 1720 951; x_wconf 87' lang='lat' dir='ltr'>minoribus</span> 
     </span>
     <span class='ocr_line' id='line_1_14' title="bbox 257 964 1720 1021; baseline 0.001 -16"><span class='ocrx_word' id='word_1_107' title='bbox 257 964 416 1005; x_wconf 86' lang='lat' dir='ltr'>aediles</span> <span class='ocrx_word' id='word_1_108' title='bbox 449 966 623 1016; x_wconf 86' lang='lat' dir='ltr'>seorsim</span> <span class='ocrx_word' id='word_1_109' title='bbox 659 965 895 1017; x_wconf 85' lang='lat' dir='ltr'>descripsit,</span> <span class='ocrx_word' id='word_1_110' title='bbox 929 968 1021 1018; x_wconf 88' lang='lat' dir='ltr'>quia</span> <span class='ocrx_word' id='word_1_111' title='bbox 1052 972 1093 1006; x_wconf 89' lang='lat' dir='ltr'>et</span> <span class='ocrx_word' id='word_1_112' title='bbox 1123 968 1294 1019; x_wconf 83' lang='lat' dir='ltr'>reliquis</span> <span class='ocrx_word' id='word_1_113' title='bbox 1328 969 1573 1007; x_wconf 87' lang='lat' dir='ltr'>auctoritate</span> <span class='ocrx_word' id='word_1_114' title='bbox 1598 982 1720 1021; x_wconf 85' lang='lat' dir='ltr'>prae-</span> 
     </span>
     <span class='ocr_line' id='line_1_15' title="bbox 256 1023 1722 1064; baseline 0.001 -1"><span class='ocrx_word' id='word_1_115' title='bbox 256 1024 421 1063; x_wconf 86' lang='lat' dir='ltr'>stabant</span> <span class='ocrx_word' id='word_1_116' title='bbox 452 1026 494 1060; x_wconf 90' lang='lat' dir='ltr'>et</span> <span class='ocrx_word' id='word_1_117' title='bbox 525 1023 573 1060; x_wconf 87' lang='lat' dir='ltr'>ab</span> <span class='ocrx_word' id='word_1_118' title='bbox 606 1035 746 1060; x_wconf 90' lang='lat' dir='ltr'>eorum</span> <span class='ocrx_word' id='word_1_119' title='bbox 788 1026 1179 1063; x_wconf 87' lang='lat' dir='ltr'>commemoratione</span> <span class='ocrx_word' id='word_1_120' title='bbox 1218 1024 1352 1063; x_wconf 84' lang='lat' dir='ltr'>facilis</span> <span class='ocrx_word' id='word_1_121' title='bbox 1393 1029 1481 1064; x_wconf 81' lang='lat' dir='ltr'>erat</span> <span class='ocrx_word' id='word_1_122' title='bbox 1523 1027 1722 1064; x_wconf 84' lang='lat' dir='ltr'>transitus</span> 
     </span>
     <span class='ocr_line' id='line_1_16' title="bbox 255 1080 825 1130; baseline -0.002 -11"><span class='ocrx_word' id='word_1_123' title='bbox 255 1080 307 1119; x_wconf 89' lang='lat' dir='ltr'>ad</span> <span class='ocrx_word' id='word_1_124' title='bbox 335 1080 600 1130; x_wconf 79' lang='lat' dir='ltr'>magistratus</span> <span class='ocrx_word' id='word_1_125' title='bbox 632 1080 825 1118; x_wconf 86' lang='lat' dir='ltr'>maiores.</span> 
     </span>
    </p>

    <p class='ocr_par' dir='ltr' id='par_1_3' title="bbox 252 1136 1721 1469">
     <span class='ocr_line' id='line_1_17' title="bbox 371 1136 1719 1188; baseline 0.001 -15"><span class='ocrx_word' id='word_1_126' title='bbox 371 1137 634 1173; x_wconf 86' lang='lat' dir='ltr'>aeuitates</span> <span class='ocrx_word' id='word_1_127' title='bbox 665 1137 802 1187; x_wconf 88' lang='lat' dir='ltr'>prisce</span> <span class='ocrx_word' id='word_1_128' title='bbox 833 1150 906 1188; x_wconf 92' lang='lat' dir='ltr'>pro</span> <span class='ocrx_word' id='word_1_129' title='bbox 929 1141 1162 1186; x_wconf 83' lang='lat' dir='ltr'>aetates3</span> <span class='ocrx_word' id='word_1_130' title='bbox 1195 1136 1409 1175; x_wconf 90' lang='lat' dir='ltr'>suboles</span> <span class='ocrx_word' id='word_1_131' title='bbox 1439 1138 1467 1176; x_wconf 88' lang='lat' dir='ltr'>i</span> <span class='ocrx_word' id='word_1_132' title='bbox 1496 1150 1532 1175; x_wconf 89' lang='lat' dir='ltr'>e</span> <span class='ocrx_word' id='word_1_133' title='bbox 1564 1136 1719 1175; x_wconf 84' lang='lat' dir='ltr'>liberos</span> 
     </span>
     <span class='ocr_line' id='line_1_18' title="bbox 256 1189 1721 1246; baseline 0.001 -15"><span class='ocrx_word' id='word_1_134' title='bbox 256 1189 591 1246; x_wconf 78' lang='lat' dir='ltr'>(Nachwuchs)3</span> <span class='ocrx_word' id='word_1_135' title='bbox 634 1191 870 1231; x_wconf 86' lang='lat' dir='ltr'>familias</span> <span class='ocrx_word' id='word_1_136' title='bbox 912 1206 968 1234; x_wconf 84' lang='lat' dir='ltr'>sc.</span> <span class='ocrx_word' id='word_1_137' title='bbox 1012 1207 1222 1232; x_wconf 89' lang='lat' dir='ltr'>seruorum</span> <span class='ocrx_word' id='word_1_138' title='bbox 1262 1192 1375 1246; x_wconf 87' lang='lat' dir='ltr'>(Cic.</span> <span class='ocrx_word' id='word_1_139' title='bbox 1409 1194 1489 1232; x_wconf 83' lang='lat' dir='ltr'>Off.</span> <span class='ocrx_word' id='word_1_140' title='bbox 1521 1190 1611 1243; x_wconf 86' lang='lat' dir='ltr'>Ill,</span> <span class='ocrx_word' id='word_1_141' title='bbox 1654 1192 1721 1233; x_wconf 83' lang='lat'>23.</span> 
     </span>
     <span class='ocr_line' id='line_1_19' title="bbox 255 1246 1721 1315; baseline -0.001 -26"><span class='ocrx_word' id='word_1_142' title='bbox 255 1247 325 1290; x_wconf 83' lang='lat'>89</span> <span class='ocrx_word' id='word_1_143' title='bbox 355 1248 448 1289; x_wconf 85' lang='lat' dir='ltr'>Par</span> <span class='ocrx_word' id='word_1_144' title='bbox 482 1248 533 1287; x_wconf 87' lang='lat' dir='ltr'>V.</span> <span class='ocrx_word' id='word_1_145' title='bbox 567 1247 602 1297; x_wconf 59' lang='grc' dir='ltr'><strong>ᾇ.</strong></span> <span class='ocrx_word' id='word_1_146' title='bbox 634 1246 700 1288; x_wconf 91' lang='grc'>36.</span> <span class='ocrx_word' id='word_1_147' title='bbox 732 1248 885 1287; x_wconf 90' lang='lat' dir='ltr'>Jordan</span> <span class='ocrx_word' id='word_1_148' title='bbox 924 1262 997 1300; x_wconf 88' lang='lat' dir='ltr'>pro</span> <span class='ocrx_word' id='word_1_149' title='bbox 1039 1251 1161 1289; x_wconf 88' lang='lat' dir='ltr'>Caec.</span> <span class='ocrx_word' id='word_1_150' title='bbox 1192 1264 1234 1301; x_wconf 91' lang='lat' dir='ltr'>p.</span> <span class='ocrx_word' id='word_1_151' title='bbox 1267 1248 1416 1315; x_wconf 82' lang='grc'><strong>232.);</strong></span> <span class='ocrx_word' id='word_1_152' title='bbox 1460 1251 1721 1301; x_wconf 86' lang='lat' dir='ltr'>pecunias</span> 
     </span>
     <span class='ocr_line' id='line_1_20' title="bbox 254 1303 1720 1359; baseline -0.001 -15"><span class='ocrx_word' id='word_1_153' title='bbox 254 1307 282 1347; x_wconf 93' lang='lat' dir='ltr'>i</span> <span class='ocrx_word' id='word_1_154' title='bbox 315 1318 351 1345; x_wconf 90' lang='lat' dir='ltr'>e</span> <span class='ocrx_word' id='word_1_155' title='bbox 387 1318 475 1343; x_wconf 85' lang='lat' dir='ltr'>rem</span> <span class='ocrx_word' id='word_1_156' title='bbox 523 1303 767 1342; x_wconf 87' lang='lat' dir='ltr'>familiarem</span> <span class='ocrx_word' id='word_1_157' title='bbox 808 1303 949 1359; x_wconf 88' lang='lat' dir='ltr'>(Fest.</span> <span class='ocrx_word' id='word_1_158' title='bbox 994 1319 1024 1346; x_wconf 90' lang='lat' dir='ltr'>s</span> <span class='ocrx_word' id='word_1_159' title='bbox 1065 1319 1103 1346; x_wconf 94' lang='lat' dir='ltr'>u</span> <span class='ocrx_word' id='word_1_160' title='bbox 1145 1308 1370 1357; x_wconf 91' lang='lat' dir='ltr'>pecunia</span> <span class='ocrx_word' id='word_1_161' title='bbox 1417 1319 1458 1357; x_wconf 89' lang='lat' dir='ltr'>p.</span> <span class='ocrx_word' id='word_1_162' title='bbox 1501 1305 1599 1346; x_wconf 85' lang='lat'>130.</span> <span class='ocrx_word' id='word_1_163' title='bbox 1653 1305 1720 1345; x_wconf 92' lang='lat' dir='ltr'>ed.</span> 
     </span>
     <span class='ocr_line' id='line_1_21' title="bbox 252 1358 1720 1413; baseline 0 -13"><span class='ocrx_word' id='word_1_164' title='bbox 252 1360 379 1401; x_wconf 91' lang='lat' dir='ltr'>Lind.</span> <span class='ocrx_word' id='word_1_165' title='bbox 413 1359 507 1411; x_wconf 92' lang='lat' dir='ltr'>Ulp.</span> <span class='ocrx_word' id='word_1_166' title='bbox 548 1358 642 1400; x_wconf 89' lang='lat'>195.</span> <span class='ocrx_word' id='word_1_167' title='bbox 675 1361 766 1411; x_wconf 81' lang='lat' dir='ltr'>Dig.</span> <span class='ocrx_word' id='word_1_168' title='bbox 800 1361 853 1399; x_wconf 89' lang='lat' dir='ltr'>de</span> <span class='ocrx_word' id='word_1_169' title='bbox 885 1363 1000 1400; x_wconf 89' lang='lat' dir='ltr'>uerb.</span> <span class='ocrx_word' id='word_1_170' title='bbox 1023 1364 1127 1413; x_wconf 79' lang='lat' dir='ltr'>sign.</span> <span class='ocrx_word' id='word_1_171' title='bbox 1151 1361 1221 1412; x_wconf 88' lang='lat'>50,</span> <span class='ocrx_word' id='word_1_172' title='bbox 1261 1361 1327 1402; x_wconf 83' lang='lat'>16.</span> <span class='ocrx_word' id='word_1_173' title='bbox 1358 1362 1497 1401; x_wconf 89' lang='lat' dir='ltr'>Burm.</span> <span class='ocrx_word' id='word_1_174' title='bbox 1527 1362 1578 1400; x_wconf 89' lang='lat' dir='ltr'>ad</span> <span class='ocrx_word' id='word_1_175' title='bbox 1603 1361 1720 1400; x_wconf 89' lang='lat' dir='ltr'>Suet.</span> 
     </span>
     <span class='ocr_line' id='line_1_22' title="bbox 252 1413 538 1469; baseline -0.007 -13"><span class='ocrx_word' id='word_1_176' title='bbox 252 1419 350 1457; x_wconf 78' lang='lat' dir='ltr'>Ner.</span> <span class='ocrx_word' id='word_1_177' title='bbox 382 1415 424 1466; x_wconf 84' lang='grc'>4,</span> <span class='ocrx_word' id='word_1_178' title='bbox 456 1416 480 1456; x_wconf 81' lang='grc'>5</span> <span class='ocrx_word' id='word_1_179' title='bbox 500 1413 538 1469; x_wconf 91' lang='grc'>).</span> 
     </span>
    </p>

    <p class='ocr_par' dir='ltr' id='par_1_4' title="bbox 204 1471 1721 1806">
     <span class='ocr_line' id='line_1_23' title="bbox 369 1471 1720 1524; baseline -0.001 -13"><span class='ocrx_word' id='word_1_180' title='bbox 369 1473 514 1511; x_wconf 91' lang='lat' dir='ltr'>urbis</span> <span class='ocrx_word' id='word_1_181' title='bbox 548 1471 766 1524; x_wconf 91' lang='lat' dir='ltr'>templa]</span> <span class='ocrx_word' id='word_1_182' title='bbox 828 1472 1007 1511; x_wconf 87' lang='lat' dir='ltr'>Uidetur</span> <span class='ocrx_word' id='word_1_183' title='bbox 1047 1485 1146 1510; x_wconf 89' lang='lat' dir='ltr'>sane</span> <span class='ocrx_word' id='word_1_184' title='bbox 1181 1471 1395 1510; x_wconf 82' lang='lat' dir='ltr'>meliorum</span> <span class='ocrx_word' id='word_1_185' title='bbox 1437 1471 1559 1511; x_wconf 91' lang='lat' dir='ltr'>codd.</span> <span class='ocrx_word' id='word_1_186' title='bbox 1603 1485 1720 1510; x_wconf 89' lang='lat' dir='ltr'>men—</span> 
     </span>
     <span class='ocr_line' id='line_1_24' title="bbox 204 1527 1720 1581; baseline -0.001 -13"><span class='ocrx_word' id='word_1_187' title='bbox 204 1548 208 1551; x_wconf 51' lang='lat'><strong><em>‘</em></strong></span> <span class='ocrx_word' id='word_1_188' title='bbox 254 1530 349 1568; x_wconf 88' lang='lat' dir='ltr'>dum</span> <span class='ocrx_word' id='word_1_189' title='bbox 385 1530 699 1567; x_wconf 87' lang='lat' dir='ltr'>urbistatem</span> <span class='ocrx_word' id='word_1_190' title='bbox 729 1528 814 1581; x_wconf 91' lang='lat' dir='ltr'>pla</span> <span class='ocrx_word' id='word_1_191' title='bbox 846 1529 998 1568; x_wconf 88' lang='lat' dir='ltr'>indicio</span> <span class='ocrx_word' id='word_1_192' title='bbox 1036 1542 1155 1578; x_wconf 89' lang='lat' dir='ltr'>esse,</span> <span class='ocrx_word' id='word_1_193' title='bbox 1199 1534 1241 1567; x_wconf 92' lang='lat' dir='ltr'>ut</span> <span class='ocrx_word' id='word_1_194' title='bbox 1283 1527 1423 1567; x_wconf 90' lang='lat' dir='ltr'>multis</span> <span class='ocrx_word' id='word_1_195' title='bbox 1460 1529 1567 1568; x_wconf 86' lang='lat' dir='ltr'>locis</span> <span class='ocrx_word' id='word_1_196' title='bbox 1612 1528 1720 1580; x_wconf 89' lang='lat' dir='ltr'>aliis,</span> 
     </span>
     <span class='ocr_line' id='line_1_25' title="bbox 253 1585 1720 1625; baseline -0.001 0"><span class='ocrx_word' id='word_1_197' title='bbox 253 1589 311 1625; x_wconf 88' lang='lat' dir='ltr'>ita</span> <span class='ocrx_word' id='word_1_198' title='bbox 343 1587 381 1624; x_wconf 92' lang='lat' dir='ltr'>h.</span> <span class='ocrx_word' id='word_1_199' title='bbox 416 1585 446 1625; x_wconf 95' lang='lat' dir='ltr'>l.</span> <span class='ocrx_word' id='word_1_200' title='bbox 478 1585 619 1624; x_wconf 87' lang='lat' dir='ltr'>mendi</span> <span class='ocrx_word' id='word_1_201' title='bbox 652 1588 807 1624; x_wconf 87' lang='lat' dir='ltr'>ueteris</span> <span class='ocrx_word' id='word_1_202' title='bbox 840 1587 1139 1625; x_wconf 86' lang='lat' dir='ltr'>correctionem</span> <span class='ocrx_word' id='word_1_203' title='bbox 1167 1588 1207 1624; x_wconf 92' lang='lat' dir='ltr'>in</span> <span class='ocrx_word' id='word_1_204' title='bbox 1241 1585 1347 1624; x_wconf 90' lang='lat' dir='ltr'>dett.</span> <span class='ocrx_word' id='word_1_205' title='bbox 1381 1585 1502 1624; x_wconf 89' lang='lat' dir='ltr'>codd.</span> <span class='ocrx_word' id='word_1_206' title='bbox 1540 1587 1597 1624; x_wconf 90' lang='lat' dir='ltr'>ita</span> <span class='ocrx_word' id='word_1_207' title='bbox 1625 1598 1720 1624; x_wconf 87' lang='lat' dir='ltr'>esse</span> 
     </span>
     <span class='ocr_line' id='line_1_26' title="bbox 254 1641 1721 1694; baseline -0.002 -12"><span class='ocrx_word' id='word_1_208' title='bbox 254 1647 474 1692; x_wconf 88' lang='lat' dir='ltr'>tentatam,</span> <span class='ocrx_word' id='word_1_209' title='bbox 507 1647 552 1680; x_wconf 89' lang='lat' dir='ltr'>ut</span> <span class='ocrx_word' id='word_1_210' title='bbox 583 1642 773 1681; x_wconf 83' lang='lat' dir='ltr'>mendum</span> <span class='ocrx_word' id='word_1_211' title='bbox 810 1646 1097 1692; x_wconf 85' lang='lat' dir='ltr'>omitteretur3</span> <span class='ocrx_word' id='word_1_212' title='bbox 1130 1644 1300 1694; x_wconf 85' lang='lat' dir='ltr'>eiusque</span> <span class='ocrx_word' id='word_1_213' title='bbox 1331 1644 1390 1680; x_wconf 88' lang='lat' dir='ltr'>rei</span> <span class='ocrx_word' id='word_1_214' title='bbox 1424 1642 1620 1681; x_wconf 86' lang='lat' dir='ltr'>indicium</span> <span class='ocrx_word' id='word_1_215' title='bbox 1653 1641 1721 1680; x_wconf 86' lang='lat' dir='ltr'>uel</span> 
     </span>
     <span class='ocr_line' id='line_1_27' title="bbox 252 1698 1719 1751; baseline -0.001 -13"><span class='ocrx_word' id='word_1_216' title='bbox 252 1702 295 1738; x_wconf 82' lang='lat' dir='ltr'>in</span> <span class='ocrx_word' id='word_1_217' title='bbox 337 1699 415 1738; x_wconf 84' lang='lat' dir='ltr'>hoc</span> <span class='ocrx_word' id='word_1_218' title='bbox 447 1699 547 1737; x_wconf 82' lang='lat' dir='ltr'>milli</span> <span class='ocrx_word' id='word_1_219' title='bbox 581 1699 725 1737; x_wconf 85' lang='lat' dir='ltr'>uideor</span> <span class='ocrx_word' id='word_1_220' title='bbox 757 1701 967 1750; x_wconf 78' lang='lat' dir='ltr'>inuenire,</span> <span class='ocrx_word' id='word_1_221' title='bbox 1009 1699 1115 1751; x_wconf 90' lang='lat' dir='ltr'>quod</span> <span class='ocrx_word' id='word_1_222' title='bbox 1158 1698 1320 1750; x_wconf 79' lang='lat' dir='ltr'>singula</span> <span class='ocrx_word' id='word_1_223' title='bbox 1357 1701 1563 1737; x_wconf 88' lang='lat' dir='ltr'>nominum</span> <span class='ocrx_word' id='word_1_224' title='bbox 1604 1700 1719 1750; x_wconf 88' lang='lat' dir='ltr'>paria</span> 
     </span>
     <span class='ocr_line' id='line_1_28' title="bbox 254 1755 1721 1806; baseline -0.001 -11"><span class='ocrx_word' id='word_1_225' title='bbox 254 1758 294 1797; x_wconf 84' lang='lat' dir='ltr'>h.</span> <span class='ocrx_word' id='word_1_226' title='bbox 327 1755 353 1796; x_wconf 86' lang='lat' dir='ltr'>l.</span> <span class='ocrx_word' id='word_1_227' title='bbox 387 1757 603 1794; x_wconf 85' lang='lat' dir='ltr'>coniuncta</span> <span class='ocrx_word' id='word_1_228' title='bbox 644 1757 774 1794; x_wconf 85' lang='lat' dir='ltr'>fuisse</span> <span class='ocrx_word' id='word_1_229' title='bbox 813 1755 1006 1794; x_wconf 84' lang='lat' dir='ltr'>uidentur</span> <span class='ocrx_word' id='word_1_230' title='bbox 1081 1755 1166 1794; x_wconf 87' lang='lat' dir='ltr'>Sed</span> <span class='ocrx_word' id='word_1_231' title='bbox 1207 1755 1316 1806; x_wconf 90' lang='lat' dir='ltr'>quod</span> <span class='ocrx_word' id='word_1_232' title='bbox 1354 1755 1501 1794; x_wconf 83' lang='lat' dir='ltr'>Bakius</span> <span class='ocrx_word' id='word_1_233' title='bbox 1541 1757 1721 1794; x_wconf 87' lang='lat' dir='ltr'>coniecit</span> 
     </span>
    </p>
   </div>
   <div class='ocr_carea' id='block_1_3' title="bbox 253 1811 1781 1864">
    <p class='ocr_par' dir='ltr' id='par_1_5' title="bbox 253 1811 1781 1864">
     <span class='ocr_line' id='line_1_29' title="bbox 253 1811 1781 1864; baseline -0.002 -12"><span class='ocrx_word' id='word_1_234' title='bbox 253 1817 398 1852; x_wconf 85' lang='lat' dir='ltr'>tecta</span> <span class='ocrx_word' id='word_1_235' title='bbox 430 1811 646 1864; x_wconf 88' lang='lat' dir='ltr'>templa,</span> <span class='ocrx_word' id='word_1_236' title='bbox 678 1815 769 1863; x_wconf 91' lang='lat' dir='ltr'>quia</span> <span class='ocrx_word' id='word_1_237' title='bbox 789 1811 1048 1851; x_wconf 87' lang='lat' dir='ltr'>sollemniter</span> <span class='ocrx_word' id='word_1_238' title='bbox 1078 1814 1157 1854; x_wconf 79' lang='lat' dir='ltr'>ista</span> <span class='ocrx_word' id='word_1_239' title='bbox 1181 1814 1534 1863; x_wconf 77' lang='lat' dir='ltr'>coniungerentur</span> <span class='ocrx_word' id='word_1_240' title='bbox 1558 1814 1719 1861; x_wconf 84' lang='lat' dir='ltr'>(exem-</span> <span class='ocrx_word' id='word_1_241' title='bbox 1779 1842 1781 1855; x_wconf 78' lang='grc'>,</span> 
     </span>
    </p>
   </div>
   <div class='ocr_carea' id='block_1_4' title="bbox 253 1868 1781 1927">
    <p class='ocr_par' dir='ltr' id='par_1_6' title="bbox 253 1868 1781 1927">
     <span class='ocr_line' id='line_1_30' title="bbox 253 1868 1781 1927; baseline -0.001 -20"><span class='ocrx_word' id='word_1_242' title='bbox 253 1870 334 1922; x_wconf 79' lang='lat' dir='ltr'>plis</span> <span class='ocrx_word' id='word_1_243' title='bbox 367 1883 389 1907; x_wconf 90' lang='lat' dir='ltr'>a</span> <span class='ocrx_word' id='word_1_244' title='bbox 420 1869 545 1906; x_wconf 89' lang='lat' dir='ltr'>Bakio</span> <span class='ocrx_word' id='word_1_245' title='bbox 576 1868 752 1907; x_wconf 85' lang='lat' dir='ltr'>laudatis</span> <span class='ocrx_word' id='word_1_246' title='bbox 785 1870 872 1908; x_wconf 90' lang='lat' dir='ltr'>Cic.</span> <span class='ocrx_word' id='word_1_247' title='bbox 912 1868 1018 1909; x_wconf 85' lang='lat' dir='ltr'>Phil.</span> <span class='ocrx_word' id='word_1_248' title='bbox 1051 1869 1082 1919; x_wconf 92' lang='lat' dir='ltr'>l,</span> <span class='ocrx_word' id='word_1_249' title='bbox 1117 1869 1156 1910; x_wconf 91' lang='grc'>2.</span> <span class='ocrx_word' id='word_1_250' title='bbox 1189 1869 1227 1909; x_wconf 83' lang='grc'><strong>5.</strong></span> <span class='ocrx_word' id='word_1_251' title='bbox 1260 1869 1369 1919; x_wconf 89' lang='lat' dir='ltr'>XlV,</span> <span class='ocrx_word' id='word_1_252' title='bbox 1408 1868 1472 1919; x_wconf 88' lang='lat'>10,</span> <span class='ocrx_word' id='word_1_253' title='bbox 1505 1868 1571 1909; x_wconf 81' lang='lat'>27.</span> <span class='ocrx_word' id='word_1_254' title='bbox 1612 1868 1719 1907; x_wconf 89' lang='lat' dir='ltr'>adde</span> <span class='ocrx_word' id='word_1_255' title='bbox 1780 1919 1781 1927; x_wconf 12' lang='grc' dir='ltr'>ἵ</span> 
     </span>
    </p>
   </div>
   <div class='ocr_carea' id='block_1_5' title="bbox 253 1924 1719 1977">
    <p class='ocr_par' dir='ltr' id='par_1_7' title="bbox 253 1924 1719 1977">
     <span class='ocr_line' id='line_1_31' title="bbox 253 1924 1719 1977; baseline -0.002 -11"><span class='ocrx_word' id='word_1_256' title='bbox 253 1928 357 1966; x_wconf 88' lang='lat' dir='ltr'>haec</span> <span class='ocrx_word' id='word_1_257' title='bbox 397 1939 471 1977; x_wconf 91' lang='lat' dir='ltr'>pro</span> <span class='ocrx_word' id='word_1_258' title='bbox 513 1926 622 1966; x_wconf 85' lang='lat' dir='ltr'>Sest.</span> <span class='ocrx_word' id='word_1_259' title='bbox 657 1924 736 1976; x_wconf 71' lang='lat'>24,</span> <span class='ocrx_word' id='word_1_260' title='bbox 771 1925 840 1966; x_wconf 81' lang='lat'>53.</span> <span class='ocrx_word' id='word_1_261' title='bbox 870 1927 910 1964; x_wconf 88' lang='lat' dir='ltr'>in</span> <span class='ocrx_word' id='word_1_262' title='bbox 943 1926 1026 1966; x_wconf 82' lang='lat' dir='ltr'>Pis.</span> <span class='ocrx_word' id='word_1_263' title='bbox 1060 1924 1111 1977; x_wconf 88' lang='lat'>9,</span> <span class='ocrx_word' id='word_1_264' title='bbox 1144 1926 1257 1976; x_wconf 82' lang='lat'>21.)‚</span> <span class='ocrx_word' id='word_1_265' title='bbox 1298 1925 1339 1964; x_wconf 85' lang='lat' dir='ltr'>id</span> <span class='ocrx_word' id='word_1_266' title='bbox 1385 1938 1460 1977; x_wconf 79' lang='lat' dir='ltr'>ego</span> <span class='ocrx_word' id='word_1_267' title='bbox 1499 1937 1581 1964; x_wconf 85' lang='lat' dir='ltr'>non</span> <span class='ocrx_word' id='word_1_268' title='bbox 1620 1938 1719 1977; x_wconf 91' lang='lat' dir='ltr'>pro-</span> 
     </span>
    </p>
   </div>
   <div class='ocr_carea' id='block_1_6' title="bbox 1777 1484 1781 1996">
    <p class='ocr_par' dir='ltr' id='par_1_8' title="bbox 1777 1484 1781 1996">
     <span class='ocr_line' id='line_1_32' title="bbox 1777 1484 1781 1996; baseline 0 0"><span class='ocrx_word' id='word_1_269' title='bbox 1777 1484 1781 1996; x_wconf 95' lang='lat' dir='ltr'> </span> 
     </span>
    </p>
   </div>
   <div class='ocr_carea' id='block_1_7' title="bbox 255 1981 1781 2092">
    <p class='ocr_par' dir='ltr' id='par_1_9' title="bbox 255 1981 1781 2092">
     <span class='ocr_line' id='line_1_33' title="bbox 256 1981 1781 2039; baseline -0.001 -18"><span class='ocrx_word' id='word_1_270' title='bbox 256 1985 437 2022; x_wconf 82' lang='lat' dir='ltr'>bauerim</span> <span class='ocrx_word' id='word_1_271' title='bbox 469 1987 707 2034; x_wconf 87' lang='lat' dir='ltr'>propterea,</span> <span class='ocrx_word' id='word_1_272' title='bbox 752 1985 846 2034; x_wconf 88' lang='lat' dir='ltr'>quia</span> <span class='ocrx_word' id='word_1_273' title='bbox 888 1984 1210 2034; x_wconf 87' lang='lat' dir='ltr'>quotiescunque</span> <span class='ocrx_word' id='word_1_274' title='bbox 1249 1987 1393 2021; x_wconf 86' lang='lat' dir='ltr'>tecta</span> <span class='ocrx_word' id='word_1_275' title='bbox 1434 1986 1484 2021; x_wconf 88' lang='lat' dir='ltr'>et</span> <span class='ocrx_word' id='word_1_276' title='bbox 1523 1981 1718 2033; x_wconf 86' lang='lat' dir='ltr'>templa</span> <span class='ocrx_word' id='word_1_277' title='bbox 1779 1998 1781 2039; x_wconf 39' lang='grc' dir='ltr'>ξ</span> 
     </span>
     <span class='ocr_line' id='line_1_34' title="bbox 255 2038 1781 2092; baseline -0.001 -13"><span class='ocrx_word' id='word_1_278' title='bbox 255 2041 366 2080; x_wconf 90' lang='lat' dir='ltr'>urbis</span> <span class='ocrx_word' id='word_1_279' title='bbox 399 2044 789 2091; x_wconf 91' lang='lat' dir='ltr'>commemorantur,</span> <span class='ocrx_word' id='word_1_280' title='bbox 828 2040 985 2090; x_wconf 88' lang='lat' dir='ltr'>priuata</span> <span class='ocrx_word' id='word_1_281' title='bbox 1020 2039 1206 2077; x_wconf 83' lang='lat' dir='ltr'>aedificia</span> <span class='ocrx_word' id='word_1_282' title='bbox 1244 2044 1509 2092; x_wconf 88' lang='lat' dir='ltr'>opponuntur</span> <span class='ocrx_word' id='word_1_283' title='bbox 1549 2038 1717 2077; x_wconf 85' lang='lat' dir='ltr'>aedibus</span> <span class='ocrx_word' id='word_1_284' title='bbox 1779 2049 1781 2057; x_wconf 67' lang='lat'><strong><em>⁴</em></strong></span> 
     </span>
    </p>
   </div>
   <div class='ocr_carea' id='block_1_8' title="bbox 250 2095 1718 2541">
    <p class='ocr_par' dir='ltr' id='par_1_10' title="bbox 250 2095 1718 2483">
     <span class='ocr_line' id='line_1_35' title="bbox 254 2095 1716 2149; baseline -0.001 -14"><span class='ocrx_word' id='word_1_285' title='bbox 254 2095 430 2149; x_wconf 90' lang='lat' dir='ltr'>publicis</span> <span class='ocrx_word' id='word_1_286' title='bbox 462 2097 504 2135; x_wconf 91' lang='lat' dir='ltr'>in</span> <span class='ocrx_word' id='word_1_287' title='bbox 537 2097 760 2146; x_wconf 79' lang='lat' dir='ltr'>auguratiS.</span> <span class='ocrx_word' id='word_1_288' title='bbox 822 2096 1078 2133; x_wconf 88' lang='lat' dir='ltr'>Priuatorum</span> <span class='ocrx_word' id='word_1_289' title='bbox 1113 2101 1248 2133; x_wconf 88' lang='lat' dir='ltr'>autem</span> <span class='ocrx_word' id='word_1_290' title='bbox 1281 2096 1560 2134; x_wconf 87' lang='lat' dir='ltr'>aedificiorum</span> <span class='ocrx_word' id='word_1_291' title='bbox 1594 2100 1716 2134; x_wconf 90' lang='lat' dir='ltr'>tuen-</span> 
     </span>
     <span class='ocr_line' id='line_1_36' title="bbox 255 2148 1715 2200; baseline -0.002 -9"><span class='ocrx_word' id='word_1_292' title='bbox 255 2153 399 2191; x_wconf 90' lang='lat' dir='ltr'>dorum</span> <span class='ocrx_word' id='word_1_293' title='bbox 432 2165 531 2190; x_wconf 68' lang='lat' dir='ltr'>⁴non</span> <span class='ocrx_word' id='word_1_294' title='bbox 581 2152 793 2189; x_wconf 61' lang='lat' dir='ltr'>mandata*</span> <span class='ocrx_word' id='word_1_295' title='bbox 821 2156 909 2189; x_wconf 88' lang='lat' dir='ltr'>erat</span> <span class='ocrx_word' id='word_1_296' title='bbox 949 2164 1043 2188; x_wconf 85' lang='lat' dir='ltr'>cura</span> <span class='ocrx_word' id='word_1_297' title='bbox 1094 2152 1347 2191; x_wconf 83' lang='lat' dir='ltr'>censoribus.</span> <span class='ocrx_word' id='word_1_298' title='bbox 1431 2148 1574 2200; x_wconf 88' lang='lat' dir='ltr'>Itaque</span> <span class='ocrx_word' id='word_1_299' title='bbox 1625 2164 1715 2188; x_wconf 90' lang='lat' dir='ltr'>cum</span> 
     </span>
     <span class='ocr_line' id='line_1_37' title="bbox 250 2206 1718 2262; baseline -0.002 -14"><span class='ocrx_word' id='word_1_300' title='bbox 250 2214 421 2262; x_wconf 88' lang='lat' dir='ltr'>praeter</span> <span class='ocrx_word' id='word_1_301' title='bbox 450 2206 604 2259; x_wconf 88' lang='lat' dir='ltr'>templa</span> <span class='ocrx_word' id='word_1_302' title='bbox 634 2207 722 2245; x_wconf 87' lang='lat' dir='ltr'>loca</span> <span class='ocrx_word' id='word_1_303' title='bbox 754 2208 875 2245; x_wconf 88' lang='lat' dir='ltr'>etiam</span> <span class='ocrx_word' id='word_1_304' title='bbox 908 2206 1071 2259; x_wconf 88' lang='lat' dir='ltr'>publica</span> <span class='ocrx_word' id='word_1_305' title='bbox 1103 2208 1342 2245; x_wconf 87' lang='lat' dir='ltr'>censoribus</span> <span class='ocrx_word' id='word_1_306' title='bbox 1383 2206 1536 2244; x_wconf 87' lang='lat' dir='ltr'>tuenda</span> <span class='ocrx_word' id='word_1_307' title='bbox 1577 2214 1718 2245; x_wconf 86' lang='lat' dir='ltr'>essent</span> 
     </span>
     <span class='ocr_line' id='line_1_38' title="bbox 251 2262 1716 2316; baseline -0.002 -12"><span class='ocrx_word' id='word_1_308' title='bbox 251 2265 419 2315; x_wconf 86' lang='lat' dir='ltr'>tradita,</span> <span class='ocrx_word' id='word_1_309' title='bbox 452 2263 570 2302; x_wconf 87' lang='lat' dir='ltr'>loca</span> <span class='ocrx_word' id='word_1_310' title='bbox 600 2266 737 2316; x_wconf 89' lang='lat' dir='ltr'>potius</span> <span class='ocrx_word' id='word_1_311' title='bbox 771 2277 887 2314; x_wconf 89' lang='lat' dir='ltr'>quam</span> <span class='ocrx_word' id='word_1_312' title='bbox 921 2270 1064 2302; x_wconf 84' lang='lat' dir='ltr'>tecta</span> <span class='ocrx_word' id='word_1_313' title='bbox 1097 2265 1369 2301; x_wconf 87' lang='lat' dir='ltr'>restituerim.</span> <span class='ocrx_word' id='word_1_314' title='bbox 1403 2263 1467 2301; x_wconf 87' lang='lat' dir='ltr'>Cf.</span> <span class='ocrx_word' id='word_1_315' title='bbox 1490 2262 1716 2314; x_wconf 77' lang='lat' dir='ltr'>Liu.XLil,</span> 
     </span>
     <span class='ocr_line' id='line_1_39' title="bbox 254 2319 1716 2370; baseline -0.003 -8"><span class='ocrx_word' id='word_1_316' title='bbox 254 2322 294 2363; x_wconf 87' lang='grc'><strong>3.</strong></span> <span class='ocrx_word' id='word_1_317' title='bbox 329 2333 601 2361; x_wconf 88' lang='lat' dir='ltr'>censorem</span> <span class='ocrx_word' id='word_1_318' title='bbox 634 2322 861 2358; x_wconf 88' lang='lat' dir='ltr'>moribus</span> <span class='ocrx_word' id='word_1_319' title='bbox 893 2319 1146 2370; x_wconf 82' lang='lat' dir='ltr'>regendis</span> <span class='ocrx_word' id='word_1_320' title='bbox 1179 2326 1433 2370; x_wconf 88' lang='lat' dir='ltr'>creatum,</span> <span class='ocrx_word' id='word_1_321' title='bbox 1466 2319 1544 2357; x_wconf 87' lang='lat' dir='ltr'>cui</span> <span class='ocrx_word' id='word_1_322' title='bbox 1571 2324 1716 2358; x_wconf 86' lang='lat' dir='ltr'>sarta</span> 
     </span>
     <span class='ocr_line' id='line_1_40' title="bbox 251 2375 1717 2429; baseline -0.003 -12"><span class='ocrx_word' id='word_1_323' title='bbox 251 2384 395 2418; x_wconf 85' lang='lat' dir='ltr'>tecta</span> <span class='ocrx_word' id='word_1_324' title='bbox 420 2379 632 2428; x_wconf 80' lang='lat' dir='ltr'>exigere</span> <span class='ocrx_word' id='word_1_325' title='bbox 665 2379 837 2415; x_wconf 90' lang='lat' dir='ltr'>sacris</span> <span class='ocrx_word' id='word_1_326' title='bbox 870 2376 1098 2429; x_wconf 88' lang='lat' dir='ltr'>publicis</span> <span class='ocrx_word' id='word_1_327' title='bbox 1132 2381 1182 2414; x_wconf 88' lang='lat' dir='ltr'>et</span> <span class='ocrx_word' id='word_1_328' title='bbox 1212 2375 1330 2414; x_wconf 84' lang='lat' dir='ltr'>loca</span> <span class='ocrx_word' id='word_1_329' title='bbox 1363 2375 1555 2414; x_wconf 87' lang='lat' dir='ltr'>tuenda</span> <span class='ocrx_word' id='word_1_330' title='bbox 1580 2388 1717 2414; x_wconf 84' lang='lat' dir='ltr'>more</span> 
     </span>
     <span class='ocr_line' id='line_1_41' title="bbox 252 2431 1715 2483; baseline -0.002 -9"><span class='ocrx_word' id='word_1_331' title='bbox 252 2437 501 2474; x_wconf 87' lang='lat' dir='ltr'>maiorum</span> <span class='ocrx_word' id='word_1_332' title='bbox 533 2433 788 2472; x_wconf 88' lang='lat' dir='ltr'>traditum</span> <span class='ocrx_word' id='word_1_333' title='bbox 824 2439 987 2473; x_wconf 82' lang='lat' dir='ltr'>esset.</span> <span class='ocrx_word' id='word_1_334' title='bbox 1050 2433 1159 2471; x_wconf 84' lang='lat' dir='ltr'>Uide</span> <span class='ocrx_word' id='word_1_335' title='bbox 1179 2435 1302 2470; x_wconf 90' lang='lat' dir='ltr'>etiam</span> <span class='ocrx_word' id='word_1_336' title='bbox 1326 2431 1624 2483; x_wconf 74' lang='lat' dir='ltr'>Lin.xXX1X,</span> <span class='ocrx_word' id='word_1_337' title='bbox 1645 2431 1715 2473; x_wconf 82' lang='grc'>44.</span> 
     </span>
    </p>

    <p class='ocr_par' dir='ltr' id='par_1_11' title="bbox 367 2488 1714 2541">
     <span class='ocr_line' id='line_1_42' title="bbox 367 2488 1714 2541; baseline -0.001 -10"><span class='ocrx_word' id='word_1_338' title='bbox 367 2490 573 2541; x_wconf 85' lang='lat' dir='ltr'>tuento]</span> <span class='ocrx_word' id='word_1_339' title='bbox 635 2491 746 2529; x_wconf 85' lang='lat' dir='ltr'>Man.</span> <span class='ocrx_word' id='word_1_340' title='bbox 782 2495 823 2528; x_wconf 92' lang='lat' dir='ltr'>et</span> <span class='ocrx_word' id='word_1_341' title='bbox 854 2491 997 2529; x_wconf 86' lang='lat' dir='ltr'>Lamb.</span> <span class='ocrx_word' id='word_1_342' title='bbox 1039 2502 1129 2528; x_wconf 91' lang='lat' dir='ltr'>cum</span> <span class='ocrx_word' id='word_1_343' title='bbox 1171 2489 1274 2530; x_wconf 82' lang='lat' dir='ltr'>dett.</span> <span class='ocrx_word' id='word_1_344' title='bbox 1313 2488 1550 2541; x_wconf 87' lang='lat' dir='ltr'>quibusdam</span> <span class='ocrx_word' id='word_1_345' title='bbox 1594 2489 1714 2530; x_wconf 84' lang='lat' dir='ltr'>codd.</span> 
     </span>
    </p>
   </div>
   <div class='ocr_carea' id='block_1_9' title="bbox 249 2546 1781 2657">
    <p class='ocr_par' dir='ltr' id='par_1_12' title="bbox 249 2546 1781 2657">
     <span class='ocr_line' id='line_1_43' title="bbox 249 2546 1781 2599; baseline -0.002 -11"><span class='ocrx_word' id='word_1_346' title='bbox 249 2554 437 2588; x_wconf 89' lang='lat' dir='ltr'>tuento</span> <span class='ocrx_word' id='word_1_347' title='bbox 451 2562 483 2589; x_wconf 85' lang='lat' dir='ltr'>r.</span> <span class='ocrx_word' id='word_1_348' title='bbox 544 2547 627 2586; x_wconf 86' lang='lat' dir='ltr'>Sed</span> <span class='ocrx_word' id='word_1_349' title='bbox 658 2547 833 2599; x_wconf 92' lang='lat' dir='ltr'>plurium</span> <span class='ocrx_word' id='word_1_350' title='bbox 865 2549 1082 2586; x_wconf 87' lang='lat' dir='ltr'>uerborum</span> <span class='ocrx_word' id='word_1_351' title='bbox 1116 2546 1410 2599; x_wconf 88' lang='lat' dir='ltr'>deponentium</span> <span class='ocrx_word' id='word_1_352' title='bbox 1443 2546 1580 2597; x_wconf 92' lang='lat' dir='ltr'>prisce</span> <span class='ocrx_word' id='word_1_353' title='bbox 1612 2548 1716 2585; x_wconf 88' lang='lat' dir='ltr'>acti·</span> <span class='ocrx_word' id='word_1_354' title='bbox 1780 2546 1781 2551; x_wconf 73' lang='grc'>’</span> 
     </span>
     <span class='ocr_line' id='line_1_44' title="bbox 249 2602 1781 2657; baseline -0.003 -13"><span class='ocrx_word' id='word_1_355' title='bbox 249 2619 337 2645; x_wconf 87' lang='lat' dir='ltr'>uam</span> <span class='ocrx_word' id='word_1_356' title='bbox 385 2606 556 2643; x_wconf 86' lang='lat' dir='ltr'>formam</span> <span class='ocrx_word' id='word_1_357' title='bbox 607 2617 700 2642; x_wconf 92' lang='lat' dir='ltr'>esse</span> <span class='ocrx_word' id='word_1_358' title='bbox 745 2611 983 2657; x_wconf 88' lang='lat' dir='ltr'>usurpatam</span> <span class='ocrx_word' id='word_1_359' title='bbox 1033 2606 1132 2643; x_wconf 85' lang='lat' dir='ltr'>satis</span> <span class='ocrx_word' id='word_1_360' title='bbox 1180 2608 1357 2643; x_wconf 84' lang='lat' dir='ltr'>constat.</span> <span class='ocrx_word' id='word_1_361' title='bbox 1417 2602 1484 2641; x_wconf 82' lang='lat' dir='ltr'>Cf.</span> <span class='ocrx_word' id='word_1_362' title='bbox 1536 2602 1713 2653; x_wconf 79' lang='lat' dir='ltr'>Reisigii</span> <span class='ocrx_word' id='word_1_363' title='bbox 1780 2639 1781 2655; x_wconf 16' lang='grc' dir='ltr'><strong>χ</strong></span> 
     </span>
    </p>
   </div>
   <div class='ocr_carea' id='block_1_10' title="bbox 250 2660 1781 2769">
    <p class='ocr_par' dir='ltr' id='par_1_13' title="bbox 250 2660 1781 2769">
     <span class='ocr_line' id='line_1_45' title="bbox 250 2660 1781 2714; baseline 0.001 -13"><span class='ocrx_word' id='word_1_364' title='bbox 250 2660 382 2701; x_wconf 89' lang='lat' dir='ltr'>schol.</span> <span class='ocrx_word' id='word_1_365' title='bbox 409 2665 623 2714; x_wconf 81' lang='lat' dir='ltr'>grammat.</span> <span class='ocrx_word' id='word_1_366' title='bbox 654 2674 696 2713; x_wconf 89' lang='lat' dir='ltr'>p.</span> <span class='ocrx_word' id='word_1_367' title='bbox 729 2661 827 2702; x_wconf 77' lang='grc'><strong>243.</strong></span> <span class='ocrx_word' id='word_1_368' title='bbox 856 2675 944 2713; x_wconf 90' lang='lat' dir='ltr'>sqq.</span> <span class='ocrx_word' id='word_1_369' title='bbox 1780 2694 1781 2702; x_wconf 68' lang='grc'>,</span> 
     </span>
     <span class='ocr_line' id='line_1_46' title="bbox 365 2714 1781 2769; baseline -0.002 -12"><span class='ocrx_word' id='word_1_370' title='bbox 365 2719 449 2757; x_wconf 86' lang='lat' dir='ltr'>des</span> <span class='ocrx_word' id='word_1_371' title='bbox 465 2719 647 2757; x_wconf 88' lang='lat' dir='ltr'>cribun</span> <span class='ocrx_word' id='word_1_372' title='bbox 663 2718 729 2769; x_wconf 89' lang='lat' dir='ltr'>to]</span> <span class='ocrx_word' id='word_1_373' title='bbox 792 2719 870 2757; x_wconf 84' lang='lat' dir='ltr'>Pro</span> <span class='ocrx_word' id='word_1_374' title='bbox 902 2719 1006 2757; x_wconf 78' lang='lat' dir='ltr'>dett.</span> <span class='ocrx_word' id='word_1_375' title='bbox 1029 2716 1281 2769; x_wconf 88' lang='lat' dir='ltr'>quorundam</span> <span class='ocrx_word' id='word_1_376' title='bbox 1305 2714 1427 2754; x_wconf 87' lang='lat' dir='ltr'>codd.</span> <span class='ocrx_word' id='word_1_377' title='bbox 1452 2716 1714 2755; x_wconf 86' lang='lat' dir='ltr'>correctione</span> <span class='ocrx_word' id='word_1_378' title='bbox 1780 2758 1781 2765; x_wconf 12' lang='grc' dir='ltr'>ἵ</span> 
     </span>
    </p>
   </div>
   <div class='ocr_carea' id='block_1_11' title="bbox 249 2773 1781 2827">
    <p class='ocr_par' dir='ltr' id='par_1_14' title="bbox 249 2773 1781 2827">
     <span class='ocr_line' id='line_1_47' title="bbox 249 2773 1781 2827; baseline -0.003 -13"><span class='ocrx_word' id='word_1_379' title='bbox 249 2774 638 2825; x_wconf 86' lang='lat' dir='ltr'>distribuunto,</span> <span class='ocrx_word' id='word_1_380' title='bbox 672 2787 773 2826; x_wconf 91' lang='lat' dir='ltr'>quae</span> <span class='ocrx_word' id='word_1_381' title='bbox 804 2775 939 2814; x_wconf 83' lang='lat' dir='ltr'>adhuc</span> <span class='ocrx_word' id='word_1_382' title='bbox 973 2773 1135 2827; x_wconf 80' lang='lat' dir='ltr'>uulgata</span> <span class='ocrx_word' id='word_1_383' title='bbox 1169 2779 1261 2826; x_wconf 83' lang='lat' dir='ltr'>est,</span> <span class='ocrx_word' id='word_1_384' title='bbox 1304 2773 1453 2812; x_wconf 85' lang='lat' dir='ltr'>merito</span> <span class='ocrx_word' id='word_1_385' title='bbox 1492 2773 1712 2825; x_wconf 87' lang='lat' dir='ltr'>Zumptius</span> <span class='ocrx_word' id='word_1_386' title='bbox 1780 2821 1781 2826; x_wconf 15' lang='lat'>¹</span> 
     </span>
    </p>
   </div>
  </div>
 </body>
</html>
