1781 3192
419 188 577 225 Limen
610 185 911 224 SECUNDUS.
965 184 1060 223 CM»
1098 184 1167 222 Xi.
1437 183 1517 220 171

57 299 249 339 mendum
289 296 502 337 meliorum
544 310 622 336 non
671 297 807 334 minus
859 296 981 346 huic,
1029 307 1146 346 quam
1185 291 1247 332 illi
1285 294 1517 344 scripturae

56 354 216 407 fauet),
258 357 344 406 ipsa
385 357 420 392 ui
461 367 532 392 sua
570 353 669 391 illud
714 365 801 389 cum
845 362 892 389 eo
932 365 1012 389 non
1045 350 1387 402 improbauerim,
1420 350 1514 399 quia

56 412 336 449 diuturnitatis
366 412 477 448 notio
509 411 556 447 ab
586 411 663 447 hoc
694 407 782 445 loco
814 407 946 445 aliena
977 409 1029 446 sit
1053 419 1243 456 aramque
1270 418 1358 443 cum
1391 403 1514 442 laude

57 473 99 504 et
136 469 290 504 honore
332 467 411 505 dici
454 479 623 503 necesse
672 465 736 501 sit.
807 463 1006 513 Reliqua,
1051 475 1152 513 quae
1192 461 1243 499 de
1285 461 1514 512 antiquiore

58 523 241 560 'l'urnebi
281 524 486 559 sententia
529 526 637 569 (nam
679 525 823 570 postea
866 521 1058 567 mutauit)
1109 516 1343 555 melioribus
1394 515 1512 555 codd.

55 580 289 617 confirmata
306 582 417 615 recte
435 577 579 628 reliqui
598 577 920 614 constituerant:
940 575 962 611 d
977 588 998 612 e
1012 581 1027 612 t
1041 587 1091 611 es
1105 578 1153 611 ta
1167 580 1182 610 t
1196 587 1214 610 3
1231 587 1251 623 q
1268 586 1289 609 u
1304 585 1325 610 e
1344 585 1365 609 o
1381 585 1417 609 m
1431 572 1515 609 nia

56 635 231 671 eiusm.
275 646 382 684 rep.
418 640 557 683 sunt,
590 633 717 670 frusta
751 632 1002 681 impugnauit
1033 636 1075 668 et
1105 629 1245 667 Madu.
1279 633 1320 665 et
1351 628 1513 666 Bakius.

56 687 160 737 Quid
191 686 328 725 enim?
370 689 548 727 Primum
584 687 689 739 quod
736 688 873 725 Madu.
916 689 971 724 ait
1008 692 1100 737 post
1138 685 1409 722 detestata
1448 684 1512 719 in-

53 743 268 781 commode
300 744 378 782 dici
413 745 699 792 eiusmodi,
733 744 774 781 id
807 756 885 780 non
919 741 1049 780 solum
1083 738 1399 788 incommodum,
1435 736 1511 775 sed

53 800 174 836 etiam
215 803 491 838 necessarium
535 806 612 838 est.
683 800 785 837 Nam
830 799 955 836 multa
996 804 1092 835 sunt
1133 797 1361 845 detestata,
1410 805 1513 844 quae

51 854 170 891 huius
202 857 369 903 generis
402 869 479 893 non
514 859 597 895 sint
624 868 808 906 quaeque
830 867 1072 891 consecrare
1098 856 1136 891 in
1165 858 1344 890 mentem
1375 850 1515 887 ueniat

50 911 204 947 nemini
300 911 413 949 llaec
463 914 588 963 igitur
634 914 714 948 isto
765 910 885 948 modo
936 908 1217 947 excluduntur.
1301 908 1354 944 Et
1403 903 1512 956 quod

53 965 206 1002 deinde
239 978 477 1016 peruersum
513 981 604 1005 esse
635 969 691 1004 ait
721 967 860 1004 dicere
884 966 1164 1003 detestata
1196 967 1363 1001 omnia
1395 973 1513 999 esse

50 1034 141 1071 rep
157 1021 309 1058 udian
326 1022 348 1059 d
365 1035 401 1071 a,
426 1026 538 1072 quasi
558 1025 783 1074 quisquam,
809 1013 910 1072 qliae
928 1021 1177 1069 detestetur,
1202 1033 1281 1057 non
1306 1017 1512 1069 repudiet,

51 1077 129 1114 hoc
162 1090 241 1113 non
279 1078 390 1114 cadit
423 1080 461 1115 in
494 1080 598 1116 haec
632 1079 852 1126 detestata,
885 1090 985 1127 quae
1005 1080 1356 1113 consecrarentur.
1410 1073 1513 1110 Nam

48 1131 311 1182 Pudicitiam,
346 1133 662 1182 Contumeliam,
705 1134 782 1170 alia
823 1133 1029 1169 detestata
1073 1145 1163 1170 cum
1204 1132 1511 1177 consecrarent,

48 1187 295 1238 intelligitur
340 1201 419 1225 non
476 1203 569 1227 csse
610 1189 838 1239 repudiata.
906 1189 1092 1237 Denique
1134 1200 1205 1224 cur
1244 1197 1336 1223 arae
1374 1196 1512 1222 rerum

51 1243 385 1281 detestandarum
429 1243 542 1298 (nam
583 1246 659 1282 hae
706 1258 804 1281 sane
836 1244 924 1296 ditj'
949 1244 1143 1281 uidentur
1174 1241 1398 1293 repudiari,
1429 1252 1511 1277 non

49 1301 163 1350 ipsae
195 1312 260 1336 res
295 1299 541 1340 detestatae.
576 1302 629 1338 cf.
657 1301 685 1345 ᾇ.
709 1298 801 1353 27.)
834 1300 1110 1337 detestatione
1143 1313 1162 1336 3
1194 1300 1314 1335 rebus
1347 1296 1396 1334 ad
1421 1308 1511 1333 aras

47 1354 245 1392 translata
279 1356 359 1393 dici
396 1369 476 1394 non
510 1359 671 1408 possint
700 1369 768 1394 res
799 1356 1046 1405 detestatae,
1086 1367 1161 1404 ego
1194 1367 1273 1392 non
1306 1351 1511 1401 imelligO.

48 1411 90 1448 ln
143 1412 270 1461 ipsius
314 1412 512 1462 Maduigii
560 1414 791 1449 coniectura
835 1410 1005 1448 Malae
1052 1412 1318 1448 Fortunae
1367 1407 1512 1445 dete-

48 1466 274 1503 standae
299 1472 451 1516 atque
484 1469 651 1504 omnia
682 1469 863 1504 eiusm.
897 1479 1001 1516 rep.
1036 1472 1156 1503 sunt
1190 1464 1294 1503 male
1320 1464 1514 1501 sehabet

49 1522 422 1571 detestandae,
466 1525 552 1560 siue
593 1523 641 1559 ad
682 1535 798 1560 aras
848 1521 1065 1571 retuleris,
1118 1523 1205 1559 siue
1245 1521 1295 1558 ad
1337 1518 1510 1557 Malae

48 1577 207 1614 Fortu
222 1590 329 1616 nae.
399 1579 542 1616 Bakins
587 1583 630 1615 et
683 1584 824 1616 contra
866 1578 980 1615 codd.
1031 1583 1074 1615 et
1121 1577 1264 1628 putide
1315 1587 1510 1625 araque

48 1638 201 1670 uetus
235 1635 281 1670 in
315 1633 516 1684 palatio
541 1635 730 1672 Febris
764 1639 814 1671 et
843 1633 1017 1671 altera
1050 1633 1310 1684 Esquiliis
1342 1631 1511 1669 Malae

45 1689 334 1737 Fortunae,
367 1703 490 1740 qnae
522 1690 860 1737 detestanda,
895 1692 1168 1741 omniaque
1203 1691 1381 1727 eiusm.
1407 1700 1512 1738 rep.

46 1748 190 1792 sunt;
224 1745 394 1793 Lbinus,
433 1748 524 1795 quia
567 1751 663 1784 ante
693 1747 918 1796 scripserat
957 1758 1152 1796 araque
1194 1749 1346 1783 uetus
1388 1748 1508 1792 stat,

46 1799 98 1837 de
136 1799 263 1837 altera
294 1801 478 1838 'l‘urnebi
521 1804 626 1840 coni.
662 1801 781 1848 (Adu.
824 1801 927 1841 xlv.
972 1814 1006 1840 c.
1051 1804 1112 1847 6.)
1157 1802 1345 1852 scripsit:
1387 1812 1511 1851 quae

46 1857 217 1893 omnia
249 1857 509 1894 eiusmodi
542 1856 875 1894 detestanda
906 1862 954 1894 et
985 1869 1091 1908 rep.
1124 1863 1268 1906 sunt,
1297 1869 1387 1894 cum
1420 1858 1510 1906 ipse

46 1917 183 1949 tamen
216 1913 463 1949 coniiceret:
496 1926 628 1962 quae
661 1911 924 1950 eiusmodi
960 1917 1008 1950 et
1039 1912 1316 1950 detestata
1340 1912 1510 1949 omnia

46 1980 150 2017 rep.
184 1979 235 2003 su
255 1980 276 2003 n
293 1972 321 2004 t.
382 1968 528 2005 Febris
562 1968 698 2006 sanum
733 1970 771 2005 in
803 1967 956 2018 palatio
1001 1973 1043 2006 et
1081 1981 1191 2005 aram
1230 1966 1366 2006 Malae
1404 1968 1509 2005 For-

46 2029 168 2060 tunae
206 2023 247 2058 in
277 2022 476 2072 Esquiliis
519 2024 605 2062 Cic.
652 2026 777 2061 etiam
816 2023 866 2061 de
906 2024 1001 2062 Nat.
1042 2025 1162 2062 Deor.
1197 2020 1288 2073 Ill,
1330 2023 1400 2063 25.
1439 2021 1509 2064 64.

47 2081 395 2116 commemorauit.
431 2078 495 2116 Cf.
522 2079 609 2117 Ael.
642 2080 735 2118 Var.
763 2080 818 2117 H.
851 2079 938 2128 Xll,
968 2079 1033 2118 11.
1067 2080 1174 2118 Plin.
1205 2081 1259 2118 Η.
1292 2080 1344 2118 Ν.
1377 2075 1435 2129 II,
1468 2079 1509 2119 ὃ.

53 2133 145 2172 val.
177 2133 287 2172 Max.
320 2130 378 2184 II,
412 2135 448 2174 5.
482 2134 522 2175 6.
554 2136 652 2185 Aug.
686 2135 732 2173 C.
766 2136 810 2174 D.
843 2131 924 2185 llI,
957 2134 1025 2174 25.

157 2189 356 2236 Quodsi
389 2190 664 2242 fingenda]
728 2191 768 2228 ln
812 2190 905 2229 cod.
947 2191 1057 2230 arch.
1084 2190 1225 2243 procul
1257 2190 1378 2228 dubio
1408 2189 1511 2228 haec

44 2249 183 2282 erant:
210 2245 398 2294 quodsi
425 2246 678 2296 fingenda
701 2250 900 2285 nomina
923 2247 1245 2299 Uicaepotae
1269 2253 1318 2284 et
1338 2248 1508 2297 potius

44 2299 132 2348 (uel
174 2304 401 2351 epotius)
445 2303 691 2341 uincendi
734 2308 886 2353 atque
922 2303 1171 2354 potiundi
1205 2302 1509 2341 Statasandi

45 2359 455 2408 cognominaque
486 2363 565 2398 cet.
626 2361 783 2408 Quibus
821 2360 886 2410 qui
926 2364 1022 2397 ante
1053 2360 1198 2398 Gzium
1231 2360 1509 2397 coniecturam

44 2414 103 2449 ita
133 2418 510 2463 superstruxerunt‚
545 2420 588 2453 ut
623 2415 834 2453 Gerundia
867 2416 1112 2466 retinerent,
1146 2430 1166 2454 a
1194 2421 1307 2453 recta
1338 2416 1402 2451 uia
1434 2414 1509 2452 de-

43 2469 261 2518 flexerunt,
294 2474 337 2507 ut
368 2470 508 2508 Lamb.
541 2471 692 2520 (quod
724 2473 766 2509 si
796 2472 926 2522 sing.
959 2474 1168 2510 nomina
1199 2476 1316 2509 sunt
1348 2471 1507 2509 Uicae

43 2528 237 2576 poetae
258 2525 513 2576 fingenda
532 2528 712 2577 potius
734 2541 757 2565 a
776 2527 1043 2567 uincendo
1063 2534 1215 2579 atque
1236 2527 1508 2579 potiundo,

44 2582 398 2632 sistendoque
447 2585 764 2632 cognomina
804 2583 1060 2635 Statoris,
1099 2584 1507 2636 Omnipotentis

45 2642 98 2674 et
136 2639 334 2676 inuicti
377 2636 509 2690 cet.),
548 2646 590 2677 et
628 2640 816 2678 Dauisius
855 2640 1058 2691 (quodsi
1097 2640 1233 2691 sing.
1282 2641 1507 2688 numina,

46 2692 172 2732 Uica
209 2699 331 2747 pota
362 2700 511 2732 esset
541 2696 720 2746 potius
760 2696 1009 2735 uincendi
1055 2701 1210 2748 atque
1247 2695 1508 2749 potiundi,

50 2748 201 2788 Stata
239 2750 418 2789 standi
449 2753 872 2802 cognominaque
910 2758 1029 2802 cet.);
1071 2759 1267 2803 recteque
1299 2752 1401 2790 Gzio
1441 2763 1507 2789 as-

1240 2824 1288 2843 *st
