1781 3192
471 199 631 238 Limen
659 197 883 237 PltiMUS.
932 196 1031 237 CM».
1066 195 1173 234 XXI.
1469 192 1556 230 107

83 315 237 352 Dauisii
272 316 378 351 coni.
412 312 618 363 pareri,
649 310 893 362 praesertim
926 321 1016 347 cum
1055 309 1094 345 in
1135 308 1212 344 hoc
1252 304 1378 343 uerbo
1414 305 1543 354 magis

78 371 290 421 agendi,
325 382 442 420 quam
478 369 654 419 patien
676 366 725 403 di
757 367 965 403 notionem
996 363 1196 402 declarari
1229 363 1416 400 attineat.

191 423 638 477 disputationem]
702 422 815 460 Unus
849 422 974 459 Gzius
1016 434 1064 458 ex
1095 420 1233 471 paucis
1264 416 1383 457 codd.
1417 415 1537 454 (lete-

77 483 250 520 rioribus
306 480 423 534 (pal.
455 480 493 521 4.
527 482 591 518 Br.
624 479 734 517 OxU.
783 502 836 506 —
887 477 1089 516 accedunt
1138 489 1243 514 nunc
1285 481 1318 520 y
1364 477 1405 511 et
1445 471 1538 525 Μ.)

77 544 234 576 temere
268 538 401 575 edidit
433 537 857 584 dubitationem,
897 547 999 584 quae
1041 534 1204 585 propria
1238 534 1302 569 est
1327 529 1536 567 delibera-

76 596 216 643 tionis,
250 607 329 631 non
365 594 670 644 disputationis,
717 604 834 641 quam
868 592 1044 639 Quintus
1088 590 1129 626 h.
1163 587 1190 626 1.
1231 587 1414 637 requirit.
1468 585 1534 624 Cf.

74 652 108 699 ᾗ.
140 650 208 688 52.
248 654 333 686 est
374 650 528 687 huius
575 661 695 687 uero
735 647 1135 699 disputationis
1173 644 1437 695 proprium
1468 640 1536 690 id,

73 705 204 755 quod
236 710 528 756 exspectas,

188 762 278 799 sed
309 767 457 799 certe
490 763 563 799 ita
596 773 649 798 se
686 773 771 798 res
813 759 994 809 habet]
1065 759 1213 808 Magna
1254 761 1318 794 est
1358 756 1536 793 uirorum

73 816 283 855 doctorum
326 819 364 854 in
404 819 467 855 his
511 818 644 855 uerbis
684 815 749 854 uel
785 815 1108 866 interpretandis
1152 812 1217 851 uel
1259 810 1535 850 diiudicandis

72 873 290 912 dissensio.
353 874 429 912 Alii
466 875 601 912 Marco
634 873 866 910 tribuerunt
897 873 997 910 haec
1022 872 1155 909 omnia
1187 868 1277 907 sed
1308 871 1454 906 certe
1481 888 1534 896 -

70 930 376 979 perfecturi
414 942 616 978 sumus,
651 928 717 967 alii
751 930 919 978 Quinto,
961 927 1028 965 alii
1072 927 1250 976 denique
1282 926 1404 963 haec:
1445 922 1537 962 sed

71 991 220 1023 certe
261 1010 314 1013 —
353 991 611 1036 tamquam
655 985 775 1034 lege
818 987 993 1022 uiuere
1043 997 1115 1034 pro
1163 984 1536 1032 interpretamento

70 1042 312 1079 habuerunt.
376 1044 451 1091 Qui
485 1042 648 1092 quidem
675 1042 813 1078 Marco
847 1043 925 1077 ista
949 1041 1084 1077 omnia
1115 1040 1364 1087 tribuerunt,
1396 1037 1425 1074 ii
1452 1048 1534 1073 non

70 1097 361 1145 attenderunt,
414 1100 468 1135 ita
510 1098 720 1145 Marcum,
770 1098 838 1146 qui
886 1110 1008 1147 supra
1057 1095 1193 1132 sedari
1241 1106 1364 1145 posse
1412 1095 1534 1130 istam

68 1155 388 1191 controuersiam
423 1153 599 1201 dixerat,
629 1165 768 1189 secum
801 1154 935 1203 ipsum
968 1164 1166 1202 pugnare,
1200 1163 1276 1187 nec
1308 1161 1405 1186 uero
1438 1152 1533 1199 apte

68 1211 115 1247 ab
144 1221 208 1258 eo,
241 1222 329 1246 cum
362 1211 439 1246 iam
464 1210 662 1246 terminos
684 1206 954 1258 requirendos
988 1220 1080 1245 esse
1111 1207 1285 1244 dixisset
1318 1220 1338 1243 a
1362 1206 1534 1243 Socrate

67 1267 328 1313 constitutos,
380 1264 587 1316 duplicem
626 1263 961 1302 Academicorum
1018 1269 1059 1301 et
1101 1264 1333 1301 Stoicorum
1385 1261 1534 1299 summi

68 1323 160 1359 boni
194 1321 476 1360 definitionem
510 1322 567 1358 ita
597 1322 787 1372 proponi,
821 1325 864 1358 ut
897 1320 1066 1358 alteram
1102 1324 1233 1357 utram
1267 1332 1402 1356 ueram
1438 1329 1532 1355 esse

67 1377 311 1415 declararet.
371 1379 458 1416 Nec
501 1378 714 1428 quicquam
755 1377 926 1415 Rathius
965 1378 1167 1427 profecit,
1213 1377 1280 1426 qui
1319 1377 1533 1426 superiora

67 1433 137 1471 illa
185 1434 273 1471 sed
313 1442 453 1471 certe
496 1456 547 1460 —
590 1433 708 1483 lege
749 1435 934 1471 uiuere
978 1434 1143 1481 Marco,
1189 1445 1291 1482 quae
1335 1432 1533 1480 deinceps

69 1495 312 1539 sequuntur:
366 1494 697 1541 quapropter
745 1490 842 1526 hoc
892 1512 945 1516 —-
998 1489 1307 1539 perfecturi
1354 1498 1531 1524 sumus

68 1547 220 1594 Quinto
253 1546 399 1583 tribuit
429 1549 471 1582 et
503 1546 593 1594 quia
628 1545 728 1583 haec
761 1558 810 1582 ex
843 1544 926 1582 illis
960 1545 1089 1582 Marci
1121 1545 1257 1582 uerbis
1297 1545 1408 1581 necti
1450 1555 1529 1580 non

68 1614 193 1653 posse
224 1600 446 1650 intellexit,
485 1602 595 1638 inter
624 1601 725 1638 haec
763 1602 893 1639 Marci
927 1606 968 1638 et
1000 1602 1138 1649 Quinti
1172 1602 1298 1637 uerba
1330 1598 1532 1637 excidisse

69 1657 267 1707 quaedam
310 1659 579 1695 existimauit.
642 1653 785 1707 Itaque
827 1659 858 1694 si
903 1659 978 1695 ista
1018 1658 1194 1707 genuina
1234 1661 1343 1705 sunt,
1382 1657 1532 1704 Quinto

66 1715 300 1752 tribuantur
338 1726 510 1751 necesse
544 1717 617 1750 est.
676 1714 731 1751 Ac
762 1713 861 1752 licet
890 1715 948 1751 eis
982 1714 1146 1751 omissis
1170 1714 1293 1750 uerba
1316 1712 1534 1763 sequentia

64 1775 386 1821 quapropter
433 1770 525 1807 hoc
558 1768 840 1807 diiudicari
874 1771 1055 1808 nescio
1088 1782 1145 1806 an
1179 1782 1408 1819 umquam
1451 1774 1531 1807 cet.

64 1827 219 1877 optime
262 1830 488 1876 congruant
527 1838 617 1863 cum
661 1825 768 1864 illis:
809 1839 914 1863 uam
957 1828 1064 1864 ista
1102 1825 1308 1876 quidem
1350 1837 1531 1875 magua

64 1882 393 1920 diiudicatio
435 1886 539 1930 est3
592 1886 728 1919 tamen
773 1884 850 1919 ista
890 1895 966 1933 ego
1011 1896 1089 1920 non
1134 1883 1260 1920 ausim
1304 1880 1530 1933 expellere,

66 1951 168 1988 quae
210 1943 251 1975 et
293 1938 480 1976 codicum
524 1939 768 1976 auctoritate
812 1937 877 1976 uel
920 1940 1092 1976 maxime
1134 1941 1216 1976 sint
1257 1939 1415 1976 firmata
1454 1951 1530 1974 nec

65 1994 220 2032 librarii
280 1996 489 2044 ingenium
545 1996 643 2031 satis
685 1995 785 2032 mihi
830 2008 975 2047 sapere
1007 1995 1239 2044 uideantur,
1281 1995 1529 2046 praesertim

66 2064 156 2088 cum
199 2051 238 2087 in
282 2050 372 2088 rod.
417 2051 527 2087 arch.
573 2052 829 2088 breuioribus
869 2052 1111 2101 quibusdam
1144 2051 1530 2101 interpretamentis

65 2107 272 2156 inquinato
306 2105 515 2156 amplioris
548 2107 905 2156 interpretamenti
940 2109 1159 2157 uestigium
1195 2107 1349 2145 nullum
1377 2111 1532 2144 exstet:

62 2163 104 2199 si
146 2163 270 2212 igitur
300 2164 453 2211 Quinto
494 2165 589 2199 sunt
627 2162 871 2212 tribuenda,
914 2167 1031 2214 patet
1073 2164 1121 2200 ab
1150 2176 1198 2199 eo
1230 2163 1528 2213 Epicureorum

62 2220 263 2256 rationem
308 2218 468 2256 excludi
503 2223 625 2269 atque
658 2228 733 2256 'eas
777 2221 925 2257 summi
964 2220 1057 2257 boni
1101 2219 1369 2257 definitiones
1414 2219 1528 2270 poni,

64 2288 163 2324 quae
200 2274 314 2312 solae
356 2276 397 2312 in
444 2276 523 2312 ista
564 2274 859 2313 diiudicatione
899 2277 937 2313 in
979 2288 1144 2313 censum
1178 2277 1321 2312 uenire
1352 2277 1530 2326 possint,

62 2331 348 2368 Academicam
389 2330 559 2368 alteram
607 2333 685 2379 (ex
726 2336 916 2369 natura
956 2333 1145 2369 uiuere
1184 2334 1211 2370 i.
1253 2345 1287 2370 e.
1342 2333 1455 2369 uita
1487 2334 1529 2371 ’Ἠ

63 2386 271 2424 modica
312 2391 363 2423 et
402 2393 521 2437 apta
569 2388 779 2425 uirtute
830 2387 1084 2439 perfrui),
1134 2388 1306 2426 alteram
1348 2388 1530 2425 Stoicam

62 2447 319 2488 (naturam
354 2444 499 2492 sequi
534 2446 647 2488 cet.).
709 2444 809 2482 Nam
842 2444 993 2481 labitur
1023 2444 1186 2493 Bakius,
1218 2446 1283 2494 qui
1314 2449 1529 2494 utramque

61 2499 343 2536 definitionem
378 2499 558 2536 Stoicam
591 2511 684 2536 esse
717 2500 833 2538 dicit.
896 2500 1032 2551 Ipsum
1075 2499 1400 2552 perfruendi
1432 2513 1528 2537 uer-

62 2557 155 2593 bum
190 2554 299 2592 illam
326 2555 610 2592 Academicam
642 2568 735 2593 csse
763 2556 1048 2594 definitionem
1071 2555 1302 2595 luculenter
1330 2555 1528 2607 declarat,

65 2625 152 2649 cum
186 2613 335 2650 Stoicis
368 2613 466 2649 satis
498 2615 613 2649 esset
644 2611 712 2649 illa
745 2615 994 2661 cousectari3
1027 2627 1073 2652 ac
1108 2612 1284 2651 similem
1308 2613 1527 2652 Academi-

63 2681 197 2706 corum
233 2673 273 2705 et
298 2669 671 2719 Peripateticorum
706 2668 989 2707 definitionem
1023 2671 1238 2722 proposuit
1271 2668 1322 2708 de
1346 2670 1437 2709 Fin.
1459 2669 1529 2719 lv,

158 2791 188 2828 Ἴ
219 2802 342 2823 errore
370 2791 634 2834 typographico
668 2792 699 2824 in
727 2792 919 2825 uerborum
947 2797 1114 2827 contextu
1137 2792 1309 2826 omissum
1341 2797 1393 2825 ost
1423 2793 1531 2826 uita.

1261 2854 1309 2874 Η
