1781 3192
212 190 303 230 282
786 190 854 229 DE
890 189 1122 233 LEGIBUS

228 311 271 345 et
311 308 492 343 creatum
543 305 585 339 et
627 308 820 342 necatum
870 302 1006 344 denuo
1054 312 1236 345 creatum
1286 319 1381 345 esse
1427 307 1692 352 indicaretur.

229 361 423 414 Syllabae
450 371 504 397 re
543 357 676 397 facilis
708 364 803 410 post
837 364 1077 413 tempore
1125 363 1292 401 omissio
1337 363 1431 405 fuit.
1500 366 1603 405 Nam
1650 369 1694 406 in

227 417 468 457 melioribus
500 414 620 455 codd.
652 429 732 454 non
765 418 1029 468 reperiuntur
1055 420 1180 458 uerba
1202 421 1392 458 nescio
1417 435 1509 472 quo
1531 428 1694 475 pacto,

229 486 332 525 quae
364 477 459 512 sunt
487 473 530 510 in
564 471 840 512 deterioribus
872 488 1054 526 quaeque
1092 474 1278 527 plerique
1319 477 1503 516 editores
1541 481 1694 518 omise-

227 535 325 568 runt
355 530 520 582 (Steph.
543 529 657 568 Man.
682 530 782 571 Dau.
812 531 912 570 Ern.
938 531 1100 583 Wagn.)
1131 537 1173 570 et
1203 534 1431 573 omittenda
1462 547 1556 573 esse
1588 536 1693 574 dixit

228 587 373 637 Gzius,
405 600 495 626 cum
526 588 618 637 ipse
647 588 688 624 in
720 588 939 627 uerborum
979 591 1129 628 seriem
1172 591 1416 642 recepisset.
1478 590 1563 629 Sed
1601 605 1693 630 cum

226 655 304 696 per
339 656 385 682 se
421 645 512 696 ipsa
548 642 861 695 haudquaquam
904 647 1046 698 inepta
1085 647 1192 695 sint,
1234 648 1267 684 si
1310 648 1390 685 uim
1435 659 1573 686 eorum
1612 661 1694 687 non

226 699 358 739 solum
388 700 439 739 ad
467 700 750 739 recreandi
783 703 951 740 uerbum
985 701 1102 756 (nam
1144 703 1224 740 hoc
1265 705 1399 741 minus
1441 705 1580 742 mirari
1619 704 1694 744 de-

226 754 399 810 bebat),
440 757 515 796 sed
555 759 680 795 etiam
723 757 773 795 ad
802 757 960 810 reliqua
991 761 1117 798 uerba
1149 758 1422 810 multoque
1452 783 1506 788 —
1536 766 1693 799 natus

227 819 313 852 est
357 815 570 866 pertinere
619 815 920 854 existimaueris
970 817 1041 865 (cf.
1081 816 1204 867 Seyff.
1247 816 1298 854 ad
1336 815 1453 855 Lael.
1492 830 1532 868 p.
1574 815 1693 865 499.)

226 875 349 921 atque
380 870 459 910 alia
492 871 615 910 etiam
647 870 789 910 mendi
819 874 933 924 origo
963 874 1096 924 possit
1135 874 1330 923 cogitari:
1374 872 1585 925 expellere
1623 872 1694 912 illa

225 932 324 979 puto
355 928 548 967 audaciae
579 940 687 968 esse.
748 928 792 966 In
824 942 915 968 mea
947 929 1131 968 editione
1163 942 1229 967 me
1248 931 1379 969 inuito
1404 931 1553 968 omissa
1585 936 1692 971 sunt.

222 983 367 1035 Inepte
398 990 721 1038 pro-creatus
752 985 927 1025 Rathius
959 987 1140 1025 coniecit
1170 985 1325 1038 alius,
1358 987 1512 1025 Lbinus
1543 1000 1632 1026 ren
1647 1001 1692 1025 a-

222 1046 304 1080 tus
335 1056 411 1094 pro
442 1045 614 1080 natus.

338 1101 444 1144 lx.
507 1099 647 1148 Quae
675 1099 808 1138 enim
840 1097 938 1138 ille
969 1113 1068 1138 non
1102 1096 1328 1150 edidit?]
1390 1099 1432 1137 In
1467 1098 1692 1141 codarch.

227 1155 337 1206 quod
365 1156 498 1194 fuisse
530 1156 619 1194 ueri
650 1154 790 1195 simile
822 1161 887 1195 est
917 1170 1065 1207 quem
1098 1158 1257 1207 enim,
1289 1156 1334 1194 id
1362 1169 1442 1194 non
1464 1156 1589 1195 habet
1612 1169 1692 1208 quo

225 1212 458 1261 referatur,
501 1213 535 1250 si
577 1212 740 1262 quidem
782 1224 859 1251 nec
900 1214 1051 1251 referri
1083 1218 1224 1265 potest
1249 1226 1338 1251 cum
1371 1214 1504 1251 Lbino
1536 1212 1587 1251 ad
1615 1214 1693 1252 tri-

223 1269 376 1308 bunum
408 1269 640 1320 improbum
671 1282 750 1308 nec
780 1272 896 1307 recte
926 1283 1016 1309 cum
1048 1270 1251 1321 Wagnero
1285 1269 1493 1307 excidisse
1524 1274 1693 1320 putatur

223 1325 517 1365 tumultum.
579 1325 810 1364 Uerissima
849 1326 1038 1377 profecto
1078 1330 1121 1365 et
1149 1324 1346 1364 facillima
1383 1325 1505 1363 huius
1547 1325 1691 1364 mendi

223 1380 371 1434 (qu'e)
403 1382 608 1420 correctio
637 1386 701 1420 est
734 1394 798 1432 ea,
832 1395 949 1431 quam
983 1386 1182 1420 tentatam
1213 1383 1293 1419 iam
1322 1383 1363 1418 in
1388 1380 1493 1419 dett.
1518 1383 1689 1433 quibus-

224 1437 317 1477 dam
356 1437 478 1476 codd.
519 1442 615 1489 post
645 1436 749 1477 Lall.
793 1442 836 1476 et
867 1437 1017 1475 Gzium
1056 1437 1202 1488 reliqui
1243 1442 1495 1487 receperunt
1534 1435 1581 1490 (q
1598 1451 1691 1475 uae

225 1492 404 1548 enim).
464 1494 674 1533 Habemus
704 1495 830 1545 igitur
860 1493 902 1532 id
925 1495 1159 1532 rhetoricae
1182 1492 1519 1543 interrogationis
1542 1505 1690 1544 genuS,

223 1565 303 1603 quo
342 1551 500 1590 adscita
539 1551 718 1601 negandi
756 1550 958 1603 particula
999 1550 1042 1589 id
1084 1549 1298 1599 uolumus,
1344 1549 1453 1600 quod
1507 1551 1690 1588 interro-

222 1622 387 1659 gamus,
422 1608 642 1658 affirmari,
683 1607 839 1646 ueluti:
878 1609 992 1659 quis
1036 1608 1422 1660 Epicureorum
1467 1619 1688 1659 pauper-

221 1670 384 1704 tatem
416 1678 513 1703 non
547 1662 891 1704 extimescit?
931 1665 959 1703 i.
993 1678 1031 1704 e.
1074 1665 1207 1716 quiuis
1245 1663 1540 1715 Epicureorum
1580 1664 1689 1701 exti-

220 1724 381 1762 mescit.
442 1722 661 1761 Sententia
698 1723 827 1773 igitur
855 1722 973 1760 huius
1001 1720 1082 1759 Ioci
1111 1722 1215 1760 haec
1248 1724 1333 1769 est,
1376 1718 1479 1757 nihil
1518 1720 1687 1770 nefarii,

220 1778 326 1817 nihil
370 1776 468 1816 mali
521 1791 616 1816 esse
637 1806 650 1828 ,
709 1777 817 1829 quod
864 1779 1095 1817 tribunatus
1140 1790 1220 1815 non
1276 1774 1469 1816 ediderit.
1549 1775 1687 1815 Mala

218 1836 454 1887 pronomini
494 1834 665 1885 addere,
697 1834 740 1873 id
772 1835 880 1886 quod
912 1835 1101 1874 Dauisius
1134 1832 1291 1884 uoluit,
1337 1845 1417 1870 non
1456 1846 1557 1885 opus
1596 1837 1684 1882 est3

219 1891 348 1930 malas
389 1903 457 1929 res
506 1891 660 1942 fuisse,
702 1904 801 1942 quas
850 1891 1059 1941 ediderit,
1109 1904 1179 1930 sua
1228 1894 1376 1941 sponte
1419 1888 1683 1942 intelligitur.

217 1947 420 1986 Dixerunt
448 1947 500 1986 de
530 1948 609 1987 hoc
637 1948 921 2000 interrogandi
964 1960 1119 2000 genere
1151 1946 1385 1997 Maduigius
1423 1946 1476 1985 de
1506 1947 1600 1985 Fin.
1633 1945 1683 1996 V,

217 2004 287 2045 22.
320 2004 389 2046 61.
421 2018 463 2057 p.
496 2004 594 2046 723.
627 2011 670 2044 et
699 2004 849 2043 Bakius
879 2005 957 2045 hoc
986 2007 1076 2057 ipso
1108 2003 1217 2054 loco,
1249 2008 1481 2055 opportune
1509 2001 1684 2042 laudan-

219 2067 286 2100 tes
318 2062 405 2100 Cic.
440 2060 549 2101 Phil.
582 2062 700 2113 Xlll,
742 2060 810 2103 23.
852 2061 983 2113 quod
1024 2062 1237 2100 facinus
1277 2060 1548 2112 parricida
1584 2072 1682 2098 non

221 2114 427 2156 edidit?
461 2118 513 2157 de
542 2119 634 2158 Fin.
663 2115 729 2167 II,
769 2118 838 2158 22.
872 2118 938 2158 73.
978 2118 1110 2169 quod
1150 2116 1500 2166 adulterium,
1544 2115 1681 2167 quod

217 2180 482 2226 stuprum,
516 2187 643 2224 quae
674 2173 845 2212 libido
887 2187 986 2211 non
1031 2187 1082 2211 sc
1121 2170 1421 2224 proripiet?
1459 2171 1542 2211 Sed
1574 2171 1681 2210 male

215 2230 281 2270 his
312 2229 463 2269 Bakius
492 2231 718 2268 immiscuit
747 2228 815 2267 illa
855 2229 905 2268 ad
936 2231 1050 2269 Fam.
1084 2229 1162 2279 XI,
1195 2229 1261 2269 27.
1295 2225 1337 2267 4.
1378 2228 1510 2279 quod
1551 2229 1680 2267 offi-

216 2288 350 2326 cium
391 2291 531 2325 tuum
576 2283 782 2325 defuit?
822 2286 874 2325 de
915 2287 1014 2336 Leg.
1055 2282 1132 2326 Ill.
1176 2286 1210 2336 ξ.
1251 2283 1318 2324 20.
1369 2284 1488 2335 quid
1538 2286 1678 2323 iuris

216 2344 372 2383 bonis
404 2344 533 2382 uiris
576 2344 686 2384 Tib.
719 2343 946 2381 Gracchi
989 2344 1296 2381 tribunatus
1338 2337 1597 2393 reliquit?
1635 2343 1678 2380 in

216 2401 362 2452 quibus
394 2400 544 2438 inscite
575 2401 836 2451 negationem
880 2399 1012 2438 latere
1055 2399 1158 2437 dixit
1194 2400 1233 2436 in
1274 2398 1414 2437 uerbo.
1473 2398 1677 2437 Nimirum

214 2470 296 2495 non
327 2455 535 2495 intellexit
575 2458 726 2496 omissa
765 2458 805 2495 in
846 2456 924 2495 hoc
963 2469 1118 2507 genere
1157 2452 1338 2506 negandi
1376 2454 1577 2506 particula
1616 2454 1676 2505 id,

216 2512 325 2564 quod
354 2515 677 2565 interrogamus,
710 2515 873 2564 negari,
906 2513 1034 2552 ueluti
1076 2513 1189 2565 quis
1228 2512 1518 2550 Stoicorum
1554 2524 1676 2564 pau-

214 2574 470 2622 pertatem
504 2568 855 2610 extimescit?
886 2571 916 2611 i.
940 2583 978 2611 e.
1010 2583 1132 2608 nemo
1161 2568 1393 2607 Stoicorum
1425 2569 1676 2608 extimescit.

212 2627 348 2677 Atque
397 2628 439 2665 in
478 2627 559 2666 hoc
594 2629 685 2679 ipso
721 2639 878 2679 genere
918 2631 984 2666 est
1022 2626 1127 2665 illud
1171 2625 1224 2664 de
1265 2625 1360 2665 Fin.
1398 2624 1458 2675 ll,
1497 2623 1566 2665 23.
1607 2623 1675 2666 76.

213 2695 360 2734 quem
393 2682 676 2722 clamorem
708 2685 981 2724 concionis
1014 2688 1101 2723 aut
1133 2695 1278 2734 quam
1312 2694 1454 2734 spem
1485 2694 1675 2720 consu-

211 2737 350 2778 latus
385 2742 526 2791 eius,
579 2742 664 2792 qui
712 2742 812 2780 tibi
850 2741 1232 2794 paratissimus
1282 2743 1392 2790 est,
1445 2737 1674 2777 futuram

206 2809 233 2849 p
248 2796 401 2839 utus?
430 2798 460 2839 i.
483 2809 519 2839 e.
553 2796 692 2838 nullus
716 2797 873 2839 clamor
894 2798 1057 2838 futurus
1081 2800 1146 2837 est
1166 2797 1393 2850 concionis,
1427 2808 1506 2847 quo
1526 2806 1671 2835 uocem
