1781 3192
440 176 595 215 LiBER
629 175 884 215 TERTfflS.
936 176 1036 217 Cap.
1075 177 1176 215 Vm,
1454 176 1544 215 272)

86 293 182 332 Mox
221 296 382 329 temere
424 290 573 328 Bakius
613 301 684 340 pro
726 289 861 326 uerbis
903 296 1124 328 senatur
1159 287 1393 340 legatus,
1443 302 1543 340 quae

87 348 298 387 Ciceronis
330 359 408 385 non
445 351 601 395 essent,
632 345 809 382 coniecit
840 353 1143 385 senatorem
1176 344 1357 394 legari.
1423 337 1438 352 “

201 415 385 455 reapse
416 415 487 454 pro
521 416 571 440 re
605 403 716 452 ipsa
748 398 962 454 (nimirum
1009 404 1121 453 ipse
1154 403 1369 441 conflatum
1399 407 1464 442 est
1497 416 1543 441 ex

87 473 201 513 pron.
244 461 286 497 is
313 464 354 497 et
385 458 537 509 syllaba
568 470 679 510 pse;
712 458 768 494 ita
802 470 848 495 ex
891 456 1081 496 ablatiuis
1118 472 1169 497 re
1211 471 1367 511 eapse
1409 464 1540 497 ortum

88 522 151 556 est
195 512 365 568 reapse)
416 516 666 565 antiquiores
714 513 867 551 dixisse
919 514 1068 552 Festus
1117 517 1189 553 sub
1237 516 1279 553 h.
1330 529 1367 554 u.
1417 516 1543 554 tradit

89 571 310 621 eademque
352 571 481 609 forma
522 571 760 609 Ciceronem
805 583 896 607 esse
937 584 1050 609 usum
1085 574 1204 609 testis
1237 579 1300 610 est
1332 572 1429 612 Sen.
1465 573 1542 624 Ep.

92 626 185 677 108,
218 626 288 667 31.
335 627 397 666 Cf.
430 628 482 665 de
516 628 618 678 Rep-
653 626 699 675 ΙΙ,
733 624 802 675 39,
837 628 899 664 ubi
941 627 1110 678 perinde
1153 633 1196 665 ut
1227 628 1265 666 h.
1298 627 1324 668 l.
1368 630 1406 666 in
1447 629 1541 667 cod.

87 684 283 735 scriptum
309 690 371 721 est
393 685 540 721 reabs
557 697 601 732 e;
622 683 715 722 ibid.
739 679 772 732 I,
796 682 833 722 2.
856 682 906 720 de
922 684 1009 723 Diu.
1026 680 1058 732 I,
1079 683 1143 724 137.
1165 683 1232 724 81.
1258 684 1366 724 Lael.
1394 684 1454 736 13,
1475 685 1540 726 47.

202 739 506 790 uidebatur]
585 741 624 777 in
676 739 767 777 eod.
813 740 922 778 arch.
967 740 1096 778 fuisse
1148 740 1428 791 uideatur,
1477 744 1542 780 in-

85 797 212 848 signis
244 796 431 834 codicum
466 809 689 834 consensus
720 797 866 846 arguit.
928 796 1009 834 Sed
1042 798 1182 848 inepte
1207 796 1366 836 Tullius
1400 811 1446 837 ex
1477 812 1540 848 eo,

85 852 192 904 quod
225 858 322 891 tunc
356 853 589 902 uideretur,
630 866 718 891 cum
752 853 867 902 leges
901 854 1125 903 scriberet,
1160 852 1398 905 colligeret,
1445 855 1540 907 quid

84 913 178 948 ante
211 910 478 960 profecisset,
510 911 588 947 nisi
621 914 671 949 tr.
700 908 754 960 pl.
790 910 1115 958 intercessisset3
1149 910 1188 947 id
1221 910 1327 961 quod
1358 910 1541 950 luculen-

83 967 165 1005 tius
199 968 318 1004 etiam
355 966 450 1004 iude
482 967 746 1017 perspicitur,
781 965 886 1016 quod
913 965 968 1014 id,
1002 965 1106 1016 quod
1133 966 1387 1018 conceditur,
1411 970 1541 1007 inter-

81 1023 249 1075 ponitur
291 1024 453 1072 uerbis,
497 1036 600 1073 quae
634 1022 681 1059 ad
715 1023 978 1073 praeteritum
1015 1028 1175 1073 tempus
1206 1030 1395 1074 spectant
1426 1023 1540 1077 (ego

82 1078 273 1118 consul
305 1101 359 1106 —
390 1084 561 1116 tamen
595 1076 975 1131 sustulissem).
1039 1079 1222 1129 Denique
1264 1092 1315 1116 ne
1347 1083 1541 1120 coniunc-

81 1137 190 1174 tinus
223 1134 385 1187 quidem
423 1135 675 1173 uideatur
705 1133 926 1185 probabilis
968 1139 1030 1171 est
1072 1135 1110 1171 in
1151 1148 1194 1172 re
1227 1135 1538 1188 haudquaquam

82 1191 216 1232 dubia.
278 1192 428 1229 Merito
458 1193 582 1242 igitur
613 1191 801 1239 Rathius,
836 1189 1068 1240 Maduigius
1101 1187 1177 1243 (de
1207 1192 1298 1233 Fin.
1332 1207 1374 1244 p.
1398 1192 1540 1246 526),

82 1248 232 1287 Bakius
259 1247 443 1286 Ernestii
467 1249 744 1285 coniecturam
769 1245 1050 1284 uidebatur
1078 1248 1317 1299 probarunt,
1340 1254 1539 1288 tentatam

80 1302 192 1344 illam
225 1307 321 1354 iam,
353 1304 385 1341 si
418 1303 521 1342 fides
555 1303 677 1342 Bakio
710 1308 788 1353 est,
828 1304 867 1340 in
909 1302 999 1341 cod.
1036 1302 1108 1352 103
1149 1317 1239 1342 nam
1283 1308 1323 1344 in
1368 1306 1459 1344 cod.
1493 1308 1540 1356 C,

83 1374 131 1400 ex
170 1374 247 1412 quo
287 1360 459 1399 eandem
494 1361 723 1412 excerpsit,
764 1371 858 1397 esse
900 1372 979 1397 non
1020 1364 1182 1411 potest,
1225 1362 1258 1398 si
1303 1362 1463 1413 quidem
1507 1365 1540 1402 is

84 1416 239 1454 desinit
271 1417 334 1455 ΙΙΙ.
368 1417 402 1466 ξ.
439 1417 502 1456 12.
569 1416 709 1455 Mundi
748 1416 826 1453 hoc
864 1428 992 1466 genus
1034 1429 1112 1454 non
1145 1418 1359 1456 admodum
1391 1432 1539 1460 rarum.

82 1473 213 1511 Recte
263 1473 361 1509 item
402 1472 518 1510 Lbini
567 1474 842 1511 coniecturam
885 1472 1114 1510 audebas
1157 1486 1228 1523 pro
1268 1475 1417 1513 mendo
1460 1489 1540 1514 au-

83 1528 204 1566 deas
233 1529 456 1579 probarunt
490 1529 733 1578 Maduigius,
767 1528 1097 1579 Wesenbergius,
1131 1530 1276 1568 Bakius
1315 1544 1387 1583 pro
1428 1532 1539 1571 Sest-

85 1583 151 1635 14,
190 1583 259 1624 32.
302 1584 512 1635 Halmius,
554 1587 645 1637 quia
686 1597 925 1635 parumne
967 1591 1047 1622 est
1089 1587 1355 1626 antecederet
1403 1589 1540 1640 itaque

81 1642 203 1679 scribi
237 1645 449 1692 oporteret
482 1655 633 1680 ausus
665 1653 743 1691 es,
785 1642 892 1679 tueri
934 1647 1101 1679 conatus
1141 1649 1205 1680 est
1240 1643 1434 1683 audeas
1473 1647 1539 1683 in-

80 1700 265 1749 geniose,
297 1710 377 1735 non
411 1711 519 1738 uere.
581 1699 683 1736 Nam
721 1697 1006 1749 imperfectum
1051 1699 1089 1735 in
1130 1701 1436 1739 continuatione
1468 1715 1539 1739 eo-

79 1767 169 1793 rum
201 1752 446 1804 facinorum,
476 1767 577 1806 quae
611 1758 705 1792 ante
736 1755 815 1792 iam
835 1753 1033 1792 indicauit
1065 1752 1539 1806 (contemneres—-

80 1809 338 1863 proderes
370 1831 425 1838 —
457 1807 770 1863 affligeres)
806 1815 919 1848 recte
951 1823 995 1848 se
1026 1810 1176 1861 habet3
1208 1826 1284 1851 nec
1315 1813 1540 1853 audendi

79 1869 193 1906 notio
241 1867 399 1918 pariter
442 1872 485 1906 ut
527 1866 759 1906 fallendi
806 1867 988 1905 refertur
1038 1867 1089 1904 ad
1139 1874 1300 1921 tempus
1339 1884 1538 1923 praesens

80 1922 353 1978 (parumne
385 1921 535 1978 est?).

192 1978 356 2030 lenis]
419 1980 533 2030 Quod
569 1983 658 2020 sine
689 1978 769 2018 ulla
809 1979 928 2020 codd.
968 1982 1210 2020 auctoritate
1244 1982 1354 2022 Man.
1398 1983 1537 2024 Lamb.

79 2038 179 2076 ΕΠ).
212 2036 355 2087 Wagn.
391 2037 613 2076 ediderunt
642 2036 981 2086 leuissimuS,
1014 2050 1062 2076 eo
1093 2052 1173 2076 non
1206 2052 1307 2090 opus
1339 2046 1404 2078 est
1442 2053 1539 2090 pro-

78 2094 211 2142 fecto3
250 2106 327 2131 nec
367 2106 464 2131 uero
506 2092 729 2146 probabilis
774 2099 839 2131 est
870 2093 1024 2131 Moseri
1057 2096 1209 2145 opinio,
1239 2098 1301 2134 cui
1332 2098 1373 2134 in
1407 2098 1539 2148 scrip-

77 2156 193 2189 turae
231 2149 530 2202 discrepantia,
581 2162 683 2201 quae
723 2162 857 2200 paene
902 2148 1015 2187 nulla
1064 2159 1159 2199 est,
1209 2153 1359 2190 tribuni
1405 2152 1539 2203 plebis

77 2219 227 2246 nomen
258 2204 390 2244 latere
424 2207 600 2247 uidetur.
669 2207 768 2254 Quis
813 2206 940 2243 fuerit
980 2203 1052 2244 ille
1092 2209 1304 2257 tribunus,
1342 2210 1540 2260 suspicari

79 2262 250 2300 difficile
282 2268 362 2300 est.
423 2264 614 2301 Moserus
645 2264 880 2314 suspicatur
902 2261 1125 2301 Labienum
1159 2276 1252 2302 esse
1283 2266 1412 2303 citans
1438 2263 1540 2307 Vell,

77 2317 169 2356 Pat.
202 2313 260 2367 II,
291 2316 361 2357 40.

191 2373 226 2423 ᾗ.
265 2370 328 2413 19.
395 2372 486 2411 sed
524 2375 611 2424 iis,
651 2373 752 2424 qui]
826 2374 967 2413 'recte
1012 2376 1077 2414 his
1115 2378 1240 2415 Attici
1279 2378 1416 2416 uerbis
1456 2376 1538 2417 Jul.

78 2429 232 2469 Caesar
276 2431 476 2482 carpitur,
515 2432 604 2480 qui,
652 2443 741 2468 cum
781 2444 886 2469 anno
930 2431 1009 2472 703
1061 2434 1098 2471 ei
1143 2434 1195 2472 de
1234 2432 1381 2472 Galliis
1428 2439 1540 2472 esset

78 2486 378 2536 decedendum,
411 2491 576 2525 senatus
608 2487 841 2525 auctoritati
870 2500 1017 2538 parere
1048 2489 1160 2528 nolle
1191 2492 1424 2541 putabatur.
1474 2490 1538 2530 Cf.

79 2543 168 2584 cic.
201 2542 252 2581 ad
281 2545 370 2582 Att.
397 2539 452 2594 V,
484 2543 525 2583 2.
558 2542 595 2584 3.
628 2542 679 2581 ad
709 2543 827 2581 Fam.
860 2544 968 2595 Vlll,
1000 2544 1041 2586 4.
1075 2545 1117 2587 4.
1152 2546 1257 2596 Vul,
1291 2546 1332 2588 5.
1361 2547 1395 2598 §-
1428 2547 1468 2587 2.
1501 2547 1540 2587 7.

82 2599 148 2642 10.
210 2599 405 2639 Ceterum
448 2601 674 2651 generatim
714 2601 979 2640 nominantur
1018 2603 1078 2654 ii,
1127 2605 1194 2655 qui
1231 2604 1272 2641 in
1315 2604 1540 2655 prouinciis

78 2661 191 2706 sunt,
221 2669 304 2695 non
336 2658 364 2695 ii
394 2656 641 2706 indicantur,
675 2657 743 2707 qui
772 2662 868 2695 tunc
900 2659 1033 2710 ipsum
1065 2661 1106 2698 in
1145 2661 1369 2712 prouinciis
1407 2663 1540 2709 erant,

79 2719 124 2752 ut
159 2714 327 2765 probari
369 2726 449 2752 non
494 2715 625 2765 possit
652 2726 769 2765 pron.
813 2713 920 2764 his,
961 2716 1068 2767 quod
1105 2717 1409 2768 permutatione
1450 2715 1540 2753 fere

81 2774 284 2824 perpetua
312 2775 378 2809 est
406 2771 450 2809 in
478 2771 561 2810 AB
582 2769 662 2810 Gd.
684 2769 725 2810 2.
786 2769 874 2808 Nec
906 2773 1118 2824 quisquam
1142 2773 1184 2811 id
1207 2774 1250 2812 h.
1275 2772 1302 2811 l.
1335 2773 1536 2823 probauit⁴
