1781 3192
190 166 283 207 506
763 164 834 204 DE
865 164 1097 205 LEGlBUS

203 281 282 319 hoc
312 279 529 331 participio
561 288 652 314 mox
682 275 846 315 facilior
876 282 942 316 est
980 279 1178 317 transitus
1222 278 1271 316 ad
1313 281 1563 319 sententiam
1597 294 1669 332 ge-

204 335 404 384 neralem,
437 346 537 384 quae
569 334 781 383 sequitur:
811 334 969 384 idque
1000 335 1138 373 haud
1168 333 1348 386 paullo
1374 337 1550 375 uerius
1575 343 1672 388 est,

205 406 323 445 quam
355 392 403 429 ab
433 390 620 439 historia,
651 403 769 440 quam
801 392 1063 444 participium
1095 392 1203 443 perf.
1228 391 1402 431 indicat.
1462 392 1673 432 Eandem-

206 462 284 501 que
324 449 574 485 sententiam
617 451 659 484 et
690 447 834 485 Cicero
872 448 1104 498 generalem
1148 451 1285 500 posuit
1322 449 1373 487 ad
1407 449 1524 489 Fam.
1558 446 1600 499 I,
1632 448 1672 489 9.

209 506 275 546 12.
305 501 512 558 (quales
542 506 592 541 in
624 516 676 541 re
706 503 923 555 publica
953 507 1238 558 principes
1278 510 1491 556 essent,
1530 505 1674 545 tales

205 560 449 610 reliquos
490 573 611 598 esse
653 559 824 614 ciues)
866 567 908 599 et
945 565 1036 614 ipse
1074 561 1219 612 Plato,
1269 576 1389 613 quem
1429 564 1479 600 ob
1532 562 1674 601 oculos

207 618 400 656 habuisse
432 616 597 655 uidetur
628 616 679 655 de
708 618 836 669 Legg.
870 615 946 660 IV.
978 633 1018 670 p.
1052 619 1151 658 711.
1210 619 1415 658 Particula
1446 624 1522 670 et,
1555 633 1674 671 quam

207 674 356 713 Bakius
390 678 485 712 ante
520 687 869 726 quaecumque
897 675 950 714 de
981 677 1217 714 coniectura
1250 676 1345 714 addi
1379 675 1535 725 uoluit,
1569 677 1675 715 hanc

207 732 417 770 incitatam
471 731 735 781 orationem,
782 734 823 770 in
869 746 947 783 qua
997 732 1142 770 eadem
1192 734 1400 771 sententia
1448 731 1676 785 paullisper

209 790 363 827 uariata
393 789 582 837 iteratur,
612 787 912 839 languidiorem
944 789 1156 829 redderet.

320 845 356 895 ᾗ.
388 843 457 885 32.
518 843 753 896 Platoni]
814 845 877 886 Cf.
910 846 959 896 ll,
998 846 1058 886 15.
1093 844 1162 886 39.

322 901 459 952 quod
489 902 613 953 ipsi]
683 902 794 941 Male
845 915 893 940 ex
945 902 1047 943 dett,
1095 902 1335 953 quibusdam
1387 901 1507 943 codd.
1549 902 1674 942 Goer.

208 957 305 997 sch.
337 959 444 997 Mos.
478 959 546 998 Or.
581 960 836 1011 scripserunt
866 961 972 1012 ipsi
1011 959 1157 1010 quod.
1220 962 1422 1011 Opposita
1463 960 1542 998 sibi
1571 960 1612 1000 h.
1645 959 1675 999 l.

207 1019 302 1053 sunt
344 1016 468 1054 uerba
510 1020 913 1068 corrumpuntur
962 1020 1004 1054 et
1055 1022 1424 1068 corrumpunt,
1478 1021 1524 1055 ut
1578 1029 1676 1055 uere

209 1072 359 1111 Bakius
392 1071 702 1123 animaduertit,
734 1086 815 1112 non
847 1075 955 1124 ipsi
987 1075 1166 1124 oppositi
1206 1078 1302 1112 sunt
1341 1073 1489 1122 aliis,
1527 1076 1573 1111 ut
1609 1073 1675 1113 lll.

209 1127 243 1178 ᾗ.
281 1128 348 1179 16,
381 1141 502 1180 quem
536 1131 670 1180 ipsum
702 1129 835 1168 locum
869 1130 1106 1168 documenti
1139 1144 1260 1169 causa
1292 1129 1533 1170 attulerunt.

323 1186 448 1225 haec
478 1197 563 1223 res
593 1186 622 1223 i.
655 1199 690 1226 e.
722 1186 767 1224 id
797 1186 904 1237 quod
938 1185 989 1224 de
1020 1199 1176 1225 morum
1210 1188 1461 1236 mutatione,
1499 1198 1602 1236 quae
1634 1187 1674 1224 in

209 1242 463 1295 principibus
497 1242 729 1292 exstiterit,
762 1256 853 1280 mox
884 1244 922 1280 in
957 1241 1109 1293 populo
1142 1250 1359 1293 secutura,
1400 1242 1510 1280 idem
1551 1244 1677 1280 etiam

211 1297 265 1336 de
291 1301 431 1350 paucis
462 1302 577 1335 recte
609 1297 775 1340 dicitur.
836 1298 1010 1347 Bakius,
1050 1300 1117 1349 qui
1159 1300 1286 1337 haec
1326 1311 1414 1337 res
1457 1297 1508 1336 ad
1539 1297 1676 1349 legem

214 1354 384 1405 retulit,
435 1365 537 1404 quae
584 1352 747 1392 dilatari
785 1368 866 1392 non
895 1358 1062 1406 posset,
1109 1356 1307 1392 coniecit:
1357 1358 1512 1404 atque
1550 1355 1677 1393 haec

214 1408 334 1462 lege
367 1408 592 1449 dilatata
615 1432 670 1438 —
702 1411 853 1448 etiam
887 1414 1127 1461 possunt.

322 1468 373 1505 in
403 1464 524 1505 illis
554 1465 716 1505 libris
748 1479 805 1508 sc.
840 1468 881 1504 in
913 1465 1019 1505 libro
1053 1466 1122 1506 lV.
1157 1465 1208 1504 de
1241 1465 1346 1517 Rep.
1379 1464 1445 1504 Cf.
1477 1465 1590 1505 Lact.
1624 1463 1678 1503 de

206 1522 305 1575 opif.
338 1523 424 1562 diu.
458 1536 492 1563 c.
529 1523 566 1563 1.

321 1580 448 1624 XV·
511 1579 543 1630 ᾗ.
577 1578 647 1620 33.
696 1581 990 1620 Proximum
1017 1584 1097 1618 est
1121 1579 1309 1630 autem]
1342 1578 1540 1619 Mendum
1561 1577 1677 1617 codi-

211 1637 269 1673 cis
300 1636 410 1677 arch.
442 1638 730 1688 proximus,
760 1637 869 1688 quod
892 1642 1029 1676 natum
1056 1641 1121 1675 est
1140 1650 1187 1674 ex
1210 1636 1523 1688 proximfist,
1556 1648 1678 1674 causa

209 1691 304 1742 fuit,
337 1696 384 1730 ut
415 1691 568 1731 deinde
600 1700 682 1731 est
713 1693 948 1734 adderetur.
1009 1692 1074 1733 Cf.
1107 1691 1145 1732 I.
1187 1694 1222 1743 ᾗ.
1255 1692 1323 1733 48,
1391 1695 1479 1743 Qua
1517 1691 1678 1730 sublata

211 1747 356 1787 uocula
406 1749 555 1787 merito
596 1750 746 1796 Bakius
798 1755 892 1802 post
941 1750 1086 1801 steph.
1142 1755 1184 1788 et
1230 1750 1460 1788 Manutium
1511 1750 1679 1800 scripsit

211 1807 493 1856 proximum
537 1811 617 1844 est
654 1808 684 1846 i.
717 1820 755 1845 e.
795 1808 980 1858 proxime
1017 1808 1214 1857 sequitur.
1288 1803 1515 1857 Insignitur
1553 1806 1679 1856 igitur

211 1863 395 1912 proxime
427 1861 629 1912 sequendi
662 1865 794 1913 notio,
834 1876 916 1900 non
949 1868 1235 1913 argumentum
1270 1861 1372 1913 legis
1403 1874 1508 1913 quae
1538 1863 1677 1913 sequi-

210 1922 301 1967 tur3
331 1918 375 1956 id
407 1918 515 1969 quod
548 1919 610 1970 fit,
643 1922 676 1958 si
702 1933 794 1958 cum
824 1917 992 1970 reliquis
1024 1921 1243 1971 scripseris
1276 1921 1566 1971 proximum
1596 1931 1677 1956 au-

210 1979 309 2013 tem
352 1980 434 2013 est
475 1974 535 2013 de
581 1976 873 2026 suffragiis
914 1979 941 2017 i.
982 1990 1017 2017 e.
1071 1976 1146 2014 der
1191 1977 1364 2014 nachste
1403 1976 1537 2014 Punct
1581 1976 1678 2013 aber

211 2030 385 2070 handelt
423 2044 500 2070 von
542 2031 618 2070 der
652 2034 943 2084 Abstimmung
982 2033 1083 2072 oder
1114 2033 1270 2071 bctrifft
1301 2033 1368 2071 die
1398 2033 1514 2071 Abst.
1576 2031 1676 2070 Par-

211 2086 380 2127 ticulam
420 2093 594 2127 autem
630 2090 775 2127 Beiero
808 2103 975 2127 suasore
1006 2090 1056 2127 ad
1089 2090 1167 2128 Off.
1199 2090 1244 2129 ΙΙ.
1282 2103 1321 2140 p.
1352 2088 1423 2128 88.
1465 2087 1676 2140 expellen-

211 2144 304 2181 dam
346 2144 564 2194 iudicauit,
608 2148 702 2194 quia
740 2151 910 2196 propter
957 2145 1252 2195 praecedentia
1301 2144 1411 2182 nulla
1460 2144 1676 2181 transitiua

212 2201 445 2239 coniunctio
494 2199 647 2252 (ipsius
697 2205 794 2238 sunt
829 2200 977 2254 uerba)
1020 2202 1121 2238 ferri
1162 2205 1318 2252 posset.
1385 2201 1438 2238 At
1475 2198 1676 2251 particula

211 2260 380 2296 autem
422 2258 464 2294 in
503 2256 780 2308 disputatione
820 2257 1101 2309 promouenda
1140 2270 1219 2294 non
1262 2256 1394 2295 solum
1437 2261 1675 2307 usurpatur,

212 2326 304 2352 cum
354 2314 403 2352 ab
443 2311 520 2351 alia
557 2326 604 2351 re
640 2314 691 2351 ad
733 2312 850 2351 aliam
892 2316 1090 2353 transitur
1128 2313 1222 2359 (Off
1262 2313 1303 2363 l,
1339 2312 1405 2353 23.
1440 2309 1559 2366 77.),
1601 2311 1676 2351 sed

214 2372 338 2409 etiam
370 2383 461 2409 cum
493 2383 560 2420 re,
593 2369 645 2408 dc
676 2384 752 2421 qua
784 2376 951 2422 agatur,
992 2373 1034 2409 in
1075 2372 1312 2409 uniuersum
1357 2374 1677 2408 commemorata

214 2426 264 2464 ad
296 2440 384 2465 eam
418 2428 645 2465 accuratius
676 2426 954 2465 definiendam
987 2426 1211 2466 acceditur.
1252 2426 1316 2466 Cf.
1349 2426 1435 2465 Cic.
1466 2424 1573 2464 Phil.
1603 2425 1675 2476 Xl,

215 2481 283 2523 10.
314 2482 382 2524 24.
443 2484 586 2522 Nunc
615 2484 748 2535 quod
779 2485 962 2535 agitur
993 2497 1216 2535 agamus.
1277 2484 1460 2534 Agitur
1500 2486 1675 2521 autem

211 2537 443 2578 liberine
473 2541 724 2592 uiuamus,
757 2554 816 2579 an
849 2543 1067 2580 mortem
1101 2542 1360 2579 obeamus,
1421 2540 1533 2589 Quae
1552 2539 1675 2578 Beie-

212 2609 302 2634 rum
356 2600 494 2635 autem
545 2596 596 2635 ad
633 2596 873 2649 particulam
915 2596 1202 2650 expellendam
1241 2609 1362 2635 causa
1398 2593 1584 2647 impulit,
1626 2608 1676 2634 ea

212 2656 354 2691 nostra
384 2654 867 2696 correctioneconcidit.
929 2656 1181 2705 Quamquam
1218 2652 1326 2691 illius
1359 2651 1519 2703 quidem
1553 2654 1674 2703 ratio,

212 2722 332 2760 quam
365 2711 551 2762 exposuit
581 2710 632 2749 ad
665 2711 743 2752 off.
778 2708 812 2762 I,
844 2709 882 2751 3.
916 2708 955 2751 9.
998 2709 1127 2765 (dixit
1165 2711 1272 2748 enim
1308 2710 1535 2760 praemissa
1573 2721 1673 2747 con-

210 2767 422 2806 iunctione
452 2765 753 2819 monosyllabas
786 2768 900 2807 uerbi
930 2780 1051 2807 esse
1075 2768 1227 2806 formas
1253 2778 1334 2804 non
1357 2778 1481 2818 posse
1502 2766 1673 2805 tertium
