1781 3192
398 189 557 228 Ltssfflt
586 186 891 228 SECUNDUS.
949 187 1050 229 Car.
1086 186 1189 227 Vnt.
1438 186 1523 225 153

61 305 389 355 plorassiut,
420 314 547 354 puer
569 300 742 338 (lincis
771 305 1044 351 parentum
1067 311 1216 337 sacer
1238 304 1370 336 esto.
1414 299 1514 337 Nam

59 363 99 399 iu
139 362 201 398 his
243 360 405 410 quidem
449 362 527 396 ast
564 370 650 395 eam
694 358 774 394 uim
813 357 963 406 habet,
1005 362 1050 394 ut
1088 355 1275 394 diuersae
1310 368 1513 407 personae

59 419 224 466 grauius
257 417 571 465 distinguantur.
635 412 698 451 Cf.
737 413 874 451 Hand.
906 413 1030 451 Turs.
1065 409 1098 451 Ι.
1132 426 1172 463 p.
1203 411 1310 460 4203
1347 425 1424 450 nec
1465 411 1517 449 ad

62 474 307 511 senteutiam
350 477 431 509 ast
475 472 683 521 quicquam
725 470 864 506 ‹lili'ert
903 483 922 506 a
964 475 1070 520 part.
1113 475 1178 507 at.
1249 468 1517 519 Eandemque

62 531 313 567 diuersarum
358 541 518 576 rerum,
560 540 639 564 non
683 528 1008 575 sententiarum,
1057 528 1218 575 grauius
1258 526 1517 575 distinguen—

63 587 201 624 darum
247 586 323 620 uim
366 590 472 634 part.
505 584 546 621 h.
581 581 609 621 l.
652 583 799 631 habet3
842 596 917 620 nec
958 583 1084 620 haec:
1123 581 1250 630 olla,
1297 587 1519 633 propter

61 654 191 692 quae
224 645 305 677 cet.
342 653 429 677 cum
464 640 741 691 superioribus
774 653 795 677 a
828 640 1027 677 Cicerone
1059 639 1273 676 coniuncta
1306 651 1397 676 esse
1431 639 1518 689 ipsa

60 697 162 746 legis
208 694 425 745 explicatio
466 695 669 744 declarat,
713 697 753 732 in
797 710 873 746 qua
911 695 978 732 illa
1011 695 1310 745 disiunguntur.
1372 695 1517 732 Cicero

62 755 185 803 igitur
227 753 285 789 sic
334 751 445 802 loqui
494 754 650 803 coepit,
698 757 898 802 tamquam
950 758 1158 802 postremo
1207 750 1298 789 loco
1350 752 1518 789 uerbum

59 814 301 858 sequeretur
340 808 688 846 consecrandi
743 809 808 846 uel
848 807 980 845 simile
1019 806 1126 861 (ast
1164 807 1269 845 olla
1310 830 1364 836 -
1402 820 1518 845 con-

58 861 352 916 secrant0);
385 878 473 901 cum
507 870 639 901 autem
669 866 804 902 uerbis
827 869 1049 915 propter
1081 876 1205 914 quae
1238 885 1290 891 ——
1323 865 1373 901 in
1405 876 1518 902 coe-

57 920 156 958 lum
191 919 307 970 plura
339 923 503 958 nomina
535 923 589 958 ita
623 927 763 958 essent
796 922 1002 969 adiuncta,
1046 925 1089 958 ut
1130 920 1260 958 forma
1299 933 1436 958 eorum
1467 918 1518 958 ad

57 978 312 1028 pronominis
344 977 514 1014 sormam
550 978 941 1027 arcommodaretur,
975 982 1095 1026 atque
1137 977 1326 1014 inchoata
1369 978 1517 1014 uerbo-

58 1047 146 1071 rum
199 1037 402 1070 structura
452 1033 747 1084 aliquantisper
799 1040 914 1072 esset
969 1036 1215 1082 obscurata,
1266 1047 1313 1070 ea
1364 1037 1519 1071 mutata

57 1092 115 1128 sic
156 1089 267 1138 loqui
306 1091 490 1140 perrexit
532 1103 810 1139 earumque
853 1090 1057 1127 laudum
1091 1088 1312 1126 delubra
1343 1094 1518 1126 sunto.

56 1148 158 1185 Nam
199 1157 285 1182 eae
325 1144 508 1182 laudes
550 1159 628 1182 uon
668 1152 764 1183 sunt
804 1148 978 1183 uirtutes
1022 1147 1099 1183 iam
1142 1146 1402 1194 nominatae,
1443 1145 1518 1182 sed

57 1202 197 1240 laudes
229 1200 294 1239 uel
327 1203 516 1250 uirtutes,
552 1215 652 1251 quae
686 1203 831 1240 eodem
872 1215 1026 1253 genere
1065 1203 1369 1239 contineantur.
1433 1197 1517 1238 lta-

58 1272 136 1310 que
170 1259 204 1296 si
235 1262 360 1296 totam
388 1260 632 1296 senteutiam
659 1271 724 1308 eo,
757 1273 833 1310 quo
858 1259 1006 1307 finiuit,
1039 1258 1159 1295 modo
1186 1256 1333 1295 efferre
1360 1255 1518 1295 uoluis-

57 1320 138 1365 set,
170 1316 228 1353 sic
258 1314 369 1365 loqui
402 1314 566 1353 debuit:
601 1320 678 1353 ast
711 1316 927 1365 Mentis,
968 1315 1200 1353 Uirtutis
1234 1337 1285 1342 —
1320 1327 1516 1353 earum-

57 1384 153 1423 que
182 1370 388 1409 laudum
422 1372 614 1423 templa
647 1377 813 1411 sunto.

170 1440 300 1465 neue
330 1426 454 1477 ulla]
516 1429 633 1465 lianc
666 1428 859 1466 Gulielmi
892 1430 1169 1467 coniecturam
1204 1441 1225 1464 a
1257 1428 1356 1465 Dau.
1392 1428 1517 1466 Goer-

58 1484 229 1533 reliquis
259 1484 468 1533 probatam
503 1490 671 1535 propter
704 1485 901 1523 creditam
936 1497 1098 1523 suorum
1133 1483 1248 1522 codd.
1281 1484 1354 1521 AB
1376 1483 1517 1524 Η.65.

60 1541 342 1578 auctoritatem
376 1552 518 1577 rursus
541 1541 688 1578 Bakius
722 1541 922 1579 deseruit.
986 1542 1135 1578 Uerum
1171 1545 1213 1578 et
1244 1541 1373 1589 magis
1397 1540 1517 1581 codd.

60 1596 271 1634 meliorum
315 1595 466 1633 mendo
506 1597 817 1635 commendatur
854 1610 985 1635 neue
1029 1602 1071 1634 et
1102 1610 1177 1647 per
1208 1610 1253 1634 se
1286 1598 1419 1648 ipsum
1454 1602 1519 1635 est

60 1652 324 1703 probabilius.
399 1652 516 1689 Licet
562 1655 667 1690 enim
710 1667 803 1692 nec
842 1653 1046 1691 interdum
1091 1655 1146 1690 ita
1182 1658 1427 1705 usurpetur,
1477 1658 1520 1692 ut

59 1722 131 1760 pro
164 1721 289 1745 neue
322 1708 471 1745 dietum
508 1722 600 1747 esse
634 1711 822 1748 uideatur
849 1709 912 1764 (in
949 1711 1064 1749 Verr.
1097 1705 1178 1758 Ili,
1218 1708 1272 1749 48
1326 1717 1428 1750 extr.
1464 1710 1518 1748 de

58 1767 130 1804 Or.
164 1761 198 1813 I,
231 1764 271 1803 Ῑ).
312 1762 374 1803 19.
406 1765 457 1802 de
491 1767 591 1816 ltep.
625 1763 659 1816 I,
699 1768 737 1806 2.
778 1780 788 1805 :
831 1769 869 1804 in
909 1768 1096 1805 omnibus
1138 1771 1274 1804 tamen
1318 1766 1521 1805 eiusmodi

60 1819 256 1872 exemplis
298 1825 401 1871 part.
434 1835 527 1859 nec
559 1836 638 1860 non
668 1823 719 1860 ad
754 1825 917 1861 uerbum
952 1824 1149 1875 pertinet,
1191 1822 1264 1861 sed
1295 1823 1346 1861 ad
1378 1825 1520 1875 singu-

57 1877 184 1916 larem
219 1876 389 1927 aliquam
426 1881 652 1929 notionem,
687 1894 789 1930 quae
817 1882 895 1917 ista
927 1885 1109 1930 negetur.
1169 1880 1259 1918 IIoc
1299 1885 1433 1918 autem
1469 1882 1516 1918 ab

57 1936 133 1972 hac
187 1933 290 1983 legis
343 1933 471 1972 forma
521 1936 683 1973 uidetur
723 1936 899 1974 alienum
941 1950 1059 1986 esse,
1103 1941 1145 1974 ut
1183 1936 1234 1973 ad
1276 1950 1518 1987 pronomen,

58 2004 137 2028 non
179 1990 229 2026 ad
272 1992 436 2028 uerbum
483 1993 700 2031 reseratur.
771 1996 882 2042 Quae
931 1999 1158 2044 sequuntur
1198 1995 1322 2031 uerba
1368 2007 1520 2032 sacra

59 2046 317 2085 solemnia
350 2048 600 2097 obeunto,
636 2061 682 2085 ea
712 2049 896 2087 Manutio
925 2051 1002 2087 iam
1038 2062 1222 2098 suasore,
1263 2051 1352 2100 quia
1392 2064 1519 2102 pecu-

57 2103 158 2141 liare
192 2104 249 2139 eis
280 2109 541 2155 praeceptum
576 2107 870 2155 contineretur,
905 2108 1016 2143 euius
1048 2107 1337 2156 interpretatio
1374 2107 1519 2144 lacuna

55 2160 272 2211 periisset,
315 2161 462 2197 merito
495 2161 639 2198 Battus
681 2175 700 2198 a
740 2162 1082 2212 praecedentibus
1126 2163 1260 2199 uerbis
1298 2163 1516 2213 disiunxit,

56 2229 146 2254 cum
185 2217 328 2265 quihus
361 2216 506 2267 reliqui
541 2219 789 2268 interpretes
835 2222 1142 2257 coniunxerant.
1206 2220 1400 2257 Ceterum
1442 2232 1518 2257 sa-

57 2286 140 2311 cra
168 2271 428 2311 solemnia
471 2274 598 2311 Festo
639 2280 802 2312 auctore
844 2289 885 2327 p.
918 2274 1013 2315 264.
1059 2275 1122 2314 ed.
1166 2275 1282 2315 Lind.
1330 2278 1520 2315 dicuntur

60 2341 122 2379 ea,
156 2341 257 2378 quae
290 2330 416 2366 certis
453 2332 704 2380 temporibus
737 2333 932 2381 annisque
967 2333 1051 2368 lieri
1087 2332 1240 2371 solent.

172 2386 433 2435 monento]
495 2385 624 2424 Codd.
665 2391 899 2426 auctoritati
940 2389 1230 2440 obtemperans
1272 2403 1359 2427 rum
1392 2390 1518 2428 Bakio

59 2442 207 2492 scripsi
254 2447 521 2490 mouent03
572 2445 804 2495 superiores
853 2452 1145 2485 amouentO.
1216 2445 1314 2484 Mox
1360 2459 1520 2498 opera

57 2503 153 2537 sunt
184 2499 349 2536 rustica.

171 2555 350 2605 itaque
381 2559 434 2593 ut
464 2554 560 2606 ita]
623 2556 712 2593 'Non
753 2570 852 2608 opus
894 2562 958 2595 cst
995 2560 1251 2597 correctione
1293 2559 1398 2609 ulla,
1441 2571 1518 2597 nec

58 2610 215 2649 Dauisii
267 2612 307 2648 in
354 2612 511 2650 duobus
558 2614 681 2650 etiam
731 2613 853 2653 codd.
906 2619 1066 2653 tentata
1110 2617 1297 2667 itaque
1348 2622 1399 2655 ut
1441 2617 1516 2654 ita

54 2667 276 2718 cadant,
315 2682 393 2707 nec
431 2669 590 2707 l'earcii
631 2670 678 2706 ab
719 2669 816 2709 Eru.
863 2676 906 2709 et
942 2671 1085 2722 Wagn.
1124 2675 1292 2725 probata
1334 2675 1516 2724 itaque

57 2726 112 2760 ut
161 2724 387 2775 cadant,
435 2739 511 2763 nec
554 2725 699 2763 Orellii
741 2739 786 2764 ac
826 2728 939 2765 Bakii
978 2729 1157 2779 itaque
1204 2732 1276 2767 uti
1321 2731 1412 2775 (Or.
1453 2730 1518 2769 ut)

53 2778 242 2830 cadat,
289 2795 365 2821 nec
407 2782 588 2832 denique
632 2781 784 2820 Halmii
827 2782 854 2823 l.
895 2783 925 2824 l.
967 2785 1127 2836 idque
1162 2791 1212 2824 ut
1244 2787 1317 2823 ita
1348 2785 1516 2825 cadat.
