1791 3192
250 184 383 217 xxxn
842 183 901 217 PR
910 183 1136 219 AEFATIO.

248 305 284 327 a.
331 286 426 336 702,
459 298 535 337 quo
572 283 751 323 Peterus
784 298 874 324 eum
905 286 982 325 hoc
1012 286 1063 325 de
1095 300 1140 325 sc
1171 287 1409 339 praedicare
1430 290 1615 340 potuisse
1647 304 1723 329 ne-

247 362 341 408 gat,
391 367 507 406 quam
558 351 659 390 dixit
704 366 739 391 a.
775 352 869 393 708.
909 354 950 390 in
983 355 1095 393 Orat.
1131 354 1207 405 30,
1246 354 1338 394 108.
1380 364 1545 399 (nemo
1587 359 1722 396 enim

249 428 426 461 orator
478 427 579 458 tam
627 419 812 471 multa,
873 434 934 460 ne
977 424 1023 459 in
1083 435 1276 473 graeco
1331 423 1534 473 quidem
1588 428 1722 476 otio,

248 489 500 540 scripsit,
533 499 680 537 quam
714 485 875 526 multa
907 493 1029 527 sunt
1059 494 1275 542 nostra),
1314 503 1403 530 cum
1441 497 1537 543 post
1575 490 1723 544 leges

250 555 352 595 nihil
385 567 487 593 sane
517 558 683 606 praeter
724 555 938 593 Brutum
977 557 1226 607 scripsisset.
1288 558 1504 611 Spectauit
1533 560 1723 598 nimirum

246 626 286 664 h.
305 623 331 662 l.
356 636 445 661 cum
471 626 628 672 cetera,
658 635 759 673 quae
781 623 1097 674 conscripserat,
1128 638 1297 675 quorum
1328 628 1370 664 in
1406 640 1577 665 numero
1608 633 1725 666 erant

249 698 334 729 tres
365 690 418 728 de
449 693 614 728 oratore
644 689 754 740 libri,
788 702 858 728 sex
890 689 942 729 de
972 703 1019 729 re
1053 690 1213 742 publica
1259 705 1443 744 quaeque
1480 693 1722 733 adolescens

249 763 486 798 tentauerat
534 758 575 795 in
624 758 741 808 po'e8i
784 762 826 795 et
857 761 945 796 arte
975 758 1196 809 rhetorica,
1229 763 1310 797 tum
1351 762 1583 811 orationes,
1625 775 1722 812 quas

248 828 417 879 scripsit
460 823 673 877 plurimas.
738 824 856 874 Quod
897 830 1032 864 autem
1067 823 1102 876 I,
1132 826 1200 866 30.
1245 827 1331 864 eius
1373 827 1565 878 querelae
1595 830 1722 879 signi-

248 896 481 933 ficationem
520 890 837 942 deprehendere
875 895 953 931 sibi
997 894 1184 941 uidetur,
1238 905 1356 942 quam
1400 896 1589 933 omnibus
1634 896 1723 933 sere

249 961 364 999 libris
397 959 669 998 immiscuerit
698 963 793 1010 post
824 960 978 999 bellum
1011 960 1134 999 ciuile
1166 961 1433 1012 conscriptis,
1466 962 1722 1000 auctoritatis

248 1029 421 1066 fructum
456 1027 533 1064 sibi
561 1039 709 1076 capere
739 1039 821 1065 non
852 1026 978 1066 licere
1016 1028 1221 1066 sententia
1254 1028 1429 1066 (licenda
1463 1034 1505 1066 et
1533 1030 1623 1066 iure
1654 1041 1720 1065 re-

248 1094 509 1148 spondendo,
537 1092 630 1131 illas
662 1092 850 1143 querelas
890 1094 1061 1143 multum
1103 1093 1271 1131 ‹lill'erre
1309 1099 1423 1145 patet
1465 1096 1510 1132 ab
1552 1099 1721 1131 senten-

248 1165 302 1201 tia
335 1176 405 1212 ea,
450 1173 551 1213 quae
588 1160 653 1198 his
695 1161 833 1199 uerbis
871 1163 1118 1202 continetur.
1182 1160 1345 1198 Etenim
1387 1163 1425 1198 in
1468 1160 1583 1197 libris
1627 1166 1723 1211 post

254 1229 409 1269 bellum
445 1227 571 1266 ciuile
604 1229 767 1279 scriptis
801 1230 999 1277 queritur,
1034 1228 1138 1278 quod
1173 1242 1250 1277 quo
1274 1233 1458 1278 tempore
1480 1226 1720 1279 perfunctus

246 1298 368 1335 rebus
415 1293 678 1347 amplissimis
721 1296 965 1333 auctoritate
1005 1295 1083 1331 l'rui
1123 1294 1298 1332 deberet
1338 1300 1380 1332 et
1411 1296 1495 1332 otio
1527 1294 1720 1343 honesto,

247 1379 295 1403 eo
338 1364 417 1402 frui
461 1364 538 1401 sibi
575 1375 656 1399 non
694 1361 844 1400 liceret
881 1366 1102 1412 propter
1152 1364 1229 1399 rei
1272 1362 1409 1414 publ.
1452 1363 1720 1413 perturba-

245 1433 453 1469 tionem.
528 1429 590 1468 Cs.
631 1430 745 1467 Brut.
778 1429 819 1477 ¹2,
855 1428 897 1468 ὅ.
968 1430 1056 1467 Hoc
1099 1434 1231 1468 antem
1276 1429 1365 1468 loco
1407 1428 1510 1466 nihil
1554 1431 1719 1467 omnino

245 1497 523 1548 conqueritur,
556 1495 630 1533 sed
662 1495 870 1533 confidere
913 1509 958 1534 se
990 1496 1091 1535 dicit
1124 1498 1238 1547 sore,
1272 1503 1315 1535 ut
1343 1501 1514 1549 propter
1545 1501 1718 1535 aetatem

247 1567 322 1604 sibi
359 1562 574 1614 aliquando
608 1565 765 1600 uacatio
799 1576 820 1599 a
853 1566 984 1601 causis
1017 1564 1139 1602 detur
1171 1565 1451 1615 historiaeque
1477 1563 1718 1603 scribendae

246 1636 389 1672 otium.
450 1632 494 1669 si
527 1635 663 1669 tamen
699 1628 779 1667 ulla
811 1630 854 1668 h.
885 1629 916 1668 l.
955 1635 1105 1681 posset
1138 1632 1315 1669 inueniri
1355 1631 1547 1681 querelae
1587 1632 1718 1681 signi-

248 1703 400 1750 licatio,
434 1699 625 1750 profecto
657 1697 798 1735 eadem
833 1702 968 1747 esset,
1016 1709 1131 1747 quam
1165 1698 1517 1748 deprehendimus
1557 1701 1596 1735 in
1630 1700 1718 1750 epi-

248 1767 353 1807 stola
395 1768 444 1805 ad
485 1767 627 1815 Quint.
666 1765 730 1803 Fr.
765 1779 796 1804 a.
838 1763 931 1804 700.
969 1764 1062 1802 data
1098 1761 1176 1814 lll,
1209 1765 1246 1804 5.
1279 1764 1327 1813 4'3
1360 1779 1437 1816 quo
1476 1765 1565 1804 loco
1596 1778 1641 1803 se
1672 1779 1719 1804 ea

246 1841 380 1875 aetate
422 1834 536 1874 dolet
574 1833 728 1871 sorensi
768 1830 908 1870 labore
947 1833 1111 1881 iactari,
1158 1845 1234 1882 qua
1271 1835 1476 1872 senatoria
1512 1834 1718 1871 sententia

254 1905 400 1943 llorere
433 1903 615 1940 deberet.

360 1971 413 2008 Et
444 1975 655 2021 postremo
686 1966 795 2018 quod
827 1966 929 2004 dicit
960 1965 1134 2005 Peterus
1163 1969 1340 2019 scriptos
1372 1980 1450 2005 non
1479 1979 1571 2005 esse
1592 1965 1718 2006 libros

247 2038 299 2076 de
330 2037 489 2089 legibus
522 2040 616 2074 ante
647 2047 794 2073 annum
819 2032 912 2073 709.
944 2032 1010 2071 uel
1034 2034 1131 2084 710,
1162 2037 1254 2087 quia
1276 2048 1351 2074 uec
1375 2036 1415 2072 in
1440 2035 1555 2072 Brut.
1587 2035 1629 2084 5,
1652 2033 1716 2074 19.

245 2118 322 2142 nec
353 2104 405 2142 (le
438 2105 531 2142 Diu.
565 2099 623 2152 Il,
661 2098 712 2150 1.,
754 2102 821 2139 ubi
859 2100 1108 2152 reliquorum
1139 2103 1335 2141 librorum
1378 2103 1557 2141 omnium
1597 2103 1719 2141 fieret

245 2172 424 2221 mentio,
466 2183 544 2209 nec
583 2169 760 2221 denique
801 2169 1028 2219 '1¹11sc.1V,
1067 2170 1102 2209 1.
1141 2170 1285 2209 horum
1324 2169 1518 2208 librorum
1560 2172 1716 2208 mentio

246 2243 359 2278 esset
394 2240 571 2277 iniecta:
614 2240 771 2277 firmum
815 2248 914 2275 sane
953 2236 1031 2274 hoc
1074 2243 1187 2274 esset
1226 2242 1537 2288 argumentum,
1570 2238 1605 2274 si
1636 2237 1715 2275 hos

243 2307 370 2345 libros
400 2320 421 2344 a
453 2307 653 2344 Cicerone
686 2305 896 2343 absolutos
931 2309 973 2341 et
1004 2303 1138 2341 editos
1180 2316 1274 2341 esse
1315 2307 1540 2342 constaret.
1602 2304 1713 2341 Fieri

247 2376 354 2413 enim
395 2387 475 2411 non
514 2374 673 2425 potuit,
717 2373 839 2423 quin,
882 2374 916 2409 si
950 2371 1050 2409 editi
1083 2372 1285 2422 fuissent,
1326 2371 1407 2409 illis
1440 2369 1540 2408 locis
1574 2383 1713 2409 eorum

246 2443 401 2480 mentio
433 2442 691 2479 iniiceretur.
751 2441 803 2477 At
835 2453 931 2477 nero
966 2452 1054 2476 cnm
1087 2438 1203 2490 plura
1229 2442 1325 2490 sint,
1359 2450 1463 2490 qnae
1481 2449 1715 2476 sermonem

244 2508 360 2547 illum
394 2522 431 2547 a.
465 2506 562 2548 702.
591 2520 673 2545 non
707 2506 839 2545 solum
870 2507 1078 2556 habitum,
1112 2507 1186 2547 sed
1220 2509 1341 2546 etiam
1382 2508 1577 2558 scriptum
1621 2519 1713 2545 esse

246 2576 466 2616 uideantur
505 2588 703 2627 arguere,
744 2575 822 2612 hoc
865 2587 985 2613 unum
1024 2575 1121 2613 hinc
1152 2579 1268 2614 recte
1306 2572 1589 2624 concluditur,
1632 2587 1714 2613 non

248 2644 459 2683 absolutos
492 2656 569 2681 nec
603 2642 739 2680 editos
773 2654 865 2680 esse
894 2642 967 2680 hos
999 2641 1125 2680 libros
1159 2648 1277 2693 tunc,
1312 2655 1402 2681 cum
1431 2640 1522 2679 libri
1557 2641 1609 2679 de
1641 2643 1712 2680 Di-

247 2714 457 2750 uinatione
489 2716 531 2748 et
563 2707 823 2749 Tusculanae
857 2710 1157 2761 disputationes
1199 2712 1500 2748 scriberentur:
1534 2709 1575 2746 id
1606 2710 1713 2759 quod

249 2783 344 2830 post
368 2779 625 2828 Turnebum,
650 2779 914 2829 Wagnerum,
937 2778 1146 2828 Rathium,
1181 2778 1472 2827 Goerenzium,
1500 2777 1710 2815 Moserum
