<?xml version="1.0" encoding="UTF-8"?>
<!DOCTYPE html PUBLIC "-//W3C//DTD XHTML 1.0 Transitional//EN"
    "http://www.w3.org/TR/xhtml1/DTD/xhtml1-transitional.dtd">
<html xmlns="http://www.w3.org/1999/xhtml" xml:lang="en" lang="en">
 <head>
  <title>
</title>
<meta http-equiv="Content-Type" content="text/html;charset=utf-8" />
  <meta name='ocr-system' content='tesseract 3.04.00' />
  <meta name='ocr-capabilities' content='ocr_page ocr_carea ocr_par ocr_line ocrx_word'/>
</head>
<body>
  <div class='ocr_page' id='page_1' title='image "./delegibuslibritr0102ciceuoft_0291.png"; bbox 0 0 1781 3192; ppageno 0'>
   <div class='ocr_carea' id='block_1_1' title="bbox 415 198 1507 255">
    <p class='ocr_par' dir='ltr' id='par_1_1' title="bbox 415 198 1507 255">
     <span class='ocr_line' id='line_1_1' title="bbox 415 198 1507 255; baseline -0.016 -1"><span class='ocrx_word' id='word_1_1' title='bbox 415 216 571 255; x_wconf 67' lang='lat' dir='ltr'>[ABER</span> <span class='ocrx_word' id='word_1_2' title='bbox 604 214 827 251; x_wconf 59' lang='lat' dir='ltr'>Panum.</span> <span class='ocrx_word' id='word_1_3' title='bbox 879 211 976 248; x_wconf 66' lang='grc' dir='ltr'>(ὶΑν.</span> <span class='ocrx_word' id='word_1_4' title='bbox 1016 209 1138 247; x_wconf 81' lang='lat' dir='ltr'>xvn.</span> <span class='ocrx_word' id='word_1_5' title='bbox 1448 198 1507 238; x_wconf 71' lang='lat'>823</span> 
     </span>
    </p>
   </div>
   <div class='ocr_carea' id='block_1_2' title="bbox 43 320 1540 2862">
    <p class='ocr_par' dir='ltr' id='par_1_2' title="bbox 43 320 1540 2862">
     <span class='ocr_line' id='line_1_2' title="bbox 45 320 1508 382; baseline -0.015 -10"><span class='ocrx_word' id='word_1_6' title='bbox 45 333 233 382; x_wconf 80' lang='lat' dir='ltr'>iudicari,</span> <span class='ocrx_word' id='word_1_7' title='bbox 267 335 506 381; x_wconf 76' lang='lat' dir='ltr'>argumento</span> <span class='ocrx_word' id='word_1_8' title='bbox 538 339 612 378; x_wconf 88' lang='lat' dir='ltr'>per</span> <span class='ocrx_word' id='word_1_9' title='bbox 642 336 863 362; x_wconf 56' lang='lat' dir='ltr'>connexam</span> <span class='ocrx_word' id='word_1_10' title='bbox 897 321 1262 371; x_wconf 74' lang='lat' dir='ltr'>interrogationem</span> <span class='ocrx_word' id='word_1_11' title='bbox 1286 320 1380 368; x_wconf 84' lang='lat' dir='ltr'>apte</span> <span class='ocrx_word' id='word_1_12' title='bbox 1409 327 1508 352; x_wconf 88' lang='lat' dir='ltr'>con-</span> 
     </span>
     <span class='ocr_line' id='line_1_3' title="bbox 43 370 1509 440; baseline -0.014 -12"><span class='ocrx_word' id='word_1_13' title='bbox 43 391 174 428; x_wconf 87' lang='lat' dir='ltr'>cluso.</span> <span class='ocrx_word' id='word_1_14' title='bbox 236 386 349 440; x_wconf 70' lang='lat' dir='ltr'>(Quo</span> <span class='ocrx_word' id='word_1_15' title='bbox 392 396 542 436; x_wconf 77' lang='lat' dir='ltr'>genere</span> <span class='ocrx_word' id='word_1_16' title='bbox 579 382 682 420; x_wconf 86' lang='lat' dir='ltr'><strong>nihil</strong></span> <span class='ocrx_word' id='word_1_17' title='bbox 724 386 787 418; x_wconf 90' lang='lat' dir='ltr'>est</span> <span class='ocrx_word' id='word_1_18' title='bbox 825 381 1097 428; x_wconf 81' lang='lat' dir='ltr'>frequentius.</span> <span class='ocrx_word' id='word_1_19' title='bbox 1159 377 1225 414; x_wconf 77' lang='lat' dir='ltr'>Cf.</span> <span class='ocrx_word' id='word_1_20' title='bbox 1260 371 1292 424; x_wconf 92' lang='grc' dir='ltr'>Ι,</span> <span class='ocrx_word' id='word_1_21' title='bbox 1336 370 1399 412; x_wconf 79' lang='grc'>19.</span> <span class='ocrx_word' id='word_1_22' title='bbox 1440 371 1509 410; x_wconf 83' lang='grc'>51.</span> 
     </span>
     <span class='ocr_line' id='line_1_4' title="bbox 44 424 1510 493; baseline -0.014 -8"><span class='ocrx_word' id='word_1_23' title='bbox 44 447 170 485; x_wconf 74' lang='lat' dir='ltr'>&#39;l&#39;usc.</span> <span class='ocrx_word' id='word_1_24' title='bbox 206 445 274 493; x_wconf 79' lang='lat' dir='ltr'>lv,</span> <span class='ocrx_word' id='word_1_25' title='bbox 315 442 376 482; x_wconf 69' lang='grc'><strong>1-1.</strong></span> <span class='ocrx_word' id='word_1_26' title='bbox 409 441 478 482; x_wconf 67' lang='grc'>42.</span> <span class='ocrx_word' id='word_1_27' title='bbox 520 440 642 478; x_wconf 83' lang='lat' dir='ltr'>Tusc.</span> <span class='ocrx_word' id='word_1_28' title='bbox 678 438 728 487; x_wconf 87' lang='lat' dir='ltr'>V,</span> <span class='ocrx_word' id='word_1_29' title='bbox 767 435 830 477; x_wconf 72' lang='lat'>14.</span> <span class='ocrx_word' id='word_1_30' title='bbox 864 434 931 475; x_wconf 62' lang='lat'>42.</span> <span class='ocrx_word' id='word_1_31' title='bbox 977 436 1027 472; x_wconf 83' lang='lat' dir='ltr'>(le</span> <span class='ocrx_word' id='word_1_32' title='bbox 1060 436 1152 472; x_wconf 78' lang='lat' dir='ltr'>Fin.</span> <span class='ocrx_word' id='word_1_33' title='bbox 1188 430 1223 482; x_wconf 90' lang='grc' dir='ltr'>Ι,</span> <span class='ocrx_word' id='word_1_34' title='bbox 1256 432 1296 471; x_wconf 80' lang='lat'>2.</span> <span class='ocrx_word' id='word_1_35' title='bbox 1329 429 1368 470; x_wconf 79' lang='grc'>5.</span> <span class='ocrx_word' id='word_1_36' title='bbox 1402 424 1437 477; x_wconf 84' lang='grc' dir='ltr'>Ι,</span> <span class='ocrx_word' id='word_1_37' title='bbox 1470 426 1510 466; x_wconf 76' lang='grc'>4.</span> 
     </span>
     <span class='ocr_line' id='line_1_5' title="bbox 48 484 1510 548; baseline -0.012 -9"><span class='ocrx_word' id='word_1_38' title='bbox 48 504 111 543; x_wconf 75' lang='lat'>12,</span> <span class='ocrx_word' id='word_1_39' title='bbox 149 503 238 538; x_wconf 71' lang='lat' dir='ltr'>Nat.</span> <span class='ocrx_word' id='word_1_40' title='bbox 272 502 394 538; x_wconf 74' lang='lat' dir='ltr'>neor.</span> <span class='ocrx_word' id='word_1_41' title='bbox 425 499 473 548; x_wconf 86' lang='lat' dir='ltr'>ll,</span> <span class='ocrx_word' id='word_1_42' title='bbox 505 496 573 537; x_wconf 78' lang='grc'>38.</span> <span class='ocrx_word' id='word_1_43' title='bbox 607 493 672 534; x_wconf 81' lang='grc'>97.</span> <span class='ocrx_word' id='word_1_44' title='bbox 714 494 766 531; x_wconf 85' lang='lat' dir='ltr'>(le</span> <span class='ocrx_word' id='word_1_45' title='bbox 796 494 886 530; x_wconf 80' lang='lat' dir='ltr'>nin.</span> <span class='ocrx_word' id='word_1_46' title='bbox 919 492 965 541; x_wconf 92' lang='grc' dir='ltr'>ΙΙ,</span> <span class='ocrx_word' id='word_1_47' title='bbox 999 490 1062 532; x_wconf 73' lang='grc'>59.</span> <span class='ocrx_word' id='word_1_48' title='bbox 1106 491 1196 530; x_wconf 77' lang='grc'>123.</span> <span class='ocrx_word' id='word_1_49' title='bbox 1228 501 1302 540; x_wconf 85' lang='lat' dir='ltr'>pro</span> <span class='ocrx_word' id='word_1_50' title='bbox 1335 485 1436 524; x_wconf 62' lang='lat' dir='ltr'>stab.</span> <span class='ocrx_word' id='word_1_51' title='bbox 1468 484 1510 533; x_wconf 79' lang='grc'>5,</span> 
     </span>
     <span class='ocr_line' id='line_1_6' title="bbox 50 544 1513 604; baseline -0.014 -6"><span class='ocrx_word' id='word_1_52' title='bbox 50 560 114 599; x_wconf 70' lang='lat'>16.</span> <span class='ocrx_word' id='word_1_53' title='bbox 150 555 273 595; x_wconf 88' lang='lat' dir='ltr'>Verr.</span> <span class='ocrx_word' id='word_1_54' title='bbox 307 552 341 604; x_wconf 83' lang='lat' dir='ltr'>l,</span> <span class='ocrx_word' id='word_1_55' title='bbox 372 554 443 596; x_wconf 69' lang='lat'>42.</span> <span class='ocrx_word' id='word_1_56' title='bbox 484 552 569 593; x_wconf 78' lang='lat'>109.</span> <span class='ocrx_word' id='word_1_57' title='bbox 601 550 742 590; x_wconf 81' lang='lat' dir='ltr'>Madu.</span> <span class='ocrx_word' id='word_1_58' title='bbox 776 549 827 587; x_wconf 87' lang='lat' dir='ltr'>de</span> <span class='ocrx_word' id='word_1_59' title='bbox 864 550 955 586; x_wconf 76' lang='lat' dir='ltr'>Fiu-</span> <span class='ocrx_word' id='word_1_60' title='bbox 989 562 1030 600; x_wconf 88' lang='lat' dir='ltr'>p.</span> <span class='ocrx_word' id='word_1_61' title='bbox 1069 546 1132 587; x_wconf 65' lang='lat'>14.</span> <span class='ocrx_word' id='word_1_62' title='bbox 1188 544 1407 584; x_wconf 82' lang='lat' dir='ltr'>Stuerenb.</span> <span class='ocrx_word' id='word_1_63' title='bbox 1439 554 1513 592; x_wconf 86' lang='lat' dir='ltr'>pro</span> 
     </span>
     <span class='ocr_line' id='line_1_7' title="bbox 45 598 1512 663; baseline -0.014 -10"><span class='ocrx_word' id='word_1_64' title='bbox 45 615 165 654; x_wconf 80' lang='lat' dir='ltr'>Arch.</span> <span class='ocrx_word' id='word_1_65' title='bbox 201 626 242 663; x_wconf 75' lang='grc' dir='ltr'>[ι.</span> <span class='ocrx_word' id='word_1_66' title='bbox 281 612 384 660; x_wconf 74' lang='grc'><strong>161),</strong></span> <span class='ocrx_word' id='word_1_67' title='bbox 426 611 492 661; x_wconf 86' lang='lat' dir='ltr'>qui</span> <span class='ocrx_word' id='word_1_68' title='bbox 536 621 718 657; x_wconf 68' lang='lat' dir='ltr'>magnam</span> <span class='ocrx_word' id='word_1_69' title='bbox 761 605 1038 657; x_wconf 77' lang='lat' dir='ltr'>exemplorum</span> <span class='ocrx_word' id='word_1_70' title='bbox 1074 605 1228 654; x_wconf 79' lang='lat' dir='ltr'>copiam</span> <span class='ocrx_word' id='word_1_71' title='bbox 1264 598 1512 647; x_wconf 60' lang='lat' dir='ltr'>congessit).</span> 
     </span>
     <span class='ocr_line' id='line_1_8' title="bbox 47 657 1512 718; baseline -0.014 -9"><span class='ocrx_word' id='word_1_72' title='bbox 47 672 106 709; x_wconf 75' lang='lat' dir='ltr'>Ex</span> <span class='ocrx_word' id='word_1_73' title='bbox 148 682 226 718; x_wconf 86' lang='lat' dir='ltr'>quo</span> <span class='ocrx_word' id='word_1_74' title='bbox 268 667 420 705; x_wconf 86' lang='lat' dir='ltr'>deiude</span> <span class='ocrx_word' id='word_1_75' title='bbox 464 668 640 704; x_wconf 86' lang='lat' dir='ltr'>uirtutes</span> <span class='ocrx_word' id='word_1_76' title='bbox 669 669 711 701; x_wconf 83' lang='lat' dir='ltr'>et</span> <span class='ocrx_word' id='word_1_77' title='bbox 743 665 865 711; x_wconf 80' lang='lat' dir='ltr'>uitia,</span> <span class='ocrx_word' id='word_1_78' title='bbox 901 664 990 711; x_wconf 82' lang='lat' dir='ltr'>quia</span> <span class='ocrx_word' id='word_1_79' title='bbox 1025 662 1072 698; x_wconf 87' lang='lat' dir='ltr'>ab</span> <span class='ocrx_word' id='word_1_80' title='bbox 1107 659 1281 709; x_wconf 74' lang='lat' dir='ltr'>ingeniis</span> <span class='ocrx_word' id='word_1_81' title='bbox 1321 657 1512 701; x_wconf 76' lang='lat' dir='ltr'>existant,</span> 
     </span>
     <span class='ocr_line' id='line_1_9' title="bbox 50 713 1516 769; baseline -0.012 -7"><span class='ocrx_word' id='word_1_82' title='bbox 50 739 128 764; x_wconf 86' lang='lat' dir='ltr'>non</span> <span class='ocrx_word' id='word_1_83' title='bbox 171 723 293 761; x_wconf 83' lang='lat' dir='ltr'>aliter</span> <span class='ocrx_word' id='word_1_84' title='bbox 325 724 495 760; x_wconf 83' lang='lat' dir='ltr'>iudicari</span> <span class='ocrx_word' id='word_1_85' title='bbox 528 720 749 760; x_wconf 74' lang='lat' dir='ltr'><strong>concludit.</strong></span> <span class='ocrx_word' id='word_1_86' title='bbox 811 720 927 767; x_wconf 72' lang='lat' dir='ltr'>Quod</span> <span class='ocrx_word' id='word_1_87' title='bbox 973 720 1158 769; x_wconf 85' lang='lat' dir='ltr'>quoniam</span> <span class='ocrx_word' id='word_1_88' title='bbox 1198 713 1339 752; x_wconf 85' lang='lat' dir='ltr'>itidem</span> <span class='ocrx_word' id='word_1_89' title='bbox 1384 713 1516 747; x_wconf 89' lang='lat' dir='ltr'>inter-</span> 
     </span>
     <span class='ocr_line' id='line_1_10' title="bbox 50 768 1516 829; baseline -0.012 -10"><span class='ocrx_word' id='word_1_90' title='bbox 50 781 231 829; x_wconf 69' lang='lat' dir='ltr'>rogando</span> <span class='ocrx_word' id='word_1_91' title='bbox 264 779 474 817; x_wconf 77' lang='lat' dir='ltr'>concludit</span> <span class='ocrx_word' id='word_1_92' title='bbox 510 780 709 816; x_wconf 78' lang='lat' dir='ltr'>insistens</span> <span class='ocrx_word' id='word_1_93' title='bbox 736 778 789 825; x_wconf 87' lang='lat' dir='ltr'>ei,</span> <span class='ocrx_word' id='word_1_94' title='bbox 816 775 925 826; x_wconf 87' lang='lat' dir='ltr'>quod</span> <span class='ocrx_word' id='word_1_95' title='bbox 950 775 1164 825; x_wconf 74' lang='lat' dir='ltr'>superiore</span> <span class='ocrx_word' id='word_1_96' title='bbox 1190 768 1516 817; x_wconf 76' lang='lat' dir='ltr'>interrogatione</span> 
     </span>
     <span class='ocr_line' id='line_1_11' title="bbox 52 823 1519 885; baseline -0.012 -9"><span class='ocrx_word' id='word_1_97' title='bbox 52 839 239 876; x_wconf 81' lang='lat' dir='ltr'>effectum</span> <span class='ocrx_word' id='word_1_98' title='bbox 283 842 398 884; x_wconf 80' lang='lat' dir='ltr'>erat,</span> <span class='ocrx_word' id='word_1_99' title='bbox 449 848 588 885; x_wconf 82' lang='lat' dir='ltr'>parum</span> <span class='ocrx_word' id='word_1_100' title='bbox 626 838 741 871; x_wconf 85' lang='lat' dir='ltr'>recte</span> <span class='ocrx_word' id='word_1_101' title='bbox 784 832 948 870; x_wconf 89' lang='lat' dir='ltr'>uidetur</span> <span class='ocrx_word' id='word_1_102' title='bbox 991 831 1187 869; x_wconf 69' lang='lat' dir='ltr'>assumtio</span> <span class='ocrx_word' id='word_1_103' title='bbox 1227 823 1426 879; x_wconf 75' lang='lat' dir='ltr'>particula</span> <span class='ocrx_word' id='word_1_104' title='bbox 1467 826 1519 860; x_wconf 88' lang='lat' dir='ltr'>at</span> 
     </span>
     <span class='ocr_line' id='line_1_12' title="bbox 50 880 1516 941; baseline -0.01 -9"><span class='ocrx_word' id='word_1_105' title='bbox 50 892 266 941; x_wconf 77' lang='lat' dir='ltr'>declarari,</span> <span class='ocrx_word' id='word_1_106' title='bbox 298 897 341 929; x_wconf 90' lang='lat' dir='ltr'>ut</span> <span class='ocrx_word' id='word_1_107' title='bbox 373 893 522 929; x_wconf 83' lang='lat' dir='ltr'>merito</span> <span class='ocrx_word' id='word_1_108' title='bbox 558 890 792 939; x_wconf 74' lang='lat' dir='ltr'>Maduigius</span> <span class='ocrx_word' id='word_1_109' title='bbox 830 894 872 926; x_wconf 87' lang='lat' dir='ltr'>et</span> <span class='ocrx_word' id='word_1_110' title='bbox 907 887 1051 925; x_wconf 82' lang='lat' dir='ltr'>Bakius</span> <span class='ocrx_word' id='word_1_111' title='bbox 1084 886 1217 937; x_wconf 87' lang='lat' dir='ltr'>(idem</span> <span class='ocrx_word' id='word_1_112' title='bbox 1252 896 1327 933; x_wconf 77' lang='lat' dir='ltr'>ego</span> <span class='ocrx_word' id='word_1_113' title='bbox 1361 880 1516 927; x_wconf 78' lang='lat' dir='ltr'>conieci</span> 
     </span>
     <span class='ocr_line' id='line_1_13' title="bbox 51 939 1520 998; baseline -0.01 -10"><span class='ocrx_word' id='word_1_114' title='bbox 51 953 90 988; x_wconf 92' lang='lat' dir='ltr'>in</span> <span class='ocrx_word' id='word_1_115' title='bbox 124 950 264 986; x_wconf 74' lang='lat' dir='ltr'>Jalnuii</span> <span class='ocrx_word' id='word_1_116' title='bbox 298 950 398 986; x_wconf 89' lang='grc' dir='ltr'>Αιιιι.</span> <span class='ocrx_word' id='word_1_117' title='bbox 442 946 560 988; x_wconf 42' lang='grc' dir='ltr'>Ἰδιίᾏ</span> <span class='ocrx_word' id='word_1_118' title='bbox 595 960 635 998; x_wconf 84' lang='lat' dir='ltr'>p.</span> <span class='ocrx_word' id='word_1_119' title='bbox 669 946 763 986; x_wconf 63' lang='lat'>295.</span> <span class='ocrx_word' id='word_1_120' title='bbox 807 947 976 983; x_wconf 83' lang='lat' dir='ltr'>istorum</span> <span class='ocrx_word' id='word_1_121' title='bbox 1011 957 1091 981; x_wconf 91' lang='lat' dir='ltr'>non</span> <span class='ocrx_word' id='word_1_122' title='bbox 1132 942 1293 993; x_wconf 76' lang='lat' dir='ltr'>cognita</span> <span class='ocrx_word' id='word_1_123' title='bbox 1334 939 1520 988; x_wconf 80' lang='lat' dir='ltr'>‹lisputa-</span> 
     </span>
     <span class='ocr_line' id='line_1_14' title="bbox 51 998 1525 1056; baseline -0.009 -13"><span class='ocrx_word' id='word_1_124' title='bbox 51 1005 189 1055; x_wconf 82' lang='lat' dir='ltr'>tione)</span> <span class='ocrx_word' id='word_1_125' title='bbox 230 1018 301 1056; x_wconf 80' lang='lat' dir='ltr'>pro</span> <span class='ocrx_word' id='word_1_126' title='bbox 348 1010 395 1041; x_wconf 88' lang='lat' dir='ltr'>at</span> <span class='ocrx_word' id='word_1_127' title='bbox 434 1003 761 1042; x_wconf 69' lang='lat' dir='ltr'>commendarint</span> <span class='ocrx_word' id='word_1_128' title='bbox 793 1016 875 1051; x_wconf 84' lang='lat' dir='ltr'>an,</span> <span class='ocrx_word' id='word_1_129' title='bbox 919 999 1023 1051; x_wconf 86' lang='lat' dir='ltr'>quod</span> <span class='ocrx_word' id='word_1_130' title='bbox 1059 1012 1181 1050; x_wconf 80' lang='lat' dir='ltr'>saepe</span> <span class='ocrx_word' id='word_1_131' title='bbox 1213 1010 1300 1035; x_wconf 86' lang='lat' dir='ltr'>cum</span> <span class='ocrx_word' id='word_1_132' title='bbox 1337 999 1443 1046; x_wconf 85' lang='lat' dir='ltr'>part.</span> <span class='ocrx_word' id='word_1_133' title='bbox 1475 998 1525 1032; x_wconf 84' lang='lat' dir='ltr'>at</span> 
     </span>
     <span class='ocr_line' id='line_1_15' title="bbox 53 1054 1520 1106; baseline -0.009 -6"><span class='ocrx_word' id='word_1_134' title='bbox 53 1077 74 1100; x_wconf 75' lang='grc' dir='ltr'>ιι</span> <span class='ocrx_word' id='word_1_135' title='bbox 106 1062 282 1099; x_wconf 79' lang='lat' dir='ltr'>librariis</span> <span class='ocrx_word' id='word_1_136' title='bbox 316 1061 527 1098; x_wconf 78' lang='lat' dir='ltr'>confusum</span> <span class='ocrx_word' id='word_1_137' title='bbox 571 1067 635 1097; x_wconf 85' lang='lat' dir='ltr'>est</span> <span class='ocrx_word' id='word_1_138' title='bbox 674 1065 715 1097; x_wconf 90' lang='lat' dir='ltr'>et</span> <span class='ocrx_word' id='word_1_139' title='bbox 748 1066 861 1096; x_wconf 82' lang='lat' dir='ltr'>recte</span> <span class='ocrx_word' id='word_1_140' title='bbox 894 1072 915 1095; x_wconf 89' lang='lat' dir='ltr'>a</span> <span class='ocrx_word' id='word_1_141' title='bbox 951 1058 1159 1106; x_wconf 76' lang='lat' dir='ltr'>Madnigio</span> <span class='ocrx_word' id='word_1_142' title='bbox 1190 1061 1253 1092; x_wconf 75' lang='lat' dir='ltr'>est</span> <span class='ocrx_word' id='word_1_143' title='bbox 1284 1054 1520 1090; x_wconf 77' lang='lat' dir='ltr'>restitutum</span> 
     </span>
     <span class='ocr_line' id='line_1_16' title="bbox 54 1110 1521 1165; baseline -0.007 -10"><span class='ocrx_word' id='word_1_144' title='bbox 54 1119 106 1155; x_wconf 82' lang='lat' dir='ltr'>‹le</span> <span class='ocrx_word' id='word_1_145' title='bbox 145 1119 236 1155; x_wconf 52' lang='lat' dir='ltr'>lein.</span> <span class='ocrx_word' id='word_1_146' title='bbox 268 1113 302 1165; x_wconf 87' lang='lat' dir='ltr'>I,</span> <span class='ocrx_word' id='word_1_147' title='bbox 342 1120 380 1158; x_wconf 68' lang='grc' dir='ltr'>ὅ.</span> <span class='ocrx_word' id='word_1_148' title='bbox 423 1117 492 1155; x_wconf 67' lang='grc'>28.</span> <span class='ocrx_word' id='word_1_149' title='bbox 535 1112 600 1163; x_wconf 83' lang='grc' dir='ltr'>ΙΙ,</span> <span class='ocrx_word' id='word_1_150' title='bbox 643 1116 710 1155; x_wconf 68' lang='lat'>215.</span> <span class='ocrx_word' id='word_1_151' title='bbox 751 1118 822 1154; x_wconf 58' lang='grc' dir='ltr'>δύ’.</span> <span class='ocrx_word' id='word_1_152' title='bbox 867 1114 983 1152; x_wconf 67' lang='lat' dir='ltr'>Verr.</span> <span class='ocrx_word' id='word_1_153' title='bbox 1030 1113 1107 1162; x_wconf 75' lang='lat' dir='ltr'>lv,</span> <span class='ocrx_word' id='word_1_154' title='bbox 1145 1111 1213 1151; x_wconf 62' lang='lat' dir='ltr'>cis).</span> <span class='ocrx_word' id='word_1_155' title='bbox 1261 1110 1388 1150; x_wconf 75' lang='lat'><strong>102..</strong></span> <span class='ocrx_word' id='word_1_156' title='bbox 1425 1110 1521 1145; x_wconf 77' lang='lat' dir='ltr'>Sine</span> 
     </span>
     <span class='ocr_line' id='line_1_17' title="bbox 53 1165 1523 1221; baseline -0.007 -10"><span class='ocrx_word' id='word_1_157' title='bbox 53 1187 177 1213; x_wconf 74' lang='lat' dir='ltr'>causa</span> <span class='ocrx_word' id='word_1_158' title='bbox 218 1180 351 1213; x_wconf 84' lang='lat' dir='ltr'>autem</span> <span class='ocrx_word' id='word_1_159' title='bbox 387 1173 534 1210; x_wconf 61' lang='lat' dir='ltr'>ssahins</span> <span class='ocrx_word' id='word_1_160' title='bbox 578 1173 701 1209; x_wconf 86' lang='lat' dir='ltr'>uerba</span> <span class='ocrx_word' id='word_1_161' title='bbox 744 1183 874 1221; x_wconf 82' lang='lat' dir='ltr'>quae</span> <span class='ocrx_word' id='word_1_162' title='bbox 920 1171 1165 1207; x_wconf 75' lang='lat' dir='ltr'>existunt</span> <span class='ocrx_word' id='word_1_163' title='bbox 1198 1169 1254 1205; x_wconf 84' lang='lat' dir='ltr'>ab</span> <span class='ocrx_word' id='word_1_164' title='bbox 1288 1165 1523 1215; x_wconf 79' lang='lat' dir='ltr'>ingeniis</span> 
     </span>
     <span class='ocr_line' id='line_1_18' title="bbox 55 1219 1525 1279; baseline -0.007 -11"><span class='ocrx_word' id='word_1_165' title='bbox 55 1234 93 1268; x_wconf 81' lang='lat' dir='ltr'>in</span> <span class='ocrx_word' id='word_1_166' title='bbox 143 1230 417 1279; x_wconf 79' lang='lat' dir='ltr'>suspicionem</span> <span class='ocrx_word' id='word_1_167' title='bbox 458 1230 623 1266; x_wconf 81' lang='lat' dir='ltr'>uocauit</span> <span class='ocrx_word' id='word_1_168' title='bbox 661 1234 904 1278; x_wconf 84' lang='lat' dir='ltr'>propterea,</span> <span class='ocrx_word' id='word_1_169' title='bbox 950 1228 1040 1276; x_wconf 85' lang='lat' dir='ltr'>quia</span> <span class='ocrx_word' id='word_1_170' title='bbox 1081 1227 1318 1264; x_wconf 78' lang='lat' dir='ltr'>existere</span> <span class='ocrx_word' id='word_1_171' title='bbox 1360 1232 1416 1259; x_wconf 79' lang='lat' dir='ltr'>ex</span> <span class='ocrx_word' id='word_1_172' title='bbox 1457 1219 1525 1257; x_wconf 90' lang='lat' dir='ltr'>uel</span> 
     </span>
     <span class='ocr_line' id='line_1_19' title="bbox 54 1278 1524 1335; baseline -0.006 -12"><span class='ocrx_word' id='word_1_173' title='bbox 54 1288 110 1324; x_wconf 83' lang='lat' dir='ltr'>ab</span> <span class='ocrx_word' id='word_1_174' title='bbox 144 1284 321 1335; x_wconf 85' lang='lat' dir='ltr'>aliquo</span> <span class='ocrx_word' id='word_1_175' title='bbox 361 1284 412 1322; x_wconf 90' lang='lat' dir='ltr'>de</span> <span class='ocrx_word' id='word_1_176' title='bbox 455 1286 504 1322; x_wconf 90' lang='lat' dir='ltr'>iis</span> <span class='ocrx_word' id='word_1_177' title='bbox 547 1288 702 1322; x_wconf 84' lang='lat' dir='ltr'>tantum</span> <span class='ocrx_word' id='word_1_178' title='bbox 741 1284 971 1329; x_wconf 75' lang='lat' dir='ltr'>(liceretur,</span> <span class='ocrx_word' id='word_1_179' title='bbox 1016 1295 1115 1332; x_wconf 82' lang='lat' dir='ltr'>qnae</span> <span class='ocrx_word' id='word_1_180' title='bbox 1155 1282 1291 1319; x_wconf 89' lang='lat' dir='ltr'>subito</span> <span class='ocrx_word' id='word_1_181' title='bbox 1334 1282 1377 1316; x_wconf 87' lang='lat' dir='ltr'>et</span> <span class='ocrx_word' id='word_1_182' title='bbox 1407 1278 1524 1315; x_wconf 74' lang='lat' dir='ltr'>inex-</span> 
     </span>
     <span class='ocr_line' id='line_1_20' title="bbox 56 1333 1524 1394; baseline -0.005 -14"><span class='ocrx_word' id='word_1_183' title='bbox 56 1347 240 1394; x_wconf 84' lang='lat' dir='ltr'>spectato</span> <span class='ocrx_word' id='word_1_184' title='bbox 291 1341 480 1379; x_wconf 80' lang='lat' dir='ltr'>alicunde</span> <span class='ocrx_word' id='word_1_185' title='bbox 527 1341 754 1391; x_wconf 86' lang='lat' dir='ltr'>prodirent.</span> <span class='ocrx_word' id='word_1_186' title='bbox 828 1339 892 1378; x_wconf 82' lang='lat' dir='ltr'>Cf.</span> <span class='ocrx_word' id='word_1_187' title='bbox 941 1340 1054 1377; x_wconf 54' lang='lat' dir='ltr'>&#39;Varia</span> <span class='ocrx_word' id='word_1_188' title='bbox 1104 1339 1154 1377; x_wconf 81' lang='lat' dir='ltr'>R.</span> <span class='ocrx_word' id='word_1_189' title='bbox 1202 1338 1249 1375; x_wconf 81' lang='lat' dir='ltr'>R.</span> <span class='ocrx_word' id='word_1_190' title='bbox 1290 1336 1326 1384; x_wconf 90' lang='grc' dir='ltr'>Ι,</span> <span class='ocrx_word' id='word_1_191' title='bbox 1368 1333 1433 1374; x_wconf 66' lang='grc'>3-1.</span> <span class='ocrx_word' id='word_1_192' title='bbox 1489 1333 1524 1372; x_wconf 85' lang='grc' dir='ltr'>Ἰ.</span> 
     </span>
     <span class='ocr_line' id='line_1_21' title="bbox 57 1391 1526 1449; baseline -0.007 -13"><span class='ocrx_word' id='word_1_193' title='bbox 57 1411 183 1449; x_wconf 82' lang='lat' dir='ltr'>quae</span> <span class='ocrx_word' id='word_1_194' title='bbox 219 1400 452 1437; x_wconf 78' lang='lat' dir='ltr'>abruma</span> <span class='ocrx_word' id='word_1_195' title='bbox 492 1402 606 1435; x_wconf 80' lang='lat' dir='ltr'>sata</span> <span class='ocrx_word' id='word_1_196' title='bbox 648 1401 792 1445; x_wconf 85' lang='lat' dir='ltr'>sunt,</span> <span class='ocrx_word' id='word_1_197' title='bbox 846 1396 1256 1446; x_wconf 70' lang='lat' dir='ltr'>quadragesimo</span> <span class='ocrx_word' id='word_1_198' title='bbox 1303 1392 1387 1429; x_wconf 88' lang='lat' dir='ltr'>die</span> <span class='ocrx_word' id='word_1_199' title='bbox 1440 1391 1526 1428; x_wconf 81' lang='lat' dir='ltr'>uix</span> 
     </span>
     <span class='ocr_line' id='line_1_22' title="bbox 59 1450 1528 1502; baseline -0.006 -10"><span class='ocrx_word' id='word_1_200' title='bbox 59 1457 305 1493; x_wconf 64' lang='lat' dir='ltr'>existunt.</span> <span class='ocrx_word' id='word_1_201' title='bbox 357 1454 440 1493; x_wconf 86' lang='lat' dir='ltr'>Cic.</span> <span class='ocrx_word' id='word_1_202' title='bbox 476 1455 589 1491; x_wconf 81' lang='lat' dir='ltr'>Brut.</span> <span class='ocrx_word' id='word_1_203' title='bbox 624 1455 664 1502; x_wconf 63' lang='lat'>8,</span> <span class='ocrx_word' id='word_1_204' title='bbox 697 1453 764 1491; x_wconf 81' lang='lat'>31.</span> <span class='ocrx_word' id='word_1_205' title='bbox 796 1454 948 1490; x_wconf 86' lang='lat' dir='ltr'>huius</span> <span class='ocrx_word' id='word_1_206' title='bbox 993 1466 1049 1490; x_wconf 80' lang='lat' dir='ltr'>ex</span> <span class='ocrx_word' id='word_1_207' title='bbox 1091 1450 1379 1489; x_wconf 80' lang='lat' dir='ltr'>uberrimis</span> <span class='ocrx_word' id='word_1_208' title='bbox 1419 1459 1528 1484; x_wconf 88' lang='lat' dir='ltr'>ser-</span> 
     </span>
     <span class='ocr_line' id='line_1_23' title="bbox 59 1503 1528 1556; baseline -0.005 -8"><span class='ocrx_word' id='word_1_209' title='bbox 59 1512 296 1549; x_wconf 85' lang='lat' dir='ltr'>monibus</span> <span class='ocrx_word' id='word_1_210' title='bbox 322 1510 419 1547; x_wconf 86' lang='lat' dir='ltr'>uiri</span> <span class='ocrx_word' id='word_1_211' title='bbox 445 1509 753 1547; x_wconf 78' lang='lat' dir='ltr'>doctissimi</span> <span class='ocrx_word' id='word_1_212' title='bbox 782 1511 1131 1550; x_wconf 84' lang='lat' dir='ltr'>exstiterunt.</span> <span class='ocrx_word' id='word_1_213' title='bbox 1184 1507 1371 1556; x_wconf 86' lang='lat' dir='ltr'>Denique</span> <span class='ocrx_word' id='word_1_214' title='bbox 1395 1503 1528 1541; x_wconf 84' lang='lat' dir='ltr'>denuo</span> 
     </span>
     <span class='ocr_line' id='line_1_24' title="bbox 61 1559 1526 1616; baseline -0.005 -12"><span class='ocrx_word' id='word_1_215' title='bbox 61 1567 254 1604; x_wconf 85' lang='lat' dir='ltr'>insistens</span> <span class='ocrx_word' id='word_1_216' title='bbox 286 1568 339 1613; x_wconf 85' lang='lat' dir='ltr'>ei,</span> <span class='ocrx_word' id='word_1_217' title='bbox 373 1566 479 1615; x_wconf 88' lang='lat' dir='ltr'>quod</span> <span class='ocrx_word' id='word_1_218' title='bbox 510 1567 694 1616; x_wconf 73' lang='lat' dir='ltr'>proxima</span> <span class='ocrx_word' id='word_1_219' title='bbox 725 1566 989 1604; x_wconf 84' lang='lat' dir='ltr'>conclusione</span> <span class='ocrx_word' id='word_1_220' title='bbox 1023 1566 1213 1603; x_wconf 83' lang='lat' dir='ltr'>effectum</span> <span class='ocrx_word' id='word_1_221' title='bbox 1247 1567 1350 1611; x_wconf 84' lang='lat' dir='ltr'>erat,</span> <span class='ocrx_word' id='word_1_222' title='bbox 1384 1559 1526 1599; x_wconf 84' lang='lat' dir='ltr'>eadem</span> 
     </span>
     <span class='ocr_line' id='line_1_25' title="bbox 62 1620 1529 1672; baseline -0.005 -12"><span class='ocrx_word' id='word_1_223' title='bbox 62 1636 271 1660; x_wconf 79' lang='lat' dir='ltr'>connexae</span> <span class='ocrx_word' id='word_1_224' title='bbox 314 1624 649 1672; x_wconf 80' lang='lat' dir='ltr'>interrogationis</span> <span class='ocrx_word' id='word_1_225' title='bbox 691 1622 822 1660; x_wconf 77' lang='lat' dir='ltr'>forma</span> <span class='ocrx_word' id='word_1_226' title='bbox 869 1621 1047 1659; x_wconf 81' lang='lat' dir='ltr'>adhibita</span> <span class='ocrx_word' id='word_1_227' title='bbox 1096 1620 1201 1659; x_wconf 90' lang='lat' dir='ltr'>illud</span> <span class='ocrx_word' id='word_1_228' title='bbox 1250 1622 1529 1668; x_wconf 78' lang='lat' dir='ltr'>argumentum</span> 
     </span>
     <span class='ocr_line' id='line_1_26' title="bbox 61 1674 1530 1728; baseline -0.005 -12"><span class='ocrx_word' id='word_1_229' title='bbox 61 1678 285 1727; x_wconf 82' lang='lat' dir='ltr'>concludit,</span> <span class='ocrx_word' id='word_1_230' title='bbox 316 1680 429 1716; x_wconf 89' lang='lat' dir='ltr'>cuius</span> <span class='ocrx_word' id='word_1_231' title='bbox 462 1692 581 1716; x_wconf 84' lang='lat' dir='ltr'>causa</span> <span class='ocrx_word' id='word_1_232' title='bbox 613 1679 715 1716; x_wconf 84' lang='lat' dir='ltr'>haec</span> <span class='ocrx_word' id='word_1_233' title='bbox 749 1681 881 1716; x_wconf 88' lang='lat' dir='ltr'>omnis</span> <span class='ocrx_word' id='word_1_234' title='bbox 915 1683 1107 1728; x_wconf 82' lang='lat' dir='ltr'>suscepta</span> <span class='ocrx_word' id='word_1_235' title='bbox 1135 1682 1200 1715; x_wconf 88' lang='lat' dir='ltr'>est</span> <span class='ocrx_word' id='word_1_236' title='bbox 1231 1674 1530 1726; x_wconf 70' lang='lat' dir='ltr'>argumentatio</span> 
     </span>
     <span class='ocr_line' id='line_1_27' title="bbox 61 1730 1531 1787; baseline -0.003 -16"><span class='ocrx_word' id='word_1_237' title='bbox 61 1736 311 1787; x_wconf 82' lang='lat' dir='ltr'>(honesta</span> <span class='ocrx_word' id='word_1_238' title='bbox 345 1739 395 1772; x_wconf 90' lang='lat' dir='ltr'>et</span> <span class='ocrx_word' id='word_1_239' title='bbox 422 1736 602 1785; x_wconf 76' lang='lat' dir='ltr'>turpia</span> <span class='ocrx_word' id='word_1_240' title='bbox 633 1739 822 1772; x_wconf 81' lang='lat' dir='ltr'>natura</span> <span class='ocrx_word' id='word_1_241' title='bbox 868 1732 1153 1787; x_wconf 83' lang='lat' dir='ltr'>iudicari),</span> <span class='ocrx_word' id='word_1_242' title='bbox 1196 1738 1239 1772; x_wconf 88' lang='lat' dir='ltr'>nt</span> <span class='ocrx_word' id='word_1_243' title='bbox 1281 1745 1358 1769; x_wconf 92' lang='lat' dir='ltr'>non</span> <span class='ocrx_word' id='word_1_244' title='bbox 1399 1730 1531 1782; x_wconf 85' lang='lat' dir='ltr'>possit</span> 
     </span>
     <span class='ocr_line' id='line_1_28' title="bbox 62 1789 1529 1842; baseline -0.005 -13"><span class='ocrx_word' id='word_1_245' title='bbox 62 1791 239 1829; x_wconf 86' lang='lat' dir='ltr'>dubitari</span> <span class='ocrx_word' id='word_1_246' title='bbox 272 1791 524 1829; x_wconf 83' lang='lat' dir='ltr'>deteriorum</span> <span class='ocrx_word' id='word_1_247' title='bbox 559 1791 744 1829; x_wconf 85' lang='lat' dir='ltr'>codicum</span> <span class='ocrx_word' id='word_1_248' title='bbox 779 1792 1019 1842; x_wconf 79' lang='lat' dir='ltr'>scripturam</span> <span class='ocrx_word' id='word_1_249' title='bbox 1060 1804 1157 1829; x_wconf 89' lang='lat' dir='ltr'>non</span> <span class='ocrx_word' id='word_1_250' title='bbox 1193 1789 1355 1828; x_wconf 82' lang='lat' dir='ltr'>aliter</span> <span class='ocrx_word' id='word_1_251' title='bbox 1386 1799 1529 1837; x_wconf 84' lang='lat' dir='ltr'>quam</span> 
     </span>
     <span class='ocr_line' id='line_1_29' title="bbox 61 1846 1531 1899; baseline -0.004 -14"><span class='ocrx_word' id='word_1_252' title='bbox 61 1848 285 1886; x_wconf 84' lang='lat' dir='ltr'>honesta</span> <span class='ocrx_word' id='word_1_253' title='bbox 314 1861 335 1884; x_wconf 89' lang='lat' dir='ltr'>a</span> <span class='ocrx_word' id='word_1_254' title='bbox 361 1847 602 1897; x_wconf 82' lang='lat' dir='ltr'>quibusdam</span> <span class='ocrx_word' id='word_1_255' title='bbox 631 1849 842 1899; x_wconf 79' lang='lat' dir='ltr'>probatam</span> <span class='ocrx_word' id='word_1_256' title='bbox 885 1861 1053 1899; x_wconf 78' lang='lat' dir='ltr'>prauam</span> <span class='ocrx_word' id='word_1_257' title='bbox 1097 1860 1191 1885; x_wconf 86' lang='lat' dir='ltr'>esse</span> <span class='ocrx_word' id='word_1_258' title='bbox 1231 1846 1531 1884; x_wconf 82' lang='lat' dir='ltr'>correctionem</span> 
     </span>
     <span class='ocr_line' id='line_1_30' title="bbox 64 1902 1532 1954; baseline -0.004 -12"><span class='ocrx_word' id='word_1_259' title='bbox 64 1906 294 1953; x_wconf 84' lang='lat' dir='ltr'>scripturae</span> <span class='ocrx_word' id='word_1_260' title='bbox 329 1915 453 1940; x_wconf 84' lang='lat' dir='ltr'>uerae</span> <span class='ocrx_word' id='word_1_261' title='bbox 484 1904 525 1941; x_wconf 92' lang='lat' dir='ltr'>in</span> <span class='ocrx_word' id='word_1_262' title='bbox 562 1904 796 1941; x_wconf 76' lang='lat' dir='ltr'>melioribus</span> <span class='ocrx_word' id='word_1_263' title='bbox 830 1909 1036 1942; x_wconf 85' lang='lat' dir='ltr'>seruatae.</span> <span class='ocrx_word' id='word_1_264' title='bbox 1098 1905 1367 1954; x_wconf 82' lang='lat' dir='ltr'>Reliquorum</span> <span class='ocrx_word' id='word_1_265' title='bbox 1400 1902 1532 1938; x_wconf 88' lang='lat' dir='ltr'>inter-</span> 
     </span>
     <span class='ocr_line' id='line_1_31' title="bbox 66 1960 1533 2011; baseline -0.003 -14"><span class='ocrx_word' id='word_1_266' title='bbox 66 1965 225 2011; x_wconf 88' lang='lat' dir='ltr'>pretum</span> <span class='ocrx_word' id='word_1_267' title='bbox 259 1961 532 2008; x_wconf 86' lang='lat' dir='ltr'>coniecturas,</span> <span class='ocrx_word' id='word_1_268' title='bbox 567 1972 665 2009; x_wconf 90' lang='lat' dir='ltr'>quas</span> <span class='ocrx_word' id='word_1_269' title='bbox 696 1960 880 1999; x_wconf 84' lang='lat' dir='ltr'>refutare</span> <span class='ocrx_word' id='word_1_270' title='bbox 914 1966 955 1998; x_wconf 88' lang='lat' dir='ltr'>et</span> <span class='ocrx_word' id='word_1_271' title='bbox 984 1960 1149 2010; x_wconf 76' lang='lat' dir='ltr'>longum</span> <span class='ocrx_word' id='word_1_272' title='bbox 1184 1965 1249 1998; x_wconf 89' lang='lat' dir='ltr'>est</span> <span class='ocrx_word' id='word_1_273' title='bbox 1279 1971 1356 1996; x_wconf 90' lang='lat' dir='ltr'>nec</span> <span class='ocrx_word' id='word_1_274' title='bbox 1385 1968 1533 1994; x_wconf 85' lang='lat' dir='ltr'>neces-</span> 
     </span>
     <span class='ocr_line' id='line_1_32' title="bbox 67 2013 1534 2068; baseline -0.003 -15"><span class='ocrx_word' id='word_1_275' title='bbox 67 2017 233 2064; x_wconf 80' lang='lat' dir='ltr'>sarium,</span> <span class='ocrx_word' id='word_1_276' title='bbox 274 2015 519 2065; x_wconf 82' lang='lat' dir='ltr'>simpliciter</span> <span class='ocrx_word' id='word_1_277' title='bbox 558 2016 783 2067; x_wconf 77' lang='lat' dir='ltr'>adiungere</span> <span class='ocrx_word' id='word_1_278' title='bbox 825 2019 962 2065; x_wconf 84' lang='lat' dir='ltr'>iuuat,</span> <span class='ocrx_word' id='word_1_279' title='bbox 1003 2022 1047 2055; x_wconf 89' lang='lat' dir='ltr'>ut</span> <span class='ocrx_word' id='word_1_280' title='bbox 1088 2016 1291 2068; x_wconf 87' lang='lat' dir='ltr'>quomodo</span> <span class='ocrx_word' id='word_1_281' title='bbox 1333 2014 1400 2052; x_wconf 87' lang='lat' dir='ltr'>alii</span> <span class='ocrx_word' id='word_1_282' title='bbox 1440 2013 1534 2050; x_wconf 86' lang='lat' dir='ltr'>huic</span> 
     </span>
     <span class='ocr_line' id='line_1_33' title="bbox 66 2070 1534 2130; baseline -0.003 -21"><span class='ocrx_word' id='word_1_283' title='bbox 66 2071 157 2110; x_wconf 88' lang='lat' dir='ltr'>loco</span> <span class='ocrx_word' id='word_1_284' title='bbox 189 2074 480 2130; x_wconf 74' lang='lat' dir='ltr'>succurrerint,</span> <span class='ocrx_word' id='word_1_285' title='bbox 513 2076 706 2123; x_wconf 80' lang='lat' dir='ltr'>cognosci</span> <span class='ocrx_word' id='word_1_286' title='bbox 738 2075 871 2125; x_wconf 87' lang='lat' dir='ltr'>possit</span> <span class='ocrx_word' id='word_1_287' title='bbox 903 2075 950 2111; x_wconf 87' lang='lat' dir='ltr'>ab</span> <span class='ocrx_word' id='word_1_288' title='bbox 984 2076 1048 2123; x_wconf 85' lang='lat' dir='ltr'>iis,</span> <span class='ocrx_word' id='word_1_289' title='bbox 1091 2087 1260 2125; x_wconf 87' lang='lat' dir='ltr'>quorum</span> <span class='ocrx_word' id='word_1_290' title='bbox 1295 2072 1337 2110; x_wconf 92' lang='lat' dir='ltr'>id</span> <span class='ocrx_word' id='word_1_291' title='bbox 1366 2070 1534 2108; x_wconf 84' lang='lat' dir='ltr'>intersit</span> 
     </span>
     <span class='ocr_line' id='line_1_34' title="bbox 67 2127 1533 2181; baseline -0.004 -14"><span class='ocrx_word' id='word_1_292' title='bbox 67 2139 332 2177; x_wconf 78' lang='lat' dir='ltr'>cognoscere.</span> <span class='ocrx_word' id='word_1_293' title='bbox 405 2129 552 2180; x_wconf 74' lang='lat' dir='ltr'>steph.</span> <span class='ocrx_word' id='word_1_294' title='bbox 598 2130 707 2167; x_wconf 83' lang='lat' dir='ltr'>Man.</span> <span class='ocrx_word' id='word_1_295' title='bbox 761 2131 862 2167; x_wconf 84' lang='lat' dir='ltr'>Dan.</span> <span class='ocrx_word' id='word_1_296' title='bbox 914 2130 1014 2168; x_wconf 86' lang='lat' dir='ltr'>Ern.</span> <span class='ocrx_word' id='word_1_297' title='bbox 1062 2132 1358 2181; x_wconf 79' lang='lat' dir='ltr'>expresserunt</span> <span class='ocrx_word' id='word_1_298' title='bbox 1408 2127 1533 2163; x_wconf 86' lang='lat' dir='ltr'>haec:</span> 
     </span>
     <span class='ocr_line' id='line_1_35' title="bbox 67 2184 1530 2237; baseline -0.002 -15"><span class='ocrx_word' id='word_1_299' title='bbox 67 2189 247 2222; x_wconf 85' lang='lat' dir='ltr'>natura</span> <span class='ocrx_word' id='word_1_300' title='bbox 276 2185 549 2236; x_wconf 83' lang='lat' dir='ltr'>probatur.</span> <span class='ocrx_word' id='word_1_301' title='bbox 610 2187 710 2224; x_wconf 69' lang='lat' dir='ltr'>Nos</span> <span class='ocrx_word' id='word_1_302' title='bbox 750 2187 962 2237; x_wconf 81' lang='lat' dir='ltr'>ingenia</span> <span class='ocrx_word' id='word_1_303' title='bbox 1003 2189 1246 2225; x_wconf 89' lang='lat' dir='ltr'>iuuenum</span> <span class='ocrx_word' id='word_1_304' title='bbox 1280 2198 1374 2223; x_wconf 89' lang='lat' dir='ltr'>non</span> <span class='ocrx_word' id='word_1_305' title='bbox 1404 2184 1530 2221; x_wconf 89' lang='lat' dir='ltr'>item</span> 
     </span>
     <span class='ocr_line' id='line_1_36' title="bbox 67 2239 1534 2296; baseline -0.001 -19"><span class='ocrx_word' id='word_1_306' title='bbox 67 2241 122 2277; x_wconf 78' lang='lat' dir='ltr'>ad</span> <span class='ocrx_word' id='word_1_307' title='bbox 156 2242 395 2291; x_wconf 83' lang='lat' dir='ltr'>ingenia:</span> <span class='ocrx_word' id='word_1_308' title='bbox 426 2244 614 2280; x_wconf 63' lang='lat' dir='ltr'>natura</span> <span class='ocrx_word' id='word_1_309' title='bbox 651 2242 898 2296; x_wconf 86' lang='lat' dir='ltr'>(naturae</span> <span class='ocrx_word' id='word_1_310' title='bbox 927 2242 1053 2296; x_wconf 82' lang='lat' dir='ltr'>Ern.)</span> <span class='ocrx_word' id='word_1_311' title='bbox 1095 2246 1327 2281; x_wconf 88' lang='lat' dir='ltr'>uirtutes</span> <span class='ocrx_word' id='word_1_312' title='bbox 1370 2244 1421 2278; x_wconf 89' lang='lat' dir='ltr'>et</span> <span class='ocrx_word' id='word_1_313' title='bbox 1461 2239 1534 2277; x_wconf 87' lang='lat' dir='ltr'>ui-</span> 
     </span>
     <span class='ocr_line' id='line_1_37' title="bbox 69 2294 1532 2349; baseline -0.003 -15"><span class='ocrx_word' id='word_1_314' title='bbox 69 2300 165 2346; x_wconf 81' lang='lat' dir='ltr'>tia,</span> <span class='ocrx_word' id='word_1_315' title='bbox 198 2311 324 2348; x_wconf 87' lang='lat' dir='ltr'>quae</span> <span class='ocrx_word' id='word_1_316' title='bbox 357 2299 600 2337; x_wconf 82' lang='lat' dir='ltr'>existunt</span> <span class='ocrx_word' id='word_1_317' title='bbox 635 2302 691 2337; x_wconf 89' lang='lat' dir='ltr'>ab</span> <span class='ocrx_word' id='word_1_318' title='bbox 725 2301 984 2349; x_wconf 65' lang='lat' dir='ltr'>ingeniis,</span> <span class='ocrx_word' id='word_1_319' title='bbox 1024 2294 1437 2339; x_wconf 78' lang='lat' dir='ltr'>iudicabuntur?</span> <span class='ocrx_word' id='word_1_320' title='bbox 1478 2308 1532 2332; x_wconf 93' lang='lat' dir='ltr'>an</span> 
     </span>
     <span class='ocr_line' id='line_1_38' title="bbox 68 2354 1533 2408; baseline -0.005 -11"><span class='ocrx_word' id='word_1_321' title='bbox 68 2366 126 2391; x_wconf 65' lang='lat' dir='ltr'>ea</span> <span class='ocrx_word' id='word_1_322' title='bbox 169 2366 269 2392; x_wconf 71' lang='lat'>¹¹01]</span> <span class='ocrx_word' id='word_1_323' title='bbox 313 2354 785 2395; x_wconf 48' lang='lat' dir='ltr'>aliter‘941oncsta</span> <span class='ocrx_word' id='word_1_324' title='bbox 835 2362 886 2394; x_wconf 86' lang='lat' dir='ltr'>et</span> <span class='ocrx_word' id='word_1_325' title='bbox 922 2360 1098 2408; x_wconf 86' lang='lat' dir='ltr'>turpia</span> <span class='ocrx_word' id='word_1_326' title='bbox 1136 2363 1238 2405; x_wconf 81' lang='lat' dir='ltr'>cet.;</span> <span class='ocrx_word' id='word_1_327' title='bbox 1281 2368 1359 2395; x_wconf 88' lang='lat' dir='ltr'>nec</span> <span class='ocrx_word' id='word_1_328' title='bbox 1399 2358 1533 2390; x_wconf 86' lang='lat' dir='ltr'>tamen</span> 
     </span>
     <span class='ocr_line' id='line_1_39' title="bbox 69 2410 1536 2464; baseline -0.001 -18"><span class='ocrx_word' id='word_1_329' title='bbox 69 2414 138 2447; x_wconf 82' lang='lat' dir='ltr'>aut</span> <span class='ocrx_word' id='word_1_330' title='bbox 172 2410 270 2449; x_wconf 86' lang='lat' dir='ltr'>Dan.</span> <span class='ocrx_word' id='word_1_331' title='bbox 304 2414 373 2447; x_wconf 91' lang='lat' dir='ltr'>aut</span> <span class='ocrx_word' id='word_1_332' title='bbox 406 2411 504 2450; x_wconf 74' lang='lat' dir='ltr'>Ern.</span> <span class='ocrx_word' id='word_1_333' title='bbox 536 2412 611 2450; x_wconf 80' lang='lat' dir='ltr'>ista</span> <span class='ocrx_word' id='word_1_334' title='bbox 644 2415 848 2464; x_wconf 77' lang='lat' dir='ltr'>probauit,</span> <span class='ocrx_word' id='word_1_335' title='bbox 882 2427 1049 2464; x_wconf 87' lang='lat' dir='ltr'>quorum</span> <span class='ocrx_word' id='word_1_336' title='bbox 1082 2413 1152 2452; x_wconf 88' lang='lat' dir='ltr'>ille</span> <span class='ocrx_word' id='word_1_337' title='bbox 1192 2414 1294 2450; x_wconf 85' lang='lat' dir='ltr'>haec</span> <span class='ocrx_word' id='word_1_338' title='bbox 1325 2421 1536 2449; x_wconf 87' lang='lat' dir='ltr'>commen-</span> 
     </span>
     <span class='ocr_line' id='line_1_40' title="bbox 70 2467 1538 2519; baseline -0.001 -17"><span class='ocrx_word' id='word_1_339' title='bbox 70 2467 204 2505; x_wconf 76' lang='lat' dir='ltr'>dauit:</span> <span class='ocrx_word' id='word_1_340' title='bbox 234 2468 507 2517; x_wconf 71' lang='lat' dir='ltr'>probatur.</span> <span class='ocrx_word' id='word_1_341' title='bbox 562 2469 666 2507; x_wconf 58' lang='lat' dir='ltr'>mos</span> <span class='ocrx_word' id='word_1_342' title='bbox 699 2472 909 2519; x_wconf 71' lang='lat' dir='ltr'>ingenia</span> <span class='ocrx_word' id='word_1_343' title='bbox 943 2472 1185 2509; x_wconf 85' lang='lat' dir='ltr'>iuuenum</span> <span class='ocrx_word' id='word_1_344' title='bbox 1221 2469 1538 2506; x_wconf 80' lang='lat' dir='ltr'>confitemur</span> 
     </span>
     <span class='ocr_line' id='line_1_41' title="bbox 71 2525 1539 2577; baseline -0.002 -16"><span class='ocrx_word' id='word_1_345' title='bbox 71 2526 318 2573; x_wconf 76' lang='lat' dir='ltr'>ingenita</span> <span class='ocrx_word' id='word_1_346' title='bbox 350 2531 553 2562; x_wconf 84' lang='lat' dir='ltr'>natura.</span> <span class='ocrx_word' id='word_1_347' title='bbox 611 2526 852 2565; x_wconf 76' lang='lat' dir='ltr'>Uirtutes</span> <span class='ocrx_word' id='word_1_348' title='bbox 884 2533 931 2564; x_wconf 86' lang='lat' dir='ltr'>et</span> <span class='ocrx_word' id='word_1_349' title='bbox 956 2529 1110 2577; x_wconf 77' lang='lat' dir='ltr'>uitia,</span> <span class='ocrx_word' id='word_1_350' title='bbox 1144 2541 1270 2577; x_wconf 89' lang='lat' dir='ltr'>quae</span> <span class='ocrx_word' id='word_1_351' title='bbox 1295 2525 1539 2563; x_wconf 81' lang='lat' dir='ltr'>existunt</span> 
     </span>
     <span class='ocr_line' id='line_1_42' title="bbox 72 2574 1537 2632; baseline -0.003 -13"><span class='ocrx_word' id='word_1_352' title='bbox 72 2582 124 2619; x_wconf 86' lang='lat' dir='ltr'>ab</span> <span class='ocrx_word' id='word_1_353' title='bbox 158 2581 420 2632; x_wconf 81' lang='lat' dir='ltr'>ingeniis,</span> <span class='ocrx_word' id='word_1_354' title='bbox 452 2593 549 2618; x_wconf 90' lang='lat' dir='ltr'>non</span> <span class='ocrx_word' id='word_1_355' title='bbox 584 2583 643 2619; x_wconf 87' lang='lat' dir='ltr'>ad</span> <span class='ocrx_word' id='word_1_356' title='bbox 669 2588 905 2620; x_wconf 83' lang='lat' dir='ltr'>naturam</span> <span class='ocrx_word' id='word_1_357' title='bbox 931 2585 1127 2621; x_wconf 82' lang='lat' dir='ltr'>referri</span> <span class='ocrx_word' id='word_1_358' title='bbox 1152 2594 1375 2622; x_wconf 88' lang='lat' dir='ltr'>necesse</span> <span class='ocrx_word' id='word_1_359' title='bbox 1403 2574 1537 2617; x_wconf 83' lang='lat' dir='ltr'>erit?</span> 
     </span>
     <span class='ocr_line' id='line_1_43' title="bbox 73 2636 1536 2690; baseline -0.003 -14"><span class='ocrx_word' id='word_1_360' title='bbox 73 2640 210 2676; x_wconf 86' lang='lat' dir='ltr'>uerbis</span> <span class='ocrx_word' id='word_1_361' title='bbox 259 2636 431 2687; x_wconf 85' lang='lat' dir='ltr'>reliquis</span> <span class='ocrx_word' id='word_1_362' title='bbox 475 2637 681 2689; x_wconf 76' lang='lat' dir='ltr'>expulsis,</span> <span class='ocrx_word' id='word_1_363' title='bbox 723 2642 813 2690; x_wconf 83' lang='lat' dir='ltr'>quia</span> <span class='ocrx_word' id='word_1_364' title='bbox 852 2641 1082 2678; x_wconf 87' lang='lat' dir='ltr'>uirtutes</span> <span class='ocrx_word' id='word_1_365' title='bbox 1125 2645 1175 2678; x_wconf 86' lang='lat' dir='ltr'>et</span> <span class='ocrx_word' id='word_1_366' title='bbox 1216 2641 1351 2679; x_wconf 85' lang='lat' dir='ltr'>uitia</span> <span class='ocrx_word' id='word_1_367' title='bbox 1393 2636 1536 2675; x_wconf 87' lang='lat' dir='ltr'>eadem</span> 
     </span>
     <span class='ocr_line' id='line_1_44' title="bbox 77 2694 1537 2748; baseline 0 -20"><span class='ocrx_word' id='word_1_368' title='bbox 77 2701 214 2732; x_wconf 80' lang='lat' dir='ltr'>essent</span> <span class='ocrx_word' id='word_1_369' title='bbox 243 2699 363 2744; x_wconf 82' lang='lat' dir='ltr'>atque</span> <span class='ocrx_word' id='word_1_370' title='bbox 395 2696 621 2732; x_wconf 84' lang='lat' dir='ltr'>honesta</span> <span class='ocrx_word' id='word_1_371' title='bbox 655 2702 703 2733; x_wconf 83' lang='lat' dir='ltr'>et</span> <span class='ocrx_word' id='word_1_372' title='bbox 733 2698 934 2747; x_wconf 82' lang='lat' dir='ltr'>turpia3</span> <span class='ocrx_word' id='word_1_373' title='bbox 976 2697 1080 2748; x_wconf 89' lang='lat' dir='ltr'>qnod</span> <span class='ocrx_word' id='word_1_374' title='bbox 1125 2710 1241 2735; x_wconf 83' lang='lat' dir='ltr'>secus</span> <span class='ocrx_word' id='word_1_375' title='bbox 1286 2699 1364 2734; x_wconf 88' lang='lat' dir='ltr'>est.</span> <span class='ocrx_word' id='word_1_376' title='bbox 1425 2694 1537 2731; x_wconf 85' lang='lat' dir='ltr'>Uir-</span> 
     </span>
     <span class='ocr_line' id='line_1_45' title="bbox 76 2748 1536 2805; baseline -0.003 -18"><span class='ocrx_word' id='word_1_377' title='bbox 76 2756 220 2788; x_wconf 82' lang='lat' dir='ltr'>tutes</span> <span class='ocrx_word' id='word_1_378' title='bbox 257 2757 300 2788; x_wconf 88' lang='lat' dir='ltr'>et</span> <span class='ocrx_word' id='word_1_379' title='bbox 340 2754 472 2790; x_wconf 89' lang='lat' dir='ltr'>uitia</span> <span class='ocrx_word' id='word_1_380' title='bbox 513 2757 605 2788; x_wconf 83' lang='lat' dir='ltr'>sunt</span> <span class='ocrx_word' id='word_1_381' title='bbox 655 2754 907 2801; x_wconf 66' lang='lat' dir='ltr'>ingeniorum</span> <span class='ocrx_word' id='word_1_382' title='bbox 955 2756 1231 2805; x_wconf 82' lang='lat' dir='ltr'>proprietates</span> <span class='ocrx_word' id='word_1_383' title='bbox 1284 2751 1405 2805; x_wconf 63' lang='lat' dir='ltr'>(gnte,</span> <span class='ocrx_word' id='word_1_384' title='bbox 1456 2748 1536 2786; x_wconf 87' lang='lat' dir='ltr'>und</span> 
     </span>
     <span class='ocr_line' id='line_1_46' title="bbox 79 2806 1540 2862; baseline -0.002 -18"><span class='ocrx_word' id='word_1_385' title='bbox 79 2806 289 2845; x_wconf 85' lang='lat' dir='ltr'>schlechte</span> <span class='ocrx_word' id='word_1_386' title='bbox 340 2808 719 2862; x_wconf 80' lang='lat' dir='ltr'>Eigenschasten),</span> <span class='ocrx_word' id='word_1_387' title='bbox 771 2811 997 2848; x_wconf 84' lang='lat' dir='ltr'>honesta</span> <span class='ocrx_word' id='word_1_388' title='bbox 1045 2816 1087 2848; x_wconf 83' lang='lat' dir='ltr'>et</span> <span class='ocrx_word' id='word_1_389' title='bbox 1130 2811 1302 2861; x_wconf 82' lang='lat' dir='ltr'>turpia</span> <span class='ocrx_word' id='word_1_390' title='bbox 1351 2808 1540 2844; x_wconf 85' lang='lat' dir='ltr'>uuiuerse</span> 
     </span>
    </p>
   </div>
  </div>
 </body>
</html>
