1781 3192
348 206 509 244 mmm
542 204 843 247 SECUNDUS.
896 203 997 243 Gar.
1029 202 1174 242 xxvi.
1407 197 1498 237 2'15

36 320 133 358 mihi
178 317 420 369 aliquando,
468 329 520 355 ne
562 316 831 368 compositum
874 316 1182 354 immisceretur
1226 309 1496 364 simplicibus,

38 378 75 414 in
108 380 288 414 mentem
322 375 435 412 uenit
465 374 704 412 laeserit.

151 430 445 480 Ceramico]
507 429 606 467 Cum
641 429 719 467 duo
754 431 896 465 essent
925 427 1096 464 Athenis
1128 424 1352 472 Ceramid,
1393 419 1497 460 alter

39 490 79 526 in
113 489 224 536 urbe,
260 490 372 523 extra
405 487 543 524 urbem
577 484 704 535 alter,
747 485 786 524 h.
819 482 848 521 l.
889 482 1136 532 intelligitur
1174 483 1234 531 is,
1275 481 1340 531 qui
1384 482 1498 516 extra

41 545 178 582 urbem
213 547 317 591 erat,
351 543 415 580 ubi
448 542 576 581 multa
604 540 790 593 sepulcra
821 539 950 577 fuisse
983 539 1110 576 tradit
1142 539 1265 576 Paus.
1297 536 1329 586 Ι,
1362 532 1430 575 29.
1455 534 1496 574 2.

153 607 320 649 uidem
338 622 390 646 us
432 622 486 648 sc.
529 621 618 647 cum
661 607 870 645 adsumus.
933 607 1002 644 Sic
1036 608 1269 644 etiamnunc
1300 605 1399 642 istas
1431 614 1499 640 se-

38 664 270 716 pulcrorum
323 664 614 716 amplitudines
663 669 824 702 exstare
872 663 1092 714 signifieat.
1173 662 1354 700 Temere
1399 659 1499 698 Ern.

42 721 221 761 coniecit
251 720 491 760 uidimus.

153 776 287 827 quod
321 776 627 827 effecerint]
699 774 968 814 Generaliter
1003 773 1204 825 loquitur3
1245 773 1384 823 itaque
1423 770 1498 808 es-

40 830 270 869 finiendi
302 835 473 871 notione
504 833 553 870 ad
584 846 783 884 praesens
817 838 977 883 teinpus
1011 830 1141 868 relata
1166 830 1292 868 utitur
1313 833 1501 878 tempore

36 887 241 939 perfecto.
309 888 464 928 Eadem
519 893 675 928 mutata
716 890 914 941 temporis
964 888 1123 926 ratione
1171 887 1358 924 nituntur
1403 882 1501 921 illa:

36 957 111 996 pro
150 944 263 982 Ball).
309 945 382 996 10,
426 946 495 985 26.
550 958 656 983 cum
699 947 854 996 pauci
893 944 1107 995 reperti
1150 944 1284 992 sint,
1329 941 1410 991 qui
1448 960 1504 968 —

39 1003 202 1040 uitam
236 1014 372 1039 suam
405 1003 640 1040 hostium
675 1001 802 1039 telis
834 1001 1147 1038 obiecerint.
1187 1011 1261 1050 pro
1293 998 1399 1036 Mur.
1436 995 1504 1045 11,

39 1056 107 1097 25.
140 1058 392 1095 inuentus
427 1062 508 1096 est
538 1059 713 1096 scriba
739 1057 973 1108 quidam,
1007 1056 1094 1094 Cn.
1136 1054 1380 1103 Flauius,
1419 1053 1502 1102 qui

39 1114 308 1152 cornicum
362 1113 538 1152 oculos
577 1114 882 1152 confixerit.
934 1111 1044 1152 Phil.
1087 1111 1144 1162 ΙΙ,
1184 1110 1249 1150 10.
1288 1108 1358 1150 24.
1407 1108 1504 1146 duo

40 1173 210 1208 tamen
251 1173 487 1220 tempora
532 1169 869 1219 inciderunt,
910 1169 1093 1218 quibus
1139 1165 1342 1218 aliquid
1383 1165 1505 1203 Cae·

40 1227 151 1265 sari
183 1229 366 1265 contra
396 1226 693 1279 Pompeium
727 1226 1003 1264 suaserim.

152 1294 183 1344 ξ,
213 1292 283 1334 65.
344 1293 595 1344 tectorio]
657 1294 901 1332 Necessaria
931 1292 1033 1330 haec
1056 1294 1121 1330 est
1143 1287 1342 1330 correctio
1366 1289 1504 1328 mendi

40 1351 295 1392 textorio.
367 1350 423 1387 Et
471 1363 571 1401 opus
621 1349 784 1400 quidem
828 1350 1079 1398 tectorium,
1127 1347 1233 1398 quod
1272 1347 1505 1399 superficiei

43 1407 243 1455 aedificii,
275 1407 402 1455 muri,
442 1404 621 1456 sepulcri
652 1405 946 1455 inducebatur,
979 1406 1170 1443 Uitruuio
1211 1410 1378 1442 auctore
1419 1403 1506 1452 VH,

43 1462 83 1502 2.
115 1460 266 1513 triplex
300 1467 412 1498 erat:
458 1460 681 1511 albarium,
715 1466 950 1510 arenatum,
990 1465 1303 1509 1narn10ratum3
1336 1473 1505 1511 quorum

45 1517 146 1558 nihil
180 1518 245 1555 lex
277 1515 441 1555 Solonis
474 1519 514 1555 iu
548 1517 747 1570 sepulcris
774 1519 993 1557 concessit.

155 1585 359 1625 hermas
383 1585 474 1623 hos
500 1584 617 1636 dixit,
642 1586 754 1637 quasi
781 1583 908 1623 oculis
933 1588 1139 1634 cerneret,
1165 1581 1507 1635 quemadmodum

42 1641 233 1680 similiter
272 1647 366 1680 ante
409 1641 510 1681 dixit
551 1643 640 1682 has
682 1640 1067 1693 amplitudines
1109 1639 1506 1692 sepulcrorum,

43 1711 166 1750 quas
224 1699 274 1735 in
324 1697 590 1736 Ceramico
650 1698 907 1737 uidemus.
983 1698 1191 1737 Immerito
1239 1697 1412 1735 Rathius
1466 1699 1508 1733 et

44 1755 236 1794 Moserus
266 1754 385 1792 Lbini
416 1754 510 1793 hos
540 1756 770 1793 emittentis
804 1756 1079 1792 coniecturam
1112 1754 1403 1804 probauerunt.

156 1819 408 1872 publicae
441 1821 760 1873 sepulturae
792 1834 865 1860 eae
895 1824 1027 1871 erant,
1061 1833 1164 1871 quae
1188 1826 1320 1859 sumtu
1344 1818 1506 1871 publico

47 1879 222 1927 {iehant3
266 1879 305 1915 in
348 1879 491 1929 quibus
532 1881 599 1929 qui
647 1879 699 1916 de
751 1879 900 1916 mortui
948 1877 1070 1915 laude
1119 1876 1300 1926 diceret,
1343 1875 1508 1928 publice

45 1936 293 1973 constitutus
329 1941 406 1973 est.
469 1936 548 1973 Pro
575 1937 737 1973 sincera
768 1934 890 1973 codd.
925 1936 1126 1985 scriptura
1157 1933 1349 1971 mendum
1384 1931 1506 1971 codd.

45 1992 88 2031 11.
124 1995 167 2029 et
207 1993 274 2031 Br.
316 1992 424 2029 nisi
465 1993 508 2029 si
552 1994 637 2042 qui
676 1993 934 2042 arripuerunt
974 1991 1096 2030 Goer.
1138 1990 1233 2030 Sch.
1276 1990 1381 2030 Mos.
1419 1989 1506 2037 On,

44 2061 121 2099 quo
161 2060 262 2087 uere
301 2048 447 2086 Baiias
490 2050 547 2089 ait
598 2046 797 2089 uoluntati
846 2052 916 2089 aut
961 2048 1155 2088 fortunae
1203 2047 1350 2097 tribui,
1400 2044 1507 2099 quod

46 2106 309 2152 necessitatis
341 2109 441 2145 erat.

159 2171 385 2212 Sublata
425 2171 606 2223 etiam]
675 2172 790 2210 Ilaec
831 2172 910 2209 iam
954 2171 1004 2210 ad
1043 2172 1224 2223 priuatas
1272 2169 1505 2222 sepulturas

46 2230 257 2280 pertinere
296 2241 395 2266 uere
437 2228 584 2266 Bnkius
627 2228 932 2266 animaduertit.
993 2229 1089 2267 Mox
1125 2227 1222 2265 inde
1262 2242 1281 2265 a
1318 2227 1504 2265 Uictorio

49 2285 304 2334 scripserunt
348 2285 509 2321 habet
556 2286 685 2322 enim
736 2283 952 2323 luctum.
1022 2285 1105 2324 Sed
1151 2284 1303 2322 luctum
1354 2284 1507 2321 habere

50 2351 270 2377 eom-ursus
301 2339 509 2376 hominum
541 2342 596 2378 ita
627 2341 791 2390 dicitur,
824 2343 937 2391 quasi
970 2355 1044 2392 per
1073 2355 1117 2379 se
1159 2341 1309 2379 luctum
1355 2341 1507 2377 haheat

50 2396 265 2446 luctusque
308 2397 542 2433 necessario
574 2397 628 2433 sit
665 2410 752 2434 eum
798 2410 845 2435 eo
887 2400 1125 2437 coniunctus
1165 2396 1244 2451 (cs.
1279 2394 1334 2435 ΙΙ.
1369 2398 1402 2441 ᾇ.
1436 2396 1506 2435 25.

49 2451 119 2492 29.
171 2453 254 2491 Cic.
286 2451 337 2489 (le
370 2452 458 2491 Diu.
490 2449 524 2501 I,
557 2452 623 2492 30.
654 2453 723 2493 (52.
756 2453 806 2490 ad
839 2454 952 2492 Fam.
985 2455 1054 2506 lx,
1086 2455 1126 2505 6,
1159 2456 1199 2495 ξ).
1234 2454 1285 2491 (le
1318 2454 1394 2493 Off.
1424 2449 1505 2503 III,

49 2508 90 2550 6.
128 2505 244 2562 19.);
276 2508 319 2545 id
349 2507 455 2559 quod
485 2507 535 2546 de
568 2522 764 2547 concursu
798 2510 1004 2550 hominum
1035 2525 1175 2563 parum
1201 2515 1315 2549 recte
1339 2511 1505 2559 dicitur,

50 2567 118 2617 qui
150 2564 215 2603 uel
247 2564 437 2616 gaudium
472 2570 513 2602 et
541 2565 789 2604 hilaritatem
829 2573 967 2618 potest
997 2569 1163 2608 habere.
1226 2568 1378 2618 Recte,
1416 2567 1506 2617 opi-

50 2635 149 2673 nor,
184 2623 340 2673 primus
376 2622 562 2659 Moserus
606 2623 909 2662 commendauit
940 2631 1120 2676 auget3
1164 2637 1213 2663 ex
1245 2638 1323 2675 quo
1355 2625 1506 2663 maius-

50 2677 152 2718 culis
184 2679 340 2717 litteris
373 2679 525 2730 scripto
559 2682 602 2716 et
631 2684 839 2731 postrema
861 2679 1016 2732 syllaba
1039 2684 1187 2721 omissa
1209 2680 1342 2720 facilis
1366 2679 1505 2719 mendi

51 2733 214 2790 (HUG)
247 2740 358 2774 ortus
396 2739 498 2774 erat.
552 2736 616 2774 Cf.
651 2736 698 2775 11.
731 2737 765 2787 ξ.
798 2736 867 2777 60.
910 2739 1096 2789 quibus
1137 2738 1309 2778 luctus
1352 2748 1506 2787 auge-

53 2799 149 2832 tur.
211 2793 399 2833 Dauisius
433 2793 664 2831 coniecerat
696 2794 876 2834 nutrit.
