1781 3192
249 204 338 242 170
818 203 888 246 DE
918 203 1152 247 LEGlBUS

262 311 543 358 consilium
577 311 800 356 Graecia
842 322 1105 370 suscepit,
1148 312 1280 366 quod
1314 315 1629 367 Cupidinum
1670 325 1720 359 et

263 377 491 414 Amorum
539 369 816 412 simulacra
869 376 919 414 in
965 370 1254 427 gymnasiis
1307 381 1717 424 consecrasset,

264 440 365 482 quae
406 423 644 474 quibusdam
685 428 764 467 huc
803 433 890 470 uisa
931 437 1027 471 sunt
1067 430 1304 484 pertinere,
1348 428 1447 466 uide
1489 442 1591 479 quae
1639 431 1720 470 dixi

265 483 346 525 uol.
379 478 414 518 Ῑ.
445 493 485 531 p.
521 479 615 520 142.
647 483 696 521 ad
728 487 874 537 fragm.
908 489 956 527 ll.
1017 486 1180 527 Deinde
1218 484 1352 522 minus
1393 491 1506 522 recte
1539 486 1720 536 quidam,

263 548 307 580 ut
351 538 448 575 Ern.
499 537 640 586 WVagn.
692 544 871 592 Bakius,
918 550 1012 594 post
1062 543 1312 583 uitiosum
1361 543 1720 591 interpunxerunt.

268 594 329 635 lta
367 592 487 630 nimis
535 594 802 639 insigniretur
842 602 1092 649 Athenis,
1141 598 1253 648 quasi
1303 599 1499 634 momenti
1552 598 1720 638 alicuius

264 655 392 699 esset,
425 648 531 699 quod
562 651 752 704 Athenis,
785 670 866 694 non
907 657 1002 695 alibi
1036 652 1321 695 Contumeliae
1360 658 1402 690 et
1432 649 1721 705 Impudentiae

265 709 406 746 fanum
441 704 659 746 fecissent.
719 712 937 751 Sententia
967 714 1069 752 haec
1099 716 1184 750 est:
1227 708 1298 746 das
1343 710 1397 747 ist
1434 711 1525 748 eine
1561 711 1721 749 fehler-

261 764 378 803 hafte
409 760 682 813 Einrichtung
723 781 771 806 zu
812 770 956 807 Athen.
1025 770 1086 806 De
1124 767 1231 805 fanis
1272 765 1356 804 illis
1400 766 1494 804 nan.
1537 765 1722 806 laudauit

261 819 435 858 Zenobii
484 817 604 856 Cent.
650 823 734 873 IV,
782 824 850 865 36.
930 824 1057 863 Clem.
1107 823 1172 862 Al.
1221 822 1357 860 Protr.
1404 836 1445 873 p.
1486 823 1555 863 22.
1605 823 1719 863 Suid.

259 899 292 925 s.
323 899 357 924 u.
388 870 523 922 θεός.
1719 888 1747 913 0

373 941 599 991 Cylonio
627 942 855 995 scelere]
917 944 1129 996 Cylonium
1163 942 1296 982 scelus
1338 957 1417 982 non
1460 948 1548 981 erat
1586 943 1720 983 scelus

261 1014 282 1037 a
314 997 473 1048 Cylone
504 1002 792 1047 commissum,
836 1001 909 1039 sed
943 1001 1076 1039 scelus
1116 1015 1136 1038 a
1167 998 1355 1049 Megacle
1398 1002 1567 1050 eiusque
1597 1002 1719 1039 sociis

262 1055 459 1093 aduersus
500 1054 667 1105 Cylonis
711 1057 845 1094 socios
889 1062 1121 1108 patratum,
1173 1056 1238 1106 qui
1289 1070 1377 1094 cum
1419 1056 1467 1093 ad
1505 1056 1720 1095 Mineruae

260 1124 367 1149 aram
399 1109 608 1162 supplices
641 1114 930 1162 accessissent,
964 1115 1011 1152 ab
1043 1113 1126 1151 illis
1157 1113 1292 1149 necati
1323 1116 1428 1151 sunt.
1490 1112 1550 1149 Cf.
1583 1113 1717 1151 Thuc-

261 1168 302 1216 1,
346 1165 436 1206 126.
487 1165 597 1205 Plut.
642 1168 729 1206 Sol.
780 1168 842 1208 12.
883 1170 998 1208 Paus.
1043 1170 1139 1218 Vll,
1183 1167 1251 1207 25.
1298 1168 1328 1207 1.
1372 1167 1470 1206 Her.
1513 1169 1607 1217 Vll,
1648 1169 1718 1208 71.

262 1223 447 1272 Cumque
494 1227 614 1273 peste
663 1223 815 1261 deinde
861 1229 904 1263 et
951 1224 1040 1263 aliis
1092 1223 1392 1262 calamitatibus
1440 1224 1719 1263 Athenienses

259 1282 562 1331 premerentur,
600 1278 888 1330 Epimenidem
931 1281 1096 1319 Cretem
1138 1279 1188 1318 ad
1218 1278 1431 1329 Cyloninm
1471 1279 1604 1318 scelus
1646 1293 1717 1318 ex-

258 1333 453 1382 piandum
486 1334 667 1372 Athenas
711 1338 951 1374 arcessitum
994 1349 1087 1374 esse
1139 1339 1314 1373 constat.
1383 1337 1470 1384 Quo
1516 1336 1719 1375 suadente

255 1387 543 1428 Contumeliae
575 1394 616 1427 et
650 1386 953 1440 Impudentiae,
984 1396 1028 1429 ut
1056 1390 1146 1429 illas
1180 1390 1406 1441 placarent,
1438 1391 1575 1430 fanum
1600 1393 1718 1431 sece-

256 1449 368 1483 runt.
412 1444 475 1483 Cf.
508 1444 616 1483 Plut.
649 1445 732 1483 Sol.
773 1446 835 1486 12.
867 1447 1069 1485 Heinrich
1104 1446 1370 1497 Epimenides
1402 1459 1444 1497 p.
1478 1445 1544 1486 97.

370 1501 716 1551 consecrare]
779 1502 906 1541 Goer.
937 1503 1044 1542 Mos.
1075 1503 1147 1541 Or.
1180 1504 1512 1552 consecrari3
1551 1503 1623 1541 sed
1662 1503 1716 1541 il-

256 1554 326 1593 lud
380 1561 496 1594 recte
538 1557 700 1608 potiore
745 1558 868 1598 codd.
918 1559 1163 1597 auctoritate
1205 1557 1354 1596 Bakius
1401 1571 1489 1596 cum
1546 1558 1715 1611 reliquis

250 1613 439 1650 retinuit.

370 1680 560 1719 araque
602 1669 838 1719 uetusta]
909 1670 1179 1720 Posteaquam
1230 1669 1334 1707 illud
1387 1671 1578 1708 uitiosum
1619 1683 1715 1708 esse

254 1723 357 1761 dixit
385 1724 585 1772 Athenis,
627 1724 732 1773 quod
765 1724 1050 1763 Contumeliae
1092 1731 1135 1763 et
1166 1722 1450 1776 Impudentiae
1481 1726 1617 1763 fanum
1649 1726 1714 1763 fe·
1780 1754 1781 1774 1

256 1780 429 1830 cissent,
463 1782 583 1817 etiam
618 1781 774 1818 Romae
806 1794 913 1819 aram
947 1782 1093 1819 Febris
1127 1786 1170 1819 et
1202 1780 1337 1819 Malae
1359 1781 1567 1818 Fortunae
1591 1786 1714 1832 atque

254 1832 411 1884 reliqua
452 1837 614 1884 generis
655 1836 839 1874 eiusdem
884 1839 1019 1875 omnia
1064 1835 1317 1887 repudianda
1372 1848 1465 1873 esse
1513 1836 1711 1887 adiungit.

255 1890 355 1927 Cum
389 1892 515 1943 igitur
545 1891 875 1942 repudianda
907 1897 1026 1930 sunt
1056 1905 1270 1931 commune
1295 1893 1348 1930 sit
1369 1892 1547 1930 omnium
1573 1905 1712 1930 earum
1777 1885 1781 1894 ¹

256 1958 394 1983 rerum
433 1945 740 1997 praedicatum,
791 1960 895 1998 quae
943 1950 1118 1986 uitiosae
1164 1947 1208 1986 h.
1246 1947 1272 1987 l.
1323 1953 1712 1997 commemorantur,

251 2014 418 2052 prauam
453 2014 547 2040 esse
577 2007 694 2053 patet
724 2007 766 2041 et
797 2006 1039 2054 scripturam
1084 2008 1178 2041 ante
1210 2003 1354 2041 Gzium
1388 2003 1477 2041 fere
1508 2003 1712 2051 uulgatum

252 2070 451 2107 araque
491 2062 698 2096 uetusta
741 2062 844 2097 stat
888 2058 1024 2109 (Uict.
1067 2060 1178 2098 Man.
1219 2060 1357 2098 Lamb.
1397 2059 1497 2097 Ern.
1540 2055 1710 2110 Wagn.)
1770 2090 1774 2098 ,

253 2117 295 2150 et
329 2113 480 2150 Dauisii
515 2115 810 2163 coniecturam,
844 2127 947 2164 quae
986 2120 1123 2153 tamen
1162 2114 1204 2152 id
1243 2114 1489 2152 incommodi
1527 2114 1710 2163 sustulit,

252 2167 362 2217 quod
393 2168 569 2206 standi
612 2170 779 2219 uerbum
824 2170 1015 2208 habebat.
1088 2172 1168 2208 Aut
1205 2169 1416 2208 relatiuam
1458 2173 1708 2209 sententiam

253 2228 322 2260 aut
353 2221 600 2261 adiectiuum
633 2222 795 2274 aliquod
825 2238 871 2262 ex
901 2225 1049 2263 mendo
1091 2225 1213 2264 codd.
1252 2225 1465 2263 meliorum
1509 2226 1709 2278 (correcti

250 2282 346 2316 sunt
376 2277 648 2330 A311.65.)
681 2281 866 2318 extricari
901 2294 1073 2319 necesse
1115 2287 1192 2319 est.
1255 2278 1362 2319 Illud
1401 2281 1504 2319 Gzio
1542 2288 1709 2320 auctore

250 2333 428 2383 amplexi
460 2339 554 2371 sunt
584 2335 682 2374 Sch.
712 2336 816 2373 Mos.
843 2336 1024 2375 Orellius
1051 2336 1266 2388 (araque
1296 2351 1318 2386 q
1336 2349 1424 2374 uae
1457 2339 1708 2375 uetustis-

249 2390 374 2427 sima
405 2398 490 2428 est
513 2387 613 2441 ³⁶]);
644 2390 717 2428 sed
750 2393 884 2430 uerius
918 2397 1053 2430 tamen
1090 2392 1225 2430 Mada.
1254 2394 1295 2429 in
1328 2405 1466 2443 progr.
1495 2392 1559 2432 18.
1592 2406 1706 2431 com-

247 2444 475 2494 mendauit,
509 2444 614 2496 quod
645 2459 692 2483 ex
723 2446 815 2485 cod.
851 2447 916 2488 58.
948 2449 1098 2487 Bakius
1131 2449 1361 2498 excerpsit,
1401 2461 1595 2499 araque
1627 2461 1706 2486 ue·-

246 2506 390 2537 tusta
422 2502 488 2539 in.
550 2501 630 2539 Pro
654 2507 871 2541 uetusta
901 2517 953 2542 ne
977 2518 1066 2542 cum
1091 2503 1214 2541 Bakio
1237 2504 1509 2542 substituatur
1536 2508 1703 2551 uetus,

247 2560 290 2593 ut
322 2557 398 2592 iam
435 2557 582 2607 Steph.
615 2556 760 2607 edidit,
792 2559 980 2610 equidem
1013 2559 1117 2598 nihil
1145 2558 1362 2597 intercedo
1402 2557 1517 2613 (nam
1551 2563 1704 2596 uetus

242 2615 354 2648 stat
393 2617 470 2649 est.
496 2616 638 2664 aperta
681 2618 838 2653 ueteris
881 2616 1022 2654 mendi
1062 2618 1101 2654 in
1136 2615 1238 2653 dett.
1273 2614 1394 2655 codd.
1426 2616 1629 2653 correctio
1662 2618 1705 2652 et

336 2728 369 2764 ‘l
397 2713 491 2761 idem
526 2741 611 2762 num
647 2742 733 2764 uere
769 2744 811 2766 ex
840 2734 941 2767 Uind.
977 2739 1013 2769 et
1039 2735 1102 2768 Br.
1143 2734 1362 2776 excerpserit
1387 2733 1517 2774 Gzius,
1554 2734 1701 2777 dubit03

238 2773 370 2816 reliqui
396 2778 491 2807 certe
516 2776 617 2809 codd.
644 2787 769 2810 omnes
796 2783 857 2813 aut
882 2790 1064 2823 araque
1092 2783 1182 2813 uet.
1209 2783 1271 2812 aut
1292 2789 1506 2822 araquae
1532 2783 1619 2813 uct.
