1781 3192
219 179 281 219 94
791 179 861 218 DE
893 179 1123 218 LEGIBUS

219 298 334 330 recte
367 293 495 330 Gzius
538 293 596 329 sic
638 290 860 343 explicauit
896 296 1132 330 naturam
1175 292 1250 328 rei
1287 304 1379 329 non
1413 293 1690 343 respicere

220 347 334 403 (vom
376 351 412 386 W
428 362 528 386 esen
569 348 644 386 der
683 349 815 386 Sache
855 346 1092 401 absehen),
1141 360 1339 399 peruerse
1387 348 1535 386 Bakius
1586 347 1688 387 nihil

224 418 316 443 esse
349 404 470 454 dixit,
504 418 620 454 quam
652 407 784 455 nisi,
817 412 1052 456 excepto,

332 461 598 511 perspici]
661 461 880 500 Meliorum
905 462 1027 500 codd.
1062 458 1253 498 mendum
1289 461 1493 511 percipi
1525 473 1547 497 a
1575 460 1687 500 Uict.

219 516 363 567 Steph.
406 518 504 557 Dau.
547 531 785 567 expressum
831 520 979 555 merito
1022 517 1280 569 repudiatum
1324 521 1388 554 est
1438 530 1459 554 a
1508 515 1688 567 reliquis.

219 574 319 610 nam
352 576 637 625 percipere
669 580 732 612 est
766 580 932 612 mente
964 588 1067 612 rem
1093 573 1576 623 comprehendere,
1608 587 1687 624 quo

219 630 299 667 hoc
333 631 536 680 efficitur,
579 635 623 667 ut
656 633 844 669 notitiam
879 633 966 669 eius
997 635 1138 668 mente
1171 630 1283 679 quasi
1312 628 1508 667 inclusam
1541 633 1688 667 tenea-

217 699 328 735 mus;
382 687 488 737 quod
531 688 578 725 ab
617 688 694 725 hoc
734 689 827 725 loco
866 687 1042 725 alienum
1086 699 1178 723 esse
1220 686 1341 723 uerba
1377 685 1591 723 declarant
1633 698 1690 724 ex

217 743 354 794 ipsis
388 745 563 781 uitiis.
626 745 711 782 Cic.
747 744 797 781 de
832 745 903 782 Or.
939 740 972 793 l,
1006 743 1076 783 28.
1117 744 1207 782 127.
1240 742 1292 779 de
1314 742 1404 781 Fin.
1440 738 1474 790 Ι,
1511 740 1576 780 19.
1616 741 1686 782 64.

333 801 628 850 immanius]
701 801 887 839 Dauisius
930 813 976 839 ex
1016 813 1094 837 uno
1126 800 1215 838 cod.
1247 798 1313 836 El.
1355 799 1515 848 recepit
1554 798 1686 836 infa-

217 857 371 906 mius,
412 856 520 908 quod
551 858 695 895 mirum
731 863 794 895 est
824 855 1029 907 placuisse
1062 856 1255 893 Ernestio
1284 860 1326 892 et
1359 855 1684 904 wyttenbachio.

217 914 349 951 Recte
390 914 590 950 immanes
634 919 833 951 uocantur
885 913 1104 962 libidines,
1159 915 1311 963 quippe
1360 913 1504 961 quibus
1557 913 1688 949 omnis

219 975 392 1007 exuatur
422 971 653 1008 humanitas
686 971 961 1020 induaturque
994 970 1155 1019 soritas,
1190 976 1231 1006 et
1261 969 1460 1005 immanes
1492 966 1687 1006 libidines

218 1028 356 1064 uocari
400 1028 448 1064 ab
488 1028 582 1078 'ipso
623 1027 824 1065 Cicerone
865 1040 940 1078 pro
984 1027 1135 1066 Scauro
1176 1026 1210 1076 ᾧ.
1258 1023 1323 1064 14'.
1364 1026 1435 1062 fin.
1490 1024 1690 1064 indicauit

215 1082 380 1122 BakiuS.

331 1139 466 1191 quod
495 1139 644 1190 item]
708 1140 888 1178 Temere
920 1138 1070 1177 Bakius
1103 1136 1169 1176 uel
1199 1140 1341 1175 contra
1379 1136 1541 1174 codices
1582 1138 1687 1175 scri-

218 1196 395 1235 bendum
431 1209 525 1234 esse
560 1196 662 1234 dixit
691 1197 845 1235 idem.
906 1195 1023 1245 Quod
1063 1195 1115 1233 de
1153 1196 1254 1231 uitio
1288 1198 1329 1230 et
1360 1194 1410 1230 ad
1442 1195 1689 1230 contrariam

218 1250 383 1292 laudem
416 1256 459 1291 in
493 1255 645 1291 uirtute
678 1253 843 1302 dicitur,
876 1266 955 1291 non
989 1252 1097 1290 idem
1131 1257 1216 1298 est3
1257 1249 1331 1286 sed
1364 1248 1471 1298 quod
1504 1248 1556 1286 de
1590 1250 1689 1287 uitio

220 1310 384 1361 dicitur,
414 1312 513 1348 item
547 1312 588 1347 in
622 1310 791 1359 uirtute,
820 1309 896 1347 sed
936 1309 986 1347 ad
1025 1308 1269 1346 contrariam
1313 1304 1475 1343 laudem
1523 1305 1687 1356 dicitur,

218 1367 246 1405 i.
279 1380 315 1406 e.
346 1367 397 1405 ad
427 1365 591 1403 laudem
624 1367 815 1403 uitiorum
841 1366 1157 1416 reprehensioni
1183 1363 1444 1401 contrariam.
1504 1358 1557 1399 ln
1588 1363 1687 1399 uir-

218 1428 335 1461 tute
369 1421 444 1477 (in
479 1424 734 1460 uirtutem
775 1420 887 1458 nulla
933 1422 1118 1459 codicum
1161 1421 1406 1457 auctoritate
1447 1418 1550 1456 Dau.
1590 1418 1689 1457 ΕΓΗ.

219 1480 362 1527 wagn.
397 1479 521 1516 Goer.
556 1479 649 1516 Sch.
685 1478 878 1528 idemque
910 1476 1065 1529 placuit
1097 1478 1244 1514 Beiero
1285 1474 1335 1512 de
1367 1475 1450 1514 Off.
1481 1474 1510 1524 Ι,
1545 1472 1584 1514 9.
1618 1473 1689 1514 28.

221 1541 264 1574 et
296 1538 555 1585 Ileusingero
595 1534 766 1588 patruo)
812 1541 928 1572 recte
966 1534 1115 1571 Bakius
1158 1534 1214 1569 ita
1257 1530 1469 1581 defendit,
1510 1536 1554 1569 ut
1594 1544 1689 1569 esse

220 1593 380 1630 diceret
412 1605 519 1630 cum
555 1593 727 1642 agitur
759 1591 819 1630 de
852 1593 1070 1629 uirtute.
1134 1587 1346 1639 Exemplis
1391 1590 1438 1626 ab
1480 1589 1570 1640 ipso
1602 1588 1690 1626 lau-

222 1649 328 1687 datis
371 1648 422 1686 de
463 1648 534 1686 Or.
567 1649 617 1698 ll,
661 1648 727 1688 55.
774 1648 868 1687 222.
912 1648 1010 1686 ibid.
1053 1647 1121 1695 61,
1155 1644 1252 1686 248.
1285 1657 1359 1695 pro
1393 1644 1484 1682 Mil.
1524 1645 1587 1695 12,
1621 1644 1687 1684 32.

219 1706 269 1744 ad
301 1707 418 1744 Fam.
451 1705 521 1754 Vl,
553 1703 593 1744 6.
632 1704 696 1744 10.
730 1704 836 1742 adde
867 1705 968 1742 haec
1000 1703 1051 1741 de
1075 1703 1156 1742 (ΗΓ.
1189 1702 1218 1751 Ι,
1255 1701 1317 1740 18.
1350 1699 1418 1741 61.
1452 1699 1686 1753 (contra—

218 1776 311 1814 que
350 1763 398 1800 in
430 1760 693 1799 laudibus
735 1774 864 1811 quae
904 1773 1080 1811 magno
1119 1759 1291 1796 animo
1337 1757 1556 1794 fortiter
1606 1769 1688 1794 ex-

218 1818 603 1868 cellenterque
636 1823 785 1868 gesta
808 1821 928 1855 sunt
952 1830 1008 1854 ea
1034 1816 1218 1854 nescio
1249 1813 1507 1864 quomodo
1541 1814 1687 1862 quasi

219 1876 472 1928 pleniore
505 1888 592 1912 ore
623 1870 923 1925 laudamus)
958 1877 1000 1910 et
1032 1873 1084 1910 de
1108 1872 1198 1910 Fin.
1224 1870 1276 1920 V,
1303 1869 1369 1909 11.
1394 1868 1463 1909 30.
1496 1866 1687 1921 (hoc—-

220 1946 324 1972 cum
356 1933 403 1970 in
437 1932 735 1970 uirtutibus
768 1927 1009 1983 dicitur).
1072 1928 1246 1966 Praeter
1275 1928 1468 1964 Beierum
1512 1926 1564 1963 de
1605 1926 1689 1965 Off.

220 1986 254 2040 Ι,
288 1986 357 2029 39.
395 1987 487 2030 139.
521 2002 542 2025 a
575 1988 700 2025 Bakio
731 1986 940 2025 laudatum
975 1985 1070 2024 uide
1101 1983 1208 2023 Oud.
1249 1984 1299 2021 ad
1340 1982 1461 2021 Caes.
1499 1978 1534 2033 Ι,
1570 1981 1610 2022 6.
1651 1982 1689 2022 3.

218 2048 334 2084 Rritz
376 2045 426 2083 ad
466 2043 564 2083 Sall.
607 2045 698 2085 Cat.
740 2058 782 2096 p.
814 2042 883 2084 47.
914 2042 1055 2082 Madu.
1090 2041 1143 2080 de
1173 2041 1269 2079 Fin.
1302 2040 1352 2089 ll,
1381 2037 1422 2079 4.
1458 2037 1524 2080 14.
1557 2039 1685 2089 Seyff.

218 2103 268 2141 ad
299 2102 414 2140 Lael.
445 2117 484 2154 p.
513 2100 583 2141 44.

334 2158 370 2208 ᾧ.
403 2158 474 2198 52.
533 2170 646 2194 nam
679 2155 741 2205 si]
803 2154 1001 2193 Mendum
1036 2157 1132 2204 puto
1158 2151 1264 2203 quod
1289 2150 1515 2189 secundum
1538 2150 1686 2189 melio-

219 2229 285 2254 res
315 2213 436 2252 codd.
476 2213 688 2263 uulgatum
722 2215 787 2248 est
817 2215 1090 2262 postremo
1123 2212 1186 2258 si3
1229 2222 1303 2260 pro
1336 2222 1413 2259 quo
1445 2212 1558 2245 recte
1591 2213 1687 2259 post

219 2273 330 2310 Uict.
362 2277 404 2309 et
430 2271 573 2308 Lamb.
607 2269 753 2306 Bakius
799 2280 906 2304 nam
942 2268 982 2303 si
1013 2267 1196 2304 restituit
1228 2279 1277 2303 ex
1312 2265 1431 2303 codd.
1465 2264 1687 2302 deteriori-

220 2331 311 2380 bus,
344 2327 535 2378 idemque
566 2327 758 2375 Zumptio
792 2323 958 2375 placuit.
1021 2324 1109 2361 iNon
1152 2324 1259 2359 enim
1299 2320 1415 2372 plura
1445 2321 1488 2359 h.
1520 2320 1549 2359 l.
1585 2334 1687 2358 enu-

221 2389 433 2425 merantur
473 2388 736 2434 argumenta,
776 2381 920 2431 quibus
960 2381 1022 2417 ius
1060 2383 1103 2416 et
1134 2391 1255 2416 omne
1284 2379 1505 2416 honestum
1537 2390 1613 2428 per
1642 2390 1688 2415 se

220 2443 356 2494 ex'peti
402 2441 735 2487 demonstretur,
788 2437 861 2475 sed
902 2450 979 2474 una
1029 2435 1256 2486 eademque
1303 2433 1405 2473 illud
1463 2433 1688 2471 absoluitur

222 2501 597 2549 argumentatione,
628 2497 668 2533 in
698 2508 773 2544 qua
805 2507 853 2531 ex
887 2494 965 2531 alio
996 2498 1219 2530 nectuntur
1259 2491 1350 2529 alia.
1421 2492 1521 2535 Cum
1562 2490 1686 2538 igitur

222 2560 365 2607 suapte
405 2556 443 2593 ui
484 2558 525 2592 et
568 2552 869 2603 turpitudinem
922 2551 1145 2602 uituperari
1197 2554 1238 2587 et
1288 2550 1481 2586 uirtutem
1528 2544 1683 2582 laudari

221 2613 411 2662 dixisset,
443 2613 525 2649 iam
557 2611 645 2647 eius
675 2609 736 2646 rei
765 2610 967 2645 rationem
1000 2605 1175 2644 addidit.

334 2664 711 2720 pecuniamne]
773 2663 944 2702 Plenam
984 2665 1017 2701 si
1057 2662 1236 2700 reddere
1271 2658 1401 2699 uellet
1441 2658 1685 2707 orationem,

223 2726 281 2763 sic
322 2731 410 2763 erat
451 2722 770 2761 conformanda:
813 2722 1120 2773 pecuniane
1163 2720 1328 2768 igitur
1367 2713 1551 2752 melior
1593 2718 1687 2763 est,

222 2796 280 2820 an
314 2783 546 2821 honores
579 2786 661 2818 cet.
732 2778 816 2817 Sed
858 2779 984 2816 uerbo
1027 2777 1180 2815 omisso
1228 2772 1475 2811 substantiui
1517 2772 1690 2809 sormam

1752 0 1781 195 ἢ

1778 207 1781 307 ¹

1773 470 1777 478 ι

1772 483 1781 499 t,
