1781 3192
387 198 545 235 Limen
577 195 879 234 SECUNDUS.
932 196 1029 234 Gar.
1068 195 1191 233 xvn.
1429 193 1516 232 203

59 323 149 349 mox
190 310 489 356 ‹lisserentur);
540 306 694 346 deinde
742 308 820 345 etsi
860 311 997 345 metu
1040 305 1228 345 ardere
1266 303 1512 344 insolentius

57 367 206 404 dicitur
247 364 411 419 (laudat
448 371 582 402 tamen
621 364 722 402 Dan.
783 364 884 402 llor.
925 364 1011 402 Sat.
1045 360 1103 413 Il,
1135 361 1173 403 3.
1207 360 1276 402 79.
1345 362 1511 412 Uopisc.

59 425 98 461 in
132 425 230 461 Aur.
263 437 300 462 c.
325 422 393 463 36.
427 422 617 459 hicum
645 421 980 458 exarsissent
1003 421 1211 469 timore,
1243 418 1329 469 qui
1352 430 1511 456 mere-

59 481 253 517 bantur
279 475 591 529 offensam),
633 481 771 515 tamen
812 478 852 514 in
895 478 972 514 hac
1003 476 1251 526 reliquorum
1285 477 1510 524 nominum,

59 535 298 587 cupiditatis
331 539 372 572 et
403 535 696 583 conscientiae,
728 534 1018 571 coniunctione
1051 530 1153 570 nihil
1184 531 1350 569 omnino
1383 528 1511 568 mole-

58 594 160 629 stiae
198 592 346 639 habet3
387 603 477 628 nam
520 591 594 629 hac
635 594 804 641 utraque
837 591 929 640 quin
962 590 1083 627 homo
1112 593 1226 626 recte
1257 587 1417 625 dicatur
1447 600 1512 624 ar-

57 647 172 695 dere,
204 659 324 685 nemo
358 646 527 687 dubitat.
588 647 711 685 'l‘um
753 651 848 684 ante
879 645 1176 698 cupiditate
1208 643 1334 692 (Uict.
1362 643 1506 694 Steph.

55 702 154 743 Dau.
190 703 288 741 Ern.
329 704 472 754 Wagn.
516 706 641 751 cum)
684 707 726 740 et
766 703 884 742 codd.
926 708 1092 741 tuentur
1133 705 1176 739 et
1208 700 1363 750 flagitat·
1411 712 1509 737 sen-

54 761 200 809 tentia,
231 761 264 798 si
299 760 461 810 quidem
493 758 717 812 particulae
747 761 850 798 istae
880 760 923 800 h.
959 759 987 797 l.
1029 758 1077 796 ad
1110 763 1271 810 tempus
1304 759 1507 808 spectant.

53 815 114 855 Cf.
146 817 359 855 Stuerenb.
392 830 465 868 pro
496 817 618 855 Arcli.
650 830 690 868 p.
730 814 822 856 164.

168 872 291 922 quid
323 878 543 923 agerent
573 873 674 924 cet.]
735 873 952 911 Pertinent
981 872 1083 910 haec
1103 869 1153 910 ad
1177 869 1508 922 superstitiosam

52 928 253 978 quandam
296 929 540 979 religionem
581 934 815 981 metumque
855 928 1046 978 deorum,
1091 940 1169 978 quo
1209 926 1304 977 quid
1347 937 1512 975 agamus

49 985 292 1036 nescimus,
341 999 421 1023 non
466 986 516 1023 ad
554 999 776 1038 poenarum
825 991 1004 1034 metum,
1053 996 1171 1035 quem
1223 981 1344 1020 modo
1393 980 1508 1021 dixit.

49 1036 417 1080 Contrarinm‘est
466 1048 814 1080 contemnere
862 1040 1193 1091 religiones,
1245 1043 1290 1076 ut
1327 1038 1412 1076 Cic.
1455 1036 1509 1074 de

47 1097 140 1136 Diu.
181 1093 239 1147 Il,
280 1097 347 1138 60.
394 1097 484 1138 125.
555 1098 738 1136 Eandem
782 1111 871 1136 cum
912 1102 1022 1134 metu
1067 1094 1280 1134 dubitandi
1323 1095 1402 1132 uim
1447 1095 1509 1130 ti-

48 1152 220 1192 mendi
265 1155 433 1192 uerbum
475 1154 598 1192 habet
635 1154 686 1192 ad
726 1155 810 1193 Att.
845 1153 942 1203 ΧΗ,
984 1151 1054 1192 24.
1099 1152 1136 1192 1.
1171 1162 1341 1201 neque
1373 1149 1509 1188 enim

48 1211 94 1247 ei
119 1209 307 1248 deesse
331 1208 565 1248 uolebam
599 1215 667 1261 et,
702 1210 820 1261 quid
851 1205 1080 1261 possem,
1111 1208 1377 1245 timebam.
1408 1204 1507 1245 ibid.

49 1261 144 1316 Ill,
184 1265 222 1306 S.
266 1267 306 1306 2.
351 1279 514 1317 nunc,
569 1269 701 1305 istic
758 1266 880 1316 quid
927 1270 1145 1315 agatur,
1191 1273 1509 1313 magnopere

46 1323 224 1361 timeo.
301 1322 442 1373 Itaque
489 1324 615 1361 miror
660 1336 826 1375 prauam
869 1322 988 1360 Lbini
1039 1322 1314 1359 coniecturam
1366 1317 1507 1369 quid-

48 1378 191 1428 quid,
242 1391 346 1428 quae
389 1380 554 1418 Dauisio
592 1392 777 1429 quoque,
819 1378 1161 1429 Wyttenbachio,
1203 1375 1369 1414 Mosero
1416 1374 1508 1425 pla-

49 1436 149 1482 cuit,
182 1433 316 1472 denuo
347 1435 470 1472 Bakio
499 1435 701 1486 placuisse
732 1435 978 1485 probarique
1010 1435 1050 1471 in
1083 1432 1227 1483 primis
1259 1432 1387 1468 uisam
1414 1442 1507 1468 esse
1569 1464 1571 1466 .

47 1489 230 1527 eiusdem
263 1492 324 1528 rei
356 1491 634 1543 descriptione
667 1505 728 1543 ap.
762 1491 848 1529 Cic.
879 1492 922 1528 in
954 1490 1036 1527 Pis.
1068 1488 1138 1538 41,
1171 1485 1240 1537 99,
1269 1487 1337 1525 ubi
1367 1491 1506 1524 tamen

48 1546 299 1596 quicquid
340 1548 730 1599 increpuisset
758 1545 864 1584 nihil
905 1545 1017 1583 aliud
1069 1550 1134 1582 est
1178 1545 1261 1582 nisi
1309 1555 1506 1580 omnem

46 1604 325 1652 crepitum.
396 1602 702 1655 Religionis
744 1617 834 1641 curn
878 1603 1007 1651 Gzio,
1050 1601 1295 1650 Schuetzio,
1337 1599 1505 1638 Mosero

46 1670 94 1696 cx
126 1658 206 1696 Gd.
240 1659 279 1698 2.
308 1659 643 1711 deteriorumque
674 1658 879 1698 nonnullis
908 1659 1066 1709 recepi,
1100 1659 1191 1708 quia
1220 1669 1300 1694 non
1323 1654 1506 1705 singulas
1533 1702 1537 1706 λ

45 1727 185 1753 eorum
219 1716 420 1765 actiones,
454 1717 528 1755 sed
560 1718 675 1767 quasi
706 1716 905 1767 quandam
937 1727 1076 1752 eorum
1111 1712 1349 1764 qualitatem
1374 1711 1506 1749 deno-

44 1774 120 1809 tari
149 1773 357 1822 putabam,
389 1777 433 1809 ut
464 1775 503 1811 in
537 1773 655 1812 Verr.
689 1773 746 1822 li,
771 1771 808 1812 3.
841 1772 910 1812 62.
953 1768 1256 1821 (negligens
1296 1767 1553 1820 legum)‚-v-

43 1840 117 1878 pro
153 1826 264 1867 Coel.
299 1827 368 1867 30.
401 1828 467 1869 7:23.
503 1828 756 1878 (diligens
791 1828 987 1873 officii)
1018 1827 1124 1877 Nep.
1165 1826 1309 1877 Epam.
1344 1824 1383 1864 3.
1417 1818 1537 1869 ((Ῐί--Ξγ

45 1882 218 1934 ligens
248 1885 542 1932 ueritatis).
602 1885 687 1923 Sed
717 1898 826 1924 nunc
855 1889 993 1921 tamen
1023 1881 1204 1920 concedo
1237 1882 1313 1920 hac
1344 1882 1386 1918 in
1419 1879 1552 1943 dis-'L

45 1941 258 1990 putatione
291 1940 440 1978 melius
473 1940 652 1991 singulas
682 1955 821 1980 eorum
853 1940 1035 1977 actiones
1067 1939 1261 1990 spectari.

157 1995 359 2034 iudicia
388 2003 645 2048 perrupta
675 1998 775 2049 cet]
838 1996 964 2036 Uarie
1008 1995 1112 2033 haec
1150 2000 1245 2032 sunt
1285 1997 1443 2031 tentata
1483 2006 1505 2030 a

42 2051 253 2103 plerisque
288 2057 453 2090 nostrae
493 2055 638 2091 aetatis
682 2053 992 2105 interpretibus.
1061 2052 1142 2089 Pro
1190 2049 1353 2101 uulgata
1399 2051 1505 2087 scri—

40 2111 185 2159 ptura:
216 2107 315 2146 iud.
343 2114 599 2160 perrupta
631 2111 687 2147 ab
709 2108 926 2156 iisdem3
958 2107 1503 2158 corruptahominum,

39 2175 135 2201 non
171 2162 411 2214 deorum,
445 2177 563 2216 quam
598 2167 719 2205 etiam
743 2165 938 2216 Zumptio
968 2162 1177 2214 placuisse
1200 2163 1344 2211 miror,
1377 2161 1504 2199 Gzius

40 2220 241 2257 coniecit:
273 2221 761 2275 iudiciaperrupta
793 2222 850 2259 ab
882 2219 1099 2269 iisdem,
1142 2222 1414 2270 corrupta,
1455 2222 1505 2255 at

39 2275 324 2325 hominum,
363 2291 464 2316 non
506 2278 753 2328 deorum3
806 2276 1048 2316 Schuetzius
1099 2274 1237 2314 deleto
1285 2275 1503 2326 participio

40 2337 302 2384 perrupta
341 2334 423 2372 sic:
463 2334 669 2373 iudicia
710 2336 768 2374 ab
808 2332 995 2371 iisdem
1047 2337 1299 2383 corrupta
1341 2330 1502 2367 homi-

39 2401 178 2438 num,
209 2401 306 2426 non
342 2389 582 2439 dcorum3
614 2394 679 2430 uir
710 2392 817 2430 doct.
847 2390 889 2426 in
925 2389 1046 2427 Misc.
1079 2389 1176 2428 Obs.
1206 2388 1272 2427 ΙΙΙ.
1308 2384 1342 2427 1.
1374 2399 1414 2438 p.
1434 2384 1505 2427 69.

38 2446 120 2483 ita:
162 2447 275 2482 iura
316 2452 574 2499 perrupta
622 2449 679 2486 ab
728 2445 948 2494 iisdem3
996 2448 1249 2495 corrupta
1296 2442 1503 2481 iudicia

39 2501 325 2552 hominum,
367 2515 468 2541 non
512 2503 742 2553 deorum3
780 2501 1014 2552 Maduigius
1066 2500 1242 2552 denique
1280 2501 1322 2537 in
1363 2512 1502 2552 progr.

37 2571 78 2610 p.
112 2557 178 2598 20.
207 2557 311 2596 haec
341 2560 578 2610 proposuit:
617 2560 820 2599 iudicia
848 2561 1104 2610 perrupta
1133 2558 1191 2595 ab
1221 2556 1416 2595 iisdem
1449 2561 1504 2593 et

39 2621 313 2665 corrupta3
364 2616 650 2666 hominum,
700 2628 800 2655 non
841 2614 1066 2655 deorum.
1134 2612 1309 2666 Reliqui
1334 2617 1503 2664 praeter

40 2682 162 2708 unum
195 2671 430 2722 Moserum,
475 2673 541 2724 qui
579 2673 742 2725 integra
773 2684 865 2710 esse
896 2671 1012 2721 dixit,
1051 2671 1154 2709 haec
1192 2675 1304 2709 certe
1353 2668 1502 2720 depra-

43 2733 136 2778 uata
164 2739 255 2766 esse
288 2728 491 2768 dixerunt.
553 2729 604 2767 At
637 2729 734 2780 quid
764 2728 928 2767 tandem
961 2727 1226 2780 deprauatum
1261 2724 1356 2764 est?
1387 2738 1500 2776 per-

40 2787 263 2833 ruptane
302 2789 344 2823 et
382 2784 656 2837 corrupta?
697 2798 864 2837 quorum
905 2783 1079 2824 alterum
1126 2797 1225 2822 uere
1276 2785 1353 2820 iam
1398 2782 1499 2823 Ern.

1233 2855 1281 2875 ἦῆ
