1781 3192
493 186 655 225 LlBER
688 185 947 226 TERTIUS.
997 184 1097 224 CAr.
1130 182 1220 224 XV.
1486 183 1576 223 507

110 299 243 338 locum
277 295 491 353 obtinere)
523 297 682 351 pridem
705 296 874 349 explosa
899 301 978 338 est.
1039 298 1135 337 Mox
1160 299 1252 337 sine
1275 294 1398 336 codd.
1422 295 1568 348 steph.

109 358 221 397 Man.
255 357 394 397 Lamb.
427 358 603 396 Attice
635 368 707 406 pro
736 356 868 394 Tite.

224 414 487 464 suffragia
517 414 562 450 in
593 413 917 462 magistratu
941 410 1103 451 mand.
1128 411 1232 461 cet.]
1291 410 1438 448 Bakius
1466 410 1568 447 haec

112 470 270 507 omnia:
302 470 348 507 in
374 471 690 519 magistratu
715 468 1010 506 mandando
1042 491 1096 496 —
1128 468 1413 518 rogatione
1435 467 1568 504 scis-

111 525 272 563 cenda
302 530 507 576 tamquam
544 526 591 562 ab
624 526 852 575 interprete
883 524 1017 575 aliquo
1049 524 1234 575 profecta
1266 523 1396 561 deleri
1423 522 1568 571 uoluit,

110 583 203 632 quia
243 582 406 620 Marcus
437 581 548 619 istud
580 594 659 618 non
694 583 858 631 pueris,
898 581 971 618 sed
1005 583 1156 630 Quinto
1197 587 1239 618 et
1269 581 1403 618 Attico
1437 578 1568 630 expli-

108 642 246 688 caret,
285 637 409 688 idque
451 639 702 688 comprobari
743 639 903 688 putauit
943 642 985 675 et
1023 651 1149 688 praua
1189 636 1395 675 locutione
1428 648 1568 673 reum

108 694 352 732 iudicare
385 699 426 731 et
457 707 652 745 peruersa
689 694 858 731 duorum
891 696 1098 731 nominum
1134 692 1278 745 (lege
1310 697 1396 730 aut
1424 705 1568 742 roga-

111 749 282 803 tione)
316 751 603 789 disiunctione.
665 752 723 789 Ac
749 764 844 787 uere
869 750 1030 800 quidem
1065 750 1218 788 iudicat
1250 752 1327 787 ista
1359 761 1439 786 non
1473 760 1568 785 esse

109 809 353 846 necessaria.
414 808 500 845 Nec
532 808 663 844 minus
697 812 832 844 tamen
861 820 999 844 uerum
1024 812 1103 856 est,
1133 820 1212 844 non
1242 806 1376 844 omnia
1402 818 1448 842 ea
1473 816 1567 842 esse

110 862 371 915 expellenda,
411 864 552 913 quibus
585 863 632 900 ad
665 865 898 901 sententiae
931 864 1206 914 integritatem
1240 876 1320 900 non
1354 874 1456 913 opus
1498 862 1568 899 sit.

107 919 169 958 Ad
208 921 435 958 orationem
479 926 613 958 autem
657 920 763 971 quod
803 921 972 969 attinet,
1014 921 1091 958 etsi
1132 932 1229 957 uere
1269 925 1392 969 negat
1428 930 1568 956 reum

105 975 347 1014 iudicare
388 981 502 1014 recte
543 976 621 1013 dici
665 990 736 1027 pro
769 976 1023 1014 iudicium
1058 976 1120 1013 de
1150 989 1239 1014 reo
1271 976 1417 1012 ferre
1450 972 1567 1027 (nam

107 1032 341 1071 iudicari
372 1046 466 1070 reus
498 1035 532 1070 is
565 1032 729 1083 dicitur,
764 1035 830 1083 qui
863 1032 1168 1072 condemnatur.
1204 1032 1248 1070 cf
1293 1028 1346 1072 ll.
1381 1032 1412 1081 ᾗ.
1446 1028 1567 1084 37.):

106 1102 249 1141 parum
282 1095 396 1128 recte
428 1095 563 1128 tamen
594 1089 703 1127 idem
735 1090 964 1128 transferre
996 1088 1159 1126 uidetur
1188 1088 1238 1126 ad
1271 1089 1394 1126 uerba
1431 1087 1569 1126 iudi-

107 1159 227 1184 care
270 1146 332 1184 de
371 1159 478 1185 re0.
539 1145 699 1184 Deinde
742 1159 839 1183 uero
879 1147 1068 1182 notiones
1108 1157 1187 1182 non
1227 1144 1349 1181 modo
1390 1157 1435 1182 re
1466 1146 1570 1195 ipsa,

107 1201 181 1240 sed
212 1205 334 1240 etiam
366 1201 716 1252 contemplatione
749 1201 935 1239 diuersas
970 1213 1046 1249 per
1075 1200 1316 1251 particulam
1351 1205 1439 1237 aut
1482 1200 1570 1237 dis-

105 1260 219 1307 iungi
257 1263 431 1298 constat.
480 1257 541 1296 Cf.
591 1257 678 1295 Cic.
729 1256 781 1294 de
820 1257 913 1294 Fin.
958 1253 1047 1305 III,
1086 1257 1153 1296 21.
1197 1256 1262 1296 71.
1305 1269 1399 1294 nec
1448 1268 1569 1294 uero

105 1319 302 1352 rectum
345 1318 427 1351 est
467 1326 571 1352 cum
618 1315 803 1351 amicis
845 1318 932 1351 aut
969 1315 1097 1351 bene
1140 1314 1356 1350 meritis
1389 1325 1570 1350 conso-

105 1372 253 1408 ciare
283 1373 371 1407 aut
401 1371 731 1420 coniungere
760 1371 1030 1418 iniuriam,
1056 1370 1125 1407 ubi
1151 1370 1357 1420 Reisigius
1378 1371 1417 1406 iu
1438 1367 1570 1407 schol.

106 1430 319 1475 grammat.
359 1438 398 1476 p.
439 1424 533 1465 443.
578 1432 730 1476 atque
769 1427 1096 1475 coniungere
1136 1428 1330 1464 coniecit.
1399 1424 1572 1463 Accedit

108 1481 301 1531 denique,
335 1486 379 1518 ut
410 1483 620 1532 utriusque
644 1483 836 1531 nominis,
861 1483 1021 1520 etiamsi
1044 1494 1168 1533 saepe
1189 1483 1423 1534 promiscue
1448 1495 1569 1519 usur-

106 1543 227 1588 petur
256 1536 389 1590 (Gell.
422 1538 470 1578 N.
502 1539 550 1577 A.
583 1538 632 1587 Χ,
665 1537 785 1592 20.),
824 1544 961 1576 tamen
1005 1537 1225 1576 discrimen
1265 1538 1467 1589 quoddam
1499 1539 1569 1575 sit.

106 1594 168 1631 Us.
208 1594 323 1632 Fest.
367 1607 398 1632 S.
442 1608 477 1633 11.
520 1596 731 1645 rogatio
771 1609 811 1647 p.
850 1595 953 1635 135:
993 1595 1219 1645 Rogatio
1260 1601 1374 1645 est,
1422 1607 1571 1645 quum

105 1649 337 1701 populus
369 1650 669 1689 consulitur
700 1652 761 1689 de
786 1665 879 1689 uno
904 1650 1228 1702 pluribusne
1250 1652 1569 1700 hominibus,

106 1706 239 1756 quod
270 1719 364 1743 non
410 1707 470 1745 ad
509 1720 687 1745 omnes
729 1710 1037 1758 pertineat,
1080 1713 1130 1745 et
1168 1707 1230 1745 de
1270 1720 1366 1745 una
1402 1706 1570 1758 pluri-

105 1763 272 1800 busue
310 1764 494 1814 rebus,
534 1764 595 1802 de
637 1765 830 1814 quibus
867 1777 963 1802 non
1001 1765 1240 1802 omnibus
1278 1765 1569 1802 sanciatur.

105 1819 224 1857 Nam
259 1819 392 1869 quod
423 1821 473 1857 in
498 1833 669 1858 omnes
691 1822 933 1859 homines
956 1833 1113 1858 resne
1138 1820 1363 1871 populus
1387 1821 1570 1869 sciuit,

104 1874 188 1914 lex
219 1874 539 1927 appellatur.
572 1878 634 1917 Cf.
667 1877 817 1916 Jordan
850 1890 924 1929 pro
958 1877 1076 1917 Caec.
1106 1875 1176 1926 34,
1214 1876 1307 1917 100.
1366 1876 1569 1927 Equidem

106 1945 156 1970 ex
194 1932 287 1970 cod.
321 1933 434 1972 arch.
477 1935 684 1983 uestigiis:
726 1936 773 1971 in
816 1936 1138 1984 magistratu
1179 1932 1470 1971 mandando
1511 1945 1569 1970 an

106 1988 169 2026 de
200 2000 292 2025 reo
322 1988 602 2028 iudicando
628 1993 714 2041 qui
742 1993 790 2028 in
811 1991 930 2041 lege
963 2003 1008 2027 ea
1033 1991 1209 2027 arbitror
1231 1989 1435 2028 elicienda
1461 2002 1570 2038 esse,

105 2057 210 2095 quae
250 2044 375 2084 edidi.
444 2046 675 2085 Particulae
720 2046 977 2098 copulatiuae
1029 2045 1095 2084 uel
1145 2046 1332 2085 codicum
1384 2047 1569 2097 uestigiis

105 2102 399 2139 confirmantur
418 2102 465 2156 ii)
506 2102 573 2140 uel
612 2106 845 2152 sententia;
876 2116 969 2141 nam
1002 2104 1081 2140 hoc
1123 2105 1350 2153 quaesiuit,
1390 2116 1487 2141 num
1528 2103 1568 2140 in

105 2159 295 2195 omnibus
346 2158 436 2195 istis
483 2161 605 2197 rebus
647 2159 748 2198 clam
790 2173 837 2197 an
872 2158 1008 2211 palam
1047 2160 1237 2209 suffragia
1272 2161 1384 2197 ferre
1424 2157 1570 2197 melius

105 2219 230 2253 esset.
293 2213 537 2265 Superiores
569 2229 712 2254 omnes
742 2216 850 2254 male
891 2216 1160 2254 disiunctiuas
1199 2214 1422 2268 particulas
1466 2216 1570 2254 asci-

107 2274 268 2317 uerant,
301 2271 415 2318 quasi
448 2285 546 2309 uero
580 2272 741 2310 Tullius
775 2272 825 2310 de
857 2271 1029 2323 singulis
1061 2274 1201 2323 rebus,
1233 2286 1314 2310 non
1348 2272 1401 2309 de
1435 2273 1568 2309 omni-

108 2326 180 2363 bus
212 2331 440 2375 quaereret.
500 2329 684 2378 Augetur
715 2341 812 2366 uero
843 2329 949 2366 haec
979 2328 1170 2366 molestia
1203 2342 1277 2377 eo,
1310 2327 1418 2379 quod
1450 2328 1569 2366 dein-

107 2393 206 2432 ceps
237 2382 359 2418 etiam
391 2380 534 2433 legis
566 2391 608 2422 et
636 2386 941 2434 rogationis
971 2384 1171 2423 uocabula
1201 2386 1345 2422 eadem
1369 2384 1571 2436 particula

107 2437 411 2487 disiunguntur.
473 2439 731 2491 Praepositio
773 2441 846 2490 in,
887 2441 1000 2478 cuius
1033 2443 1157 2479 etiam
1189 2440 1239 2479 ad
1272 2440 1441 2479 alteram
1472 2453 1569 2479 sen-

105 2495 262 2533 tentiae
298 2498 456 2545 partem
500 2493 582 2549 (ac
622 2496 682 2534 de
726 2509 816 2534 reo
855 2495 1162 2551 iudicando)
1195 2499 1257 2535 uis
1286 2499 1490 2549 pertinet,
1526 2499 1569 2535 in

104 2551 181 2589 hac
211 2552 300 2602 ipsa
332 2553 466 2604 repeti
493 2565 574 2590 non
605 2558 771 2605 poterat
799 2559 971 2606 propter
1009 2553 1178 2593 duarum
1216 2556 1569 2607 praepositionum

199 2696 231 2738 ⁸)
257 2708 308 2730 an
334 2699 369 2729 et
395 2709 447 2731 ac
472 2709 580 2742 saepe
602 2702 826 2742 permutatur
852 2698 1045 2742 (Srhwarz
1082 2699 1126 2732 ad
1145 2699 1240 2735 Plin.
1261 2700 1397 2743 Paneg.
1435 2710 1469 2742 p.
1489 2697 1569 2734 ⁶270.

107 2740 206 2783 ⁸285.)
231 2753 297 2775 nec
325 2747 470 2787 atquc
501 2756 543 2777 ex
569 2745 648 2788 qui
676 2745 823 2778 efficere
846 2745 1079 2779 temerarium
1109 2749 1174 2787 est,
1212 2757 1294 2779 cum
1318 2756 1426 2787 saepe
1454 2745 1488 2777 in
1513 2744 1572 2777 his

108 2788 212 2821 libris
228 2788 362 2831 primas
378 2791 642 2825 uocabulorum
657 2792 823 2835 syllabas
838 2792 1067 2826 oblitteratas
1082 2802 1162 2825 csso
1179 2794 1327 2826 constet.
1340 2790 1397 2826 Cf.
1410 2791 1456 2824 11.
1470 2791 1499 2832 §.
1511 2789 1569 2825 28.

1267 2850 1357 2889 20*
