1781 3192
267 191 354 229 1252
836 190 904 227 m«)
936 189 1170 228 LEGlBUS

270 307 552 353 acceptos;
591 300 631 337 id
670 300 775 350 quod
819 313 897 338 non
945 301 1050 351 sugit
1092 300 1362 349 Maduigium.
1425 303 1504 339 Sed
1551 316 1622 352 pro
1670 317 1734 344 eo,

270 359 374 411 quod
417 359 522 394 idem
566 356 726 393 addidit
766 355 963 406 cultos,
1009 363 1179 409 propter
1220 359 1341 395 uerba
1380 358 1418 394 in
1462 358 1735 408 explicatione

268 417 426 467 posita:
459 414 501 450 si
529 412 651 450 huic
681 411 785 462 legi
818 416 1105 463 paruerint
1139 415 1239 464 ipsi
1281 415 1305 452 i.
1341 425 1378 451 e.
1421 415 1454 451 si
1487 415 1564 464 ipsi
1597 421 1734 465 patres

269 484 345 509 nec
386 481 515 506 nouos
553 468 775 505 habuerint
805 481 883 506 nec
916 469 1191 521 alienigenas,
1235 471 1312 509 nisi
1346 468 1510 520 publice
1540 469 1736 519 adscitos,

269 539 376 564 nunc
410 526 542 573 magis
570 526 723 575 probo,
759 525 865 574 quod
899 526 1044 564 Bakius
1083 528 1284 575 coniecit,
1325 526 1594 573 adscitos3
1634 526 1736 563 nihil

270 584 377 621 enim
418 582 571 629 refert,
624 586 757 617 utrum
799 587 936 632 patres
978 585 1056 621 rite
1096 584 1124 620 i.
1167 596 1200 619 e.
1246 584 1431 620 omnibus
1473 584 1736 620 caerimoniis

270 643 411 677 sancte
443 638 616 675 seruatis
650 635 751 674 deos
783 636 1001 688 coluerint,
1035 652 1085 676 an
1117 651 1185 676 eas
1222 638 1429 676 interdum
1472 638 1736 686 uiolauerint‚

272 693 494 733 dummodo
527 695 605 730 rite
638 692 737 731 deos
772 693 1039 736 adsciuerint.
1099 694 1302 743 Halmius,
1348 696 1414 744 qui
1455 696 1493 731 in
1538 694 1733 732 Schneid.

271 751 383 790 Phil.
421 751 446 788 Ι.
478 763 518 801 p.
559 749 648 789 176.
691 748 870 787 cultos
911 752 1019 789 rite
1059 765 1079 788 a
1120 752 1365 802 patribus
1406 751 1734 798 commendauit,

270 821 347 846 nec
379 806 479 844 illud
520 805 714 855 attendit,
757 809 1071 858 acceperint
1111 812 1389 846 necessarium
1435 820 1526 845 esse
1567 811 1737 858 propter

274 863 587 915 explicationem
618 861 752 899 illam:
792 876 902 900 nam
944 877 965 901 a
999 865 1243 917 patribus
1277 870 1533 915 acceptos
1567 868 1609 900 et
1641 875 1736 900 uer-

273 923 415 959 borum
458 918 657 969 quendam
698 917 884 956 ordinem
926 918 1064 958 Tullio
1106 921 1248 958 tribuit
1288 920 1598 970 haudquaquam
1640 930 1737 969 pro·

275 975 462 1015 habilem.
509 976 702 1013 Ceterum
722 975 878 1013 Romae
902 977 1108 1014 interdum
1136 989 1288 1014 morem
1319 977 1569 1014 increbuisse
1593 973 1737 1013 alieni-

214 1069 217 1075 ,
274 1045 398 1083 genas
432 1031 532 1069 deos
565 1030 728 1070 colendi
761 1032 886 1070 tradit
916 1034 1002 1072 Liu.
1040 1034 1108 1082 lv,
1131 1032 1195 1073 30.
1230 1033 1355 1082 XXV,
1386 1034 1417 1072 1.
1451 1031 1633 1081 xxxix,
1671 1030 1736 1070 10².

205 1137 209 1139 ⁴
273 1091 335 1130 Cf.
390 1089 506 1128 Seru.
557 1087 607 1125 ad
645 1089 746 1126 Aen.
786 1089 899 1138 ΠΗ,
949 1089 1039 1130 1ἑ57.
1111 1090 1255 1127 Tertio
1305 1089 1455 1127 deinde
1503 1086 1595 1126 loco
1645 1099 1734 1124 cum

274 1146 444 1184 delubra
478 1146 526 1182 in
561 1145 772 1182 urbibus
807 1158 899 1183 esse
928 1148 1065 1184 iubeat
1096 1147 1167 1192 (cf.
1196 1145 1225 1195 ᾗ.
1258 1144 1323 1185 26.
1367 1149 1619 1195 oportere
1652 1141 1735 1179 de-

273 1203 419 1241 lubra
458 1213 577 1238 esse
616 1202 664 1238 in
707 1202 925 1240 urbibus
966 1204 1199 1250 censeo),
1252 1203 1375 1239 uerba
1416 1202 1466 1238 in
1515 1199 1735 1238 urbibus

275 1259 438 1297 restitui
482 1269 655 1294 necesse
698 1263 785 1306 est3
837 1257 959 1308 idque
1001 1258 1067 1296 uel
1117 1260 1291 1295 maxime
1339 1258 1494 1308 flagitat
1543 1255 1736 1293 contrarii

277 1315 499 1354 declaratio
531 1312 698 1359 (lucos
732 1315 778 1350 in
813 1316 953 1363 agris
985 1315 1256 1363 habento),
1294 1320 1338 1352 ut
1376 1313 1540 1351 fallatur
1574 1309 1736 1349 Madui-

274 1375 362 1423 gius
401 1375 443 1407 et
484 1370 548 1420 qui
590 1371 714 1408 tacite
756 1369 952 1419 Maduigii
988 1373 1188 1408 rationem
1223 1372 1428 1421 probauit,
1463 1369 1627 1417 Bakhus,
1669 1368 1735 1417 qui

275 1429 365 1479 quia
398 1424 624 1463 delubra
654 1426 853 1463 habere
884 1426 1134 1476 generaliter
1165 1426 1387 1475 diceretur,
1420 1424 1489 1463 illa
1519 1438 1600 1462 non
1634 1435 1735 1474 opus

280 1496 372 1522 esse
402 1482 612 1534 putabant.
674 1482 759 1519 Nec
788 1486 924 1520 tamen
959 1496 1006 1521 eo
1039 1487 1133 1521 sunt
1164 1481 1254 1520 loco
1285 1480 1561 1530 restituenda,
1594 1493 1670 1531 quo
1695 1483 1737 1516 et

274 1543 315 1579 in
349 1539 436 1578 cod.
469 1549 505 1590 γ
537 1542 579 1576 et
611 1551 633 1575 a
663 1537 857 1576 'l'nrnebo
889 1538 986 1577 inde
1017 1541 1064 1577 ab
1096 1540 1391 1590 interpretibus
1424 1539 1610 1576 omnibus
1641 1540 1738 1573 sunt

274 1596 496 1645 collocata,
539 1599 634 1646 post
673 1593 902 1634 delubra.
976 1597 1088 1645 Quae
1130 1597 1162 1633 si
1210 1599 1306 1633 ante
1348 1594 1572 1633 delubra
1609 1593 1737 1630 resti-

275 1655 421 1701 tueris,
455 1657 497 1690 et
527 1651 665 1689 mendi
699 1651 863 1689 facilius
897 1657 1009 1690 ortus
1040 1650 1287 1703 intelligitur
1308 1657 1350 1690 et
1373 1653 1582 1690 contraria
1602 1650 1736 1700 aptius

273 1722 348 1762 per
379 1709 604 1747 chiasmum
635 1708 873 1747 efferuntur.

389 1763 576 1814 habiti]
638 1765 806 1813 Lbinus,
845 1764 912 1814 qni
955 1768 1097 1801 contra
1136 1762 1259 1801 codd.
1301 1776 1444 1801 omnes
1477 1774 1525 1799 ex
1555 1762 1672 1799 Lact.
1706 1760 1736 1809 l,

277 1823 340 1863 15.
373 1820 443 1862 23.
477 1821 643 1871 scripsit
673 1821 700 1857 h
714 1821 843 1858 abiti
867 1824 1002 1870 sunt,
1034 1822 1183 1858 merito
1205 1820 1413 1857 neminem
1438 1819 1733 1868 obsequentem

273 1884 418 1917 nactus
451 1882 529 1916 est.

391 1934 524 1972 endo
555 1931 724 1983 caelo]
786 1932 855 1970 Sic
897 1930 949 1970 de
989 1933 1204 1970 uerissima
1236 1931 1419 1969 'l'urnebi
1450 1931 1556 1969 coni.
1592 1941 1735 1967 omnes
1780 1930 1781 1978 ᾖ

276 1997 443 2043 praeter
474 1991 583 2028 Uict.
618 1995 660 2027 et
692 1990 835 2027 Lamb.
869 1985 941 2042 (in
974 1986 1217 2040 caelum).
1780 1986 1781 1996 ¹

389 2045 716 2096 locauerint]
778 2045 857 2083 Pro
891 2045 1104 2083 uocandi
1139 2045 1279 2092 uerbo,
1309 2042 1415 2094 quod
1447 2044 1486 2080 in
1511 2042 1601 2080 cod.
1624 2042 1736 2080 arch.
1778 2080 1779 2085 ,

278 2104 407 2142 fuisse
450 2109 604 2141 certum
651 2108 739 2150 est,
782 2101 884 2139 Dan.
923 2103 1077 2151 primus
1110 2102 1295 2138 restituit
1327 2101 1494 2137 uerbum
1527 2098 1736 2136 locandi
1780 2103 1781 2125 ³

279 2173 328 2198 ex
358 2161 458 2197 Lact
506 2155 541 2208 I,
579 2157 643 2198 15.
677 2156 742 2197 23.
788 2156 849 2196 Cf.
891 2156 1075 2208 exempla
1118 2170 1138 2194 a
1172 2157 1269 2194 Dau.
1308 2154 1471 2193 laudata
1507 2154 1558 2192 ad
1597 2155 1737 2204 Quint.
1776 2134 1781 2193 i

277 2217 349 2255 Fr.
383 2212 417 2265 Ι,
452 2214 511 2255 10.
543 2213 609 2254 31.
643 2214 723 2252 Off.
756 2209 837 2262 ΙΙΙ,
869 2214 909 2252 5.
943 2214 1011 2253 25.
1083 2213 1165 2251 Sed
1207 2218 1341 2249 tamen
1384 2225 1456 2263 pro
1498 2210 1736 2259 indicatiuo,
1777 2210 1781 2244 l

279 2285 399 2324 quem
433 2276 474 2309 et
506 2269 577 2308 ille
609 2276 651 2308 et
678 2268 823 2320 reliqui
856 2275 1142 2321 susceperunt,
1176 2274 1346 2319 propter
1377 2267 1589 2306 meliorum
1616 2267 1736 2306 codd.
1774 2278 1779 2308 ’Δ

281 2329 562 2367 auctoritatem
600 2328 739 2376 recepi
772 2327 1091 2364 coniunctiuum.
1144 2326 1199 2362 Cf
1242 2339 1342 2375 quae
1366 2324 1417 2362 de
1439 2323 1559 2361 modo
1582 2324 1737 2361 uariato
1773 2340 1777 2368 3

280 2386 361 2423 ‹lix-i
396 2385 443 2423 ll.
476 2385 509 2435 ᾧ.
549 2382 610 2423 16.
671 2381 875 2420 Similiter
917 2383 953 2420 in
999 2383 1120 2421 codd.
1160 2382 1264 2420 dett.
1301 2382 1343 2420 ll.
1383 2381 1415 2431 ᾗ.
1446 2380 1511 2421 26.
1553 2393 1626 2432 pro
1657 2392 1737 2431 pa·
1772 2374 1776 2425 i

281 2443 494 2479 ruerint
527 2445 591 2478 est
622 2444 911 2491 paruerunt.
1621 2483 1624 2489 .

393 2503 472 2535 ast
503 2496 630 2547 olla]
692 2497 777 2533 Mc
817 2495 1043 2546 prudenter
1082 2495 1181 2532 Ern.
1220 2507 1293 2546 pro
1332 2498 1415 2532 ast
1451 2493 1626 2531 coniecit
1665 2495 1737 2528 at-

281 2566 401 2605 que,
440 2567 516 2592 nec.
556 2558 672 2590 recte
710 2550 933 2603 particulae
964 2552 1031 2589 isti
1065 2549 1344 2602 copulandi
1376 2551 1455 2587 uim
1488 2549 1736 2596 tribuerunt,
1769 2562 1779 2599 μ’

280 2609 386 2648 male
412 2607 600 2661 exempla
625 2622 671 2646 ea
695 2609 970 2659 interpretati,
1004 2621 1107 2658 quae
1131 2608 1358 2658 argumenti
1378 2605 1468 2643 loco
1490 2606 1529 2642 in
1555 2604 1779 2647 mediumii

278 2666 553 2720 protulerunt,
597 2670 639 2703 ut
679 2666 767 2703 Liu.
812 2665 860 2714 X,
910 2663 973 2704 19.
1015 2663 1231 2702 Bellona
1279 2664 1324 2701 si
1373 2661 1534 2699 hodie
1584 2662 1734 2698 nobis
1767 2664 1777 2696 ΞΕ

281 2724 565 2761 uictoriam
628 2721 778 2771 duis,
832 2726 909 2758 ast
962 2734 1051 2770 ego
1097 2722 1198 2758 tibi
1254 2717 1499 2768 templum
1558 2729 1735 2755 uoueo.
1766 2711 1777 2750 f·

280 2781 363 2818 Lex
402 2781 537 2831 regia:
574 2780 652 2816 sei
696 2791 820 2830 puer
860 2779 1142 2831 parenteis
1183 2776 1446 2825 uerberit,
1497 2779 1575 2812 ast
1617 2772 1768 2812 oloe·
