1781 3192
486 205 642 242 milich
675 204 895 241 Plinius.
946 204 1043 242 (λιν.
1079 203 1144 240 lx.
1501 203 1558 240 49

82 320 218 358 satis
252 317 663 367 intelligentias
708 316 961 353 vnodauit
1005 316 1197 353 uidentur
1240 315 1415 352 hominis
1464 328 1556 351 csse

83 377 187 414 haec
220 376 526 426 interpretaturi
559 379 601 410 et
631 374 803 424 primum
840 374 1011 422 margini
1040 372 1248 423 adscripta
1273 373 1310 409 in
1338 372 1552 408 uerborum

85 431 238 470 deinde
277 433 427 468 seriem
470 433 527 468 ita
569 434 734 480 recepta
776 442 892 478 esse,
932 435 974 466 ut
1013 429 1146 467 locum
1181 432 1432 480 occuparent
1459 440 1554 465 ner-

84 491 227 527 borum
263 490 517 526 obscuras
550 485 963 535 intelligentias
994 487 1290 524 inchoanit.
1363 483 1470 522 Uide
1502 483 1554 521 de

90 545 235 584 codice
265 545 420 582 arcliet.
454 544 833 594 interpretamentis
864 543 1073 592 inquinato
1106 556 1209 593 quae
1242 542 1321 579 dixi
1352 543 1391 578 in
1420 541 1554 593 praef.

85 618 125 656 p.
161 600 268 641 xvi.
331 602 591 638 obscuras
621 604 754 637 autem
790 598 1200 647 intelligentias
1232 611 1405 636 rerum
1446 597 1555 648 plu-

87 661 336 697 rimarum
379 657 631 694 inchoare
681 657 720 693 in
761 656 865 693 lianc
905 657 1151 693 sententiam
1195 654 1368 692 dicitur:
1417 667 1553 691 rerum

87 715 353 767 plurimarum
396 713 694 763 intelligentias
736 713 967 761 inclioauit‚
1022 725 1123 762 (piae
1165 716 1299 749 tamen
1345 711 1436 760 quia
1475 724 1555 747 non

87 770 299 823 perfectae
324 774 432 819 sunt,
467 772 663 807 obscurae
688 775 936 807 manserunt.
997 769 1114 817 Quod
1147 770 1226 806 nisi
1250 768 1410 818 probari
1436 779 1559 817 posse

91 828 314 874 uidebitur,
347 828 596 864 obscuras
636 839 794 877 quoque
840 827 1195 877 interpretamenti
1237 837 1331 876 pars
1371 823 1559 861 habenda

90 888 165 923 est.
228 882 309 920 Alii
343 883 544 933 quomodo
577 883 671 920 huic
701 881 793 920 loco
826 884 1106 920 succurrerint
1138 887 1180 920 ut
1212 883 1345 919 sciant
1374 881 1419 929 ii,
1453 892 1557 930 quo-

87 954 176 979 rum
209 940 286 977 ista
316 941 422 977 scire
454 941 647 989 interest,
677 941 808 977 uarias
843 941 1019 977 uirorum
1044 938 1258 977 doctorum
1295 940 1556 975 coniecturas

88 997 319 1045 adiungam.
384 997 588 1034 'l‘urnebiz
634 1001 683 1034 et
714 1009 886 1033 rerum
920 994 1263 1047 plurimarum
1298 998 1349 1032 et
1380 995 1559 1031 obscu-

85 1067 255 1092 rarum
288 1054 634 1090 necessarias
666 1051 1074 1101 intelligentias
1118 1051 1397 1099 enodauit,
1439 1063 1556 1100 quam

86 1123 198 1150 suam
224 1110 327 1147 fecit
355 1109 482 1159 Wytt.
508 1112 549 1146 et
575 1110 734 1160 recepit
759 1109 947 1146 Moserus
968 1105 1031 1161 ἦ),
1055 1110 1307 1146 refluxerunt
1332 1105 1560 1157 paullisper

87 1167 302 1206 Manutius
342 1170 412 1214 (et
449 1178 552 1203 rer.
591 1164 726 1216 plur.
760 1166 1010 1201 obscuras
1043 1169 1092 1202 et
1121 1164 1456 1202 necessarias
1486 1164 1560 1200 in-

87 1222 448 1273 telligentias
481 1221 754 1267 enodauit)
788 1226 830 1258 et
872 1221 1130 1258 Goerenzius
1172 1222 1247 1269 (et
1285 1231 1383 1257 rer.
1426 1217 1560 1269 plur.

92 1281 343 1318 obscuras
404 1280 743 1316 necessarias
803 1276 1210 1328 intelligentias
1262 1275 1561 1321 enodauit);

89 1337 229 1375 Beieri
260 1335 311 1373 de
335 1335 415 1373 Off.
439 1331 492 1373 II.
522 1348 560 1386 p.
585 1334 705 1374 325.:
737 1347 831 1372 rer.
864 1334 997 1386 plur.
1030 1336 1283 1372 obscuras
1311 1345 1406 1370 nec
1430 1333 1564 1369 satis

87 1392 408 1432 illustratas
462 1390 868 1441 intelligentias
916 1390 1201 1439 enodauit3
1248 1390 1462 1428 Lambini:
1511 1395 1563 1425 et

88 1462 264 1488 rerum
311 1447 646 1499 plurimarum
706 1449 958 1485 obscuras
1011 1461 1108 1485 nec
1159 1448 1293 1484 satis
1346 1449 1559 1497 apertas

90 1504 494 1553 intelligentias
532 1504 813 1541 inchoanit
849 1503 1143 1549 (inchoandi
1182 1504 1352 1541 uerbum
1391 1503 1439 1539 ab
1480 1503 1561 1540 Au-

91 1566 181 1600 rato
230 1561 419 1609 sumsit),
472 1560 538 1610 qui
583 1559 791 1609 Maduigio
833 1560 1039 1610 persuasit
1086 1564 1128 1598 et
1167 1558 1347 1608 Orellio,
1392 1571 1562 1608 quorum

93 1623 230 1655 tamen
276 1615 347 1654 ille
396 1616 448 1653 de
490 1617 584 1653 Fin.
637 1629 675 1666 p.
721 1615 816 1655 720.
863 1629 936 1667 pro
982 1620 1197 1667 apertas
1245 1616 1423 1653 coniecit
1461 1614 1565 1652 cla-

93 1687 201 1722 ras,
248 1673 316 1710 hic
358 1672 454 1722 quid
495 1673 752 1721 potissimum
793 1677 888 1722 post
928 1673 1051 1710 uerba
1089 1684 1182 1710 nec
1225 1672 1360 1710 satis
1402 1671 1566 1709 restitui

95 1728 246 1778 uellet,
279 1741 361 1765 non
393 1728 608 1775 defininit3
645 1728 803 1765 Pearcii
837 1732 879 1765 et
910 1727 1189 1767 Lallemandi:
1229 1733 1280 1766 et
1318 1740 1404 1765 rer
1428 1726 1514 1779 plu
1528 1740 1564 1766 r·

94 1787 345 1823 obscuras
389 1796 482 1821 nec
526 1785 658 1822 satis
703 1784 965 1822 enodatas
1005 1783 1408 1836 intelligentias
1439 1784 1565 1822 uerbo

95 1843 270 1890 o1nisso3
310 1841 487 1878 Dauisii:
529 1852 626 1878 rer.
667 1839 800 1891 plur.
845 1841 1182 1879 obscurarum
1223 1842 1564 1879 necessarias

93 1896 508 1947 intelligentias
564 1896 922 1946 adumbrauit-3
970 1897 1130 1936 Krausii
1179 1899 1220 1936 in
1261 1911 1397 1949 progr.
1441 1895 1563 1937 1842.

95 1967 138 2005 p.
172 1952 212 1993 5.
247 1957 296 1991 et
326 1965 423 1991 rer.
456 1951 590 2005 plur.
633 1954 887 1991 obscuras
929 1957 978 1991 et
1024 1952 1116 2007 (uel
1147 1953 1261 2008 sed)
1310 1966 1564 1992 necessa-

96 2012 200 2049 rias
231 2008 646 2060 intelligentias
676 2009 917 2059 donauit3
949 2009 1103 2049 Halmii
1124 2012 1165 2049 in
1188 2011 1385 2051 Schneid.
1409 2009 1513 2049 Phil.
1531 2009 1563 2048 l.

95 2079 141 2118 p.
171 2064 268 2106 174:
300 2070 349 2104 et
378 2079 478 2105 rer.
512 2064 649 2117 plur.
683 2067 937 2104 obscuras
966 2079 1062 2106 nec
1094 2068 1225 2105 satis
1268 2068 1564 2105 distinctas

95 2121 513 2174 intelligentias
546 2124 591 2161 ei
623 2122 856 2161 donauit.
918 2123 1163 2162 Schuetzius
1205 2123 1384 2174 denique
1427 2124 1564 2161 uerbis

94 2190 189 2216 nec
237 2181 371 2217 satis
425 2179 587 2217 omissis
639 2180 839 2217 coniecit:
889 2183 938 2217 et
987 2192 1086 2220 rer.
1133 2178 1265 2232 plur.
1318 2180 1564 2218 obscuras

93 2234 510 2286 intelligentias
543 2236 808 2274 enodauit.

212 2291 272 2330 ad
303 2291 571 2343 caelique]
633 2292 908 2330 confirmatur
934 2290 1135 2342 particula
1169 2305 1284 2345 que,
1316 2305 1435 2345 quam
1466 2291 1565 2330 inde

96 2361 119 2385 a
149 2348 348 2386 Lambino
381 2362 507 2399 usque
545 2348 596 2386 ad
624 2349 793 2386 Bakium
825 2360 968 2386 omnes
1004 2355 1310 2400 expresserunt,
1341 2350 1566 2388 deteriori-

95 2404 172 2441 bus
206 2403 445 2454 quibusdam
478 2404 704 2443 codicibus.
766 2405 1014 2454 Quamquam
1044 2406 1210 2444 uidetur
1238 2407 1439 2445 correctio
1473 2418 1567 2443 esse

95 2459 236 2497 mendi
269 2459 329 2497 ad
362 2459 503 2498 coeli
535 2460 602 2498 uel
635 2466 686 2498 et
716 2459 857 2498 coeli
879 2458 978 2513 M⁹),
1008 2465 1051 2500 ut
1079 2463 1395 2513 incertumsit,
1426 2466 1563 2500 utrum

94 2528 217 2567 que,
249 2518 362 2555 cuius
396 2520 493 2555 ante
522 2515 707 2555 litteram
739 2530 764 2567 q
803 2515 1000 2556 facillima
1041 2520 1210 2558 omissio
1252 2523 1366 2571 erat,
1405 2532 1455 2557 an
1496 2523 1565 2569 et,

186 2665 219 2706 ⁸)
258 2665 335 2708 ipse
381 2670 500 2699 tamen
547 2665 582 2697 in
620 2665 851 2699 annotatione
887 2667 980 2700 haec
1019 2668 1193 2703 tentauit:
1236 2672 1280 2702 et
1318 2680 1405 2703 rer.
1442 2668 1565 2711 plur.

98 2709 302 2744 obseura
329 2723 406 2744 nec
432 2711 631 2745 affatim
658 2711 1002 2756 intelligenda
1029 2715 1272 2748 enodauit
1295 2718 1363 2747 cet.

140 2798 148 2805 ⁶
170 2754 217 2795 ⁸⁸)
252 2760 296 2790 et
329 2758 480 2797 coeli,
517 2758 610 2800 quod
644 2761 699 2791 est
733 2757 768 2791 in
801 2758 869 2791 Gd.
896 2757 956 2800 2.,
994 2758 1081 2793 item
1113 2760 1149 2793 in
1172 2762 1200 2795 C
1235 2765 1271 2794 et
1297 2759 1321 2792 δ
1352 2759 1467 2792 fuisse
1504 2769 1565 2790 su-

94 2810 221 2841 sprcor.

1323 2864 1348 2899 4
