1781 3192
226 194 314 233 144
796 190 864 227 DE
899 188 1130 228 LEGIBUS

231 306 385 345 minis
426 315 613 352 cogere
657 301 827 338 insititia
870 300 1018 339 Bakius
1061 300 1175 338 duxit
1214 311 1300 337 eam
1343 300 1596 350 potissimum
1643 302 1691 338 ob

230 374 405 408 cansam,
443 360 533 408 qnia
563 369 638 394 nec
667 356 784 394 Plato
816 369 894 394 nec
925 357 1029 395 alius
1056 358 1265 407 quisquam
1292 356 1368 392 alia
1394 356 1693 407 persuadenda,

232 418 309 456 alia
350 413 534 465 cogenda
583 425 675 451 esse
725 412 907 452 dixisset.
981 414 1107 461 Quam
1158 413 1408 450 sententiam
1457 425 1509 450 ne
1547 412 1691 450 Cicero

234 471 398 523 quidem
435 470 501 507 his
541 470 678 506 uerbis
711 468 906 518 subiecit,
949 473 991 506 et
1029 469 1165 520 potius
1198 468 1276 505 hoc
1307 467 1423 517 dixit,
1465 467 1516 505 ad
1551 468 1696 506 iuben-

233 529 327 566 dum
369 525 488 579 (nam
529 525 606 562 hoc
647 530 711 563 est
753 526 790 563 ui
832 538 877 563 ac
912 525 1033 562 minis
1067 521 1241 576 cogere)
1274 523 1472 562 accedere
1504 528 1697 575 oportere

231 584 570 636 persuasionem,
622 580 664 618 id
716 580 822 630 qnod
869 593 1038 632 prorsus
1087 580 1294 618 consentit
1334 593 1420 618 cum
1465 581 1550 629 eis,
1598 591 1697 629 quae

232 639 350 679 l’lato
381 638 605 689 disputanit
636 636 689 674 de
726 637 851 686 Legg.
894 649 934 687 p.
969 636 1067 676 722.
1100 637 1142 674 B.
1204 633 1394 686 Reliqua,
1430 649 1531 687 quae
1570 635 1696 673 Bakio

233 694 464 735 molestiam
502 697 711 745 pararunt,
755 694 855 730 sunt'
879 694 1003 730 etiam
1036 692 1192 730 leniora
1224 698 1266 728 et
1297 691 1419 729 saeile
1451 705 1520 729 sua
1551 695 1698 743 sponte

235 752 472 799 concidunt,
516 748 644 787 ueluti
689 762 777 786 enm
820 749 946 787 uerba
991 747 1135 798 quid,
1176 747 1312 798 quod
1355 770 1406 776 -—
1448 748 1700 786 Timaeus

233 808 317 847 illis
351 807 487 845 uerbis
519 806 777 856 interpositis
809 808 932 854 negat
965 805 1114 842 referri
1147 817 1270 855 posse
1303 803 1353 841 ad
1384 802 1455 841 illa
1486 804 1701 855 superiora

235 862 366 915 quod
397 861 533 900 idem
565 863 725 898 etiam
755 859 1040 898 Zaleucum
1081 864 1163 899 cet.
1224 860 1416 898 Ceterum
1456 859 1534 897 hoc
1568 861 1700 910 ipsum

233 920 340 970 legis
379 919 660 970 prooemium,
700 916 805 967 qnod
849 921 891 954 et
932 916 1077 953 Cicero
1115 914 1297 967 appellat
1340 916 1373 966 ξ.
1424 915 1471 956 17
1512 919 1554 953 et
1580 914 1701 953 Plato

237 974 496 1027 appellauit,
527 973 723 1023 distingui
764 977 930 1023 oportet
969 972 1016 1009 ab
1059 971 1135 1020 eis,
1180 984 1282 1022 quae
1325 970 1446 1009 modo
1485 970 1537 1009 de
1576 971 1616 1009 ui
1658 983 1703 1007 ac

236 1033 402 1070 nomine
432 1030 538 1080 legis
571 1029 812 1080 disputauit.
876 1025 952 1065 Illa
983 1027 1147 1078 quidem
1178 1027 1394 1079 disputans
1429 1028 1506 1066 hoc
1537 1030 1703 1078 specta-

238 1090 313 1137 uit,
358 1101 411 1124 ne
451 1089 490 1123 in
532 1085 764 1124 scribendis
810 1083 968 1135 legibus
1003 1096 1137 1121 ueram
1172 1097 1217 1122 ac
1246 1085 1451 1135 propriam
1484 1082 1588 1133 legis
1620 1082 1702 1120 uim

239 1145 465 1191 omitteret,
498 1141 575 1180 hoc
604 1141 709 1191 legis
743 1141 956 1192 prooemio
977 1138 1018 1177 id
1040 1142 1239 1190 sequitur,
1275 1145 1317 1177 ut
1341 1141 1455 1177 ciues
1480 1152 1534 1177 ne
1554 1142 1703 1189 putent

236 1200 372 1250 legem
405 1199 659 1236 arbitrariam
692 1211 736 1235 ac
767 1196 986 1235 uiolentam
1021 1208 1130 1245 esse,
1168 1195 1242 1233 sed
1283 1197 1330 1233 ab
1365 1197 1452 1246 ipsa
1483 1200 1625 1233 natura
1657 1207 1702 1231 ac

237 1258 397 1294 ratione
428 1256 672 1306 profectam,
703 1253 974 1302 iubentesque
1007 1257 1050 1289 ut
1083 1253 1121 1289 ei
1154 1251 1363 1290 obediant.

352 1313 383 1362 ξ.
431 1311 493 1350 15.
576 1311 826 1348 Timaeus
879 1309 1227 1357 Tauromenita,
1286 1309 1351 1358 qui
1399 1307 1588 1345 historiis
1635 1317 1704 1344 res

240 1369 490 1406 Graecorum
544 1364 761 1404 siculorum
812 1364 1038 1402 italicorum
1077 1376 1204 1414 nsque
1249 1364 1297 1401 ad
1340 1376 1486 1401 annum
1527 1361 1626 1403 264'.
1671 1375 1706 1399 a.

240 1424 338 1462 Chr.
372 1421 606 1473 complexus
639 1427 718 1470 est,
752 1417 1086 1470 reprehendendi
1118 1419 1188 1457 ille
1228 1420 1451 1456 acerbitate
1492 1424 1534 1456 et
1574 1416 1703 1456 male-

239 1479 421 1518 dicentia
460 1478 632 1527 insignis
674 1474 755 1530 (cf.
798 1475 970 1514 Ellendt
1007 1475 1057 1513 ad
1091 1476 1178 1514 Cic.
1219 1474 1271 1512 de
1310 1475 1378 1513 Or.
1413 1471 1473 1524 II,
1512 1473 1575 1515 14.
1608 1470 1705 1525 59.)

241 1535 579 1586 Theophrastum
610 1545 769 1584 quoque
797 1532 1142 1584 reprehenderat,
1174 1531 1283 1581 quod
1310 1529 1549 1581 Zaleucum,
1580 1532 1705 1569 istum

243 1592 510 1630 Locrensium
541 1588 823 1640 legislatorem
854 1588 929 1640 (cf.
960 1589 987 1627 l.
1019 1589 1049 1639 ᾗ.
1082 1588 1188 1638 δῖ),
1219 1588 1349 1626 fuisse
1380 1586 1554 1627 dixerat.
1596 1585 1707 1625 Uide

240 1648 289 1687 ad
318 1649 405 1686 Att.
440 1647 508 1695 Vl,
544 1646 581 1686 1.
619 1645 682 1685 18.

353 1705 417 1742 At
463 1701 750 1752 Theophra]
830 1701 963 1739 Locus
1014 1698 1287 1737 conclamatus
1338 1698 1705 1749 interpretatione,

241 1773 324 1798 non
365 1758 651 1797 emendatione
704 1762 815 1808 eget.
890 1756 1105 1794 Sententia
1152 1756 1374 1806 requiritur
1411 1755 1586 1792 haecce:
1631 1757 1708 1802 „at

243 1816 578 1867 'l'heophrastuS,
613 1816 676 1864 qui
709 1814 874 1864 quidem
904 1825 995 1850 mea
1025 1813 1231 1849 sententia
1261 1815 1403 1848 auctor
1433 1814 1499 1847 est
1529 1809 1704 1846 Timaeo

243 1871 352 1910 hand
402 1871 589 1909 deterior
637 1876 679 1908 et
734 1882 854 1920 quem
901 1867 1020 1906 multi
1070 1869 1192 1905 etiam
1238 1867 1443 1914 (Timaeo)
1493 1864 1706 1903 meliorem

244 1933 411 1977 uocant,
454 1928 584 1966 fuisse
617 1926 844 1964 affirniat“.
905 1927 1034 1974 Quam
1068 1925 1198 1974 ipsam
1224 1924 1472 1961 sententiam
1505 1921 1703 1959 contineri

242 1989 339 2036 puto
372 1985 573 2035 scriptura
605 1982 806 2021 codicum.
867 1982 969 2019 Nam
1009 1980 1288 2031 praecedente
1321 1977 1550 2029 negandi
1582 1978 1708 2015 uerbo

243 2054 367 2092 saepe
392 2041 432 2077 in
458 2039 589 2077 altera
613 2040 821 2077 sententia
843 2037 972 2075 audiri
999 2041 1162 2074 constat
1187 2037 1351 2073 uerbum
1378 2034 1557 2072 affirm
1574 2033 1705 2072 andi.

244 2096 360 2145 Quod
392 2109 472 2133 non
506 2097 562 2133 ita
594 2099 780 2143 tantum,
822 2094 855 2130 si
895 2098 962 2131 ant
999 2092 1189 2140 negatiua
1220 2096 1289 2128 aut
1320 2091 1578 2128 aduersatina
1611 2102 1708 2126 sen-

242 2154 374 2191 tentia
425 2156 620 2201 sequatur
668 2151 741 2199 (cf.
785 2150 906 2188 'fuse
952 2149 1002 2196 V,
1044 2147 1113 2186 40.
1158 2146 1252 2187 116.
1292 2147 1465 2184 nostri
1512 2158 1707 2196 graece

244 2209 362 2247 fere
402 2207 662 2245 nesciunt
703 2218 793 2243 nec
826 2205 1016 2242 Graeci
1047 2203 1217 2240 latine
1256 2216 1314 2241 sc.
1346 2204 1493 2240 sciunt.
1526 2203 1603 2241 011‘.
1638 2201 1707 2250 Ill,

245 2265 286 2305 2.
319 2262 361 2304 9.
399 2267 593 2313 negant
635 2275 745 2299 eum
785 2261 952 2299 locum
995 2273 1017 2297 a
1056 2260 1311 2296 Panaetio
1361 2258 1707 2310 praetermis-

245 2334 377 2369 sum,
420 2319 513 2357 sed
554 2317 800 2355 consulto
842 2316 1093 2354 relictum
1135 2329 1190 2353 sc.
1239 2316 1395 2364 aiunt),
1439 2314 1514 2352 sed
1567 2313 1708 2351 durius

245 2379 302 2415 ita
345 2378 466 2414 etiam
510 2376 600 2412 fieri
640 2373 761 2411 docet
802 2373 943 2410 Madu.
986 2371 1036 2409 de
1077 2372 1170 2410 Fin.
1211 2384 1251 2422 p.
1292 2370 1382 2420 189,
1421 2371 1455 2408 si
1497 2376 1566 2408 aut
1607 2381 1707 2407 con-

246 2435 430 2471 tinuetur
462 2432 591 2470 oratio
622 2436 689 2466 aut
720 2430 886 2480 partitio
918 2430 1004 2466 fiat.
1077 2428 1143 2466 Cf.
1184 2426 1369 2478 exempla
1411 2427 1457 2464 ab
1500 2428 1580 2464 isto
1618 2425 1707 2463 lau-

246 2489 341 2526 data
380 2489 554 2526 haecce:
600 2485 651 2522 de
692 2486 784 2524 Fin.
826 2485 861 2534 l,
909 2486 971 2525 15.
1016 2484 1084 2525 61.
1126 2485 1183 2533 ll,
1225 2483 1295 2523 21.
1337 2482 1405 2524 68.
1446 2482 1517 2532 lv,
1557 2481 1596 2521 9.
1637 2481 1706 2520 22.

244 2545 333 2583 Iloc
375 2546 499 2595 igitur
538 2541 642 2580 nihil
676 2544 773 2580 noui
803 2543 951 2591 habet,
992 2541 1100 2592 quod
1137 2554 1185 2578 ex
1227 2538 1455 2590 negandi
1482 2539 1608 2575 uerbo
1634 2550 1707 2574 au-

247 2600 324 2639 diri
358 2604 523 2651 oportet
554 2599 727 2637 uerbum
763 2597 1105 2647 affirmandi,
1142 2597 1386 2647 praesertim
1425 2592 1563 2632 addita
1600 2597 1707 2644 part.

246 2661 319 2705 at3
358 2655 463 2694 illud
490 2653 761 2705 insolentius,
803 2653 911 2705 quod
942 2667 1048 2703 non,
1088 2658 1131 2691 ut
1174 2651 1415 2704 plerumque
1454 2650 1544 2688 fieri
1583 2648 1707 2699 solet,

245 2714 407 2750 obiecto
448 2711 555 2762 qnod
598 2716 745 2748 uocant
784 2712 994 2748 nominato
1041 2708 1169 2747 solnm
1215 2709 1379 2746 uerbum
1421 2710 1486 2744 est
1535 2705 1708 2744 audien-

243 2768 356 2820 dum,
392 2767 467 2806 sed
505 2768 673 2806 uerbum
718 2780 807 2804 cnm
852 2769 941 2818 ipso
981 2767 1166 2813 obiecto3
1219 2763 1350 2802 audiri
1394 2764 1502 2801 enim
1543 2765 1707 2815 oportet

1772 2824 1777 2947 ven—...⁴
1772 2772 1779 2785 ,,
1772 2708 1781 2728 ‚3
1772 2658 1781 2669 n
1774 2557 1781 2626 ,,,,Ν
1775 2355 1781 2412 ..ΗΠ
1777 2235 1781 2325 -Ἃᾼμ
