<?xml version="1.0" encoding="UTF-8"?>
<!DOCTYPE html PUBLIC "-//W3C//DTD XHTML 1.0 Transitional//EN"
    "http://www.w3.org/TR/xhtml1/DTD/xhtml1-transitional.dtd">
<html xmlns="http://www.w3.org/1999/xhtml" xml:lang="en" lang="en">
 <head>
  <title>
</title>
<meta http-equiv="Content-Type" content="text/html;charset=utf-8" />
  <meta name='ocr-system' content='tesseract 3.04.00' />
  <meta name='ocr-capabilities' content='ocr_page ocr_carea ocr_par ocr_line ocrx_word'/>
</head>
<body>
  <div class='ocr_page' id='page_1' title='image "./delegibuslibritr0102ciceuoft_0329.png"; bbox 0 0 1781 3192; ppageno 0'>
   <div class='ocr_carea' id='block_1_1' title="bbox 430 208 1524 256">
    <p class='ocr_par' dir='ltr' id='par_1_1' title="bbox 430 208 1524 256">
     <span class='ocr_line' id='line_1_1' title="bbox 430 208 1524 256; baseline -0.008 -1"><span class='ocrx_word' id='word_1_1' title='bbox 430 215 591 256; x_wconf 85' lang='lat' dir='ltr'><strong>LlBER</strong></span> <span class='ocrx_word' id='word_1_2' title='bbox 620 212 923 253; x_wconf 85' lang='lat' dir='ltr'>SECUNDUS.</span> <span class='ocrx_word' id='word_1_3' title='bbox 973 212 1070 252; x_wconf 66' lang='lat' dir='ltr'><strong>Cn.</strong></span> <span class='ocrx_word' id='word_1_4' title='bbox 1106 212 1155 250; x_wconf 88' lang='lat'><strong>11.</strong></span> <span class='ocrx_word' id='word_1_5' title='bbox 1438 208 1524 247; x_wconf 82' lang='lat'><strong>123</strong></span> 
     </span>
    </p>
   </div>
   <div class='ocr_carea' id='block_1_2' title="bbox 49 321 1520 2790">
    <p class='ocr_par' dir='ltr' id='par_1_2' title="bbox 58 321 1520 663">
     <span class='ocr_line' id='line_1_2' title="bbox 60 321 1520 383; baseline -0.009 -13"><span class='ocrx_word' id='word_1_6' title='bbox 60 333 152 383; x_wconf 82' lang='lat' dir='ltr'><strong>quia</strong></span> <span class='ocrx_word' id='word_1_7' title='bbox 197 331 443 382; x_wconf 76' lang='lat' dir='ltr'>anaphoram</span> <span class='ocrx_word' id='word_1_8' title='bbox 477 326 604 382; x_wconf 88' lang='lat' dir='ltr'><strong>(quae</strong></span> <span class='ocrx_word' id='word_1_9' title='bbox 636 326 798 364; x_wconf 92' lang='lat' dir='ltr'><strong>demum</strong></span> <span class='ocrx_word' id='word_1_10' title='bbox 843 339 864 363; x_wconf 82' lang='lat' dir='ltr'><strong>a</strong></span> <span class='ocrx_word' id='word_1_11' title='bbox 905 326 1042 364; x_wconf 89' lang='lat' dir='ltr'><strong>uerbis</strong></span> <span class='ocrx_word' id='word_1_12' title='bbox 1084 324 1201 361; x_wconf 87' lang='lat' dir='ltr'><strong>hinc</strong></span> <span class='ocrx_word' id='word_1_13' title='bbox 1238 321 1369 360; x_wconf 89' lang='lat' dir='ltr'><strong>enim</strong></span> <span class='ocrx_word' id='word_1_14' title='bbox 1412 323 1520 358; x_wconf 87' lang='lat' dir='ltr'><strong>orti</strong></span> 
     </span>
     <span class='ocr_line' id='line_1_3' title="bbox 59 377 1520 441; baseline -0.009 -15"><span class='ocrx_word' id='word_1_15' title='bbox 59 387 243 441; x_wconf 85' lang='lat' dir='ltr'><strong>orditur)</strong></span> <span class='ocrx_word' id='word_1_16' title='bbox 275 387 515 437; x_wconf 80' lang='lat' dir='ltr'><strong>interrumpi</strong></span> <span class='ocrx_word' id='word_1_17' title='bbox 556 385 740 436; x_wconf 82' lang='lat' dir='ltr'><strong>putabat,</strong></span> <span class='ocrx_word' id='word_1_18' title='bbox 779 381 987 420; x_wconf 86' lang='lat' dir='ltr'><strong>leuissima</strong></span> <span class='ocrx_word' id='word_1_19' title='bbox 1023 380 1177 419; x_wconf 90' lang='lat' dir='ltr'><strong>codicis</strong></span> <span class='ocrx_word' id='word_1_20' title='bbox 1209 378 1242 416; x_wconf 90' lang='lat' dir='ltr'>D</span> <span class='ocrx_word' id='word_1_21' title='bbox 1275 377 1520 415; x_wconf 86' lang='lat' dir='ltr'><strong>auctoritate</strong></span> 
     </span>
     <span class='ocr_line' id='line_1_4' title="bbox 59 436 1517 491; baseline -0.008 -9"><span class='ocrx_word' id='word_1_22' title='bbox 59 446 193 483; x_wconf 86' lang='lat' dir='ltr'><strong>enim</strong></span> <span class='ocrx_word' id='word_1_23' title='bbox 228 444 361 481; x_wconf 79' lang='lat' dir='ltr'><strong>omitti</strong></span> <span class='ocrx_word' id='word_1_24' title='bbox 403 440 549 491; x_wconf 82' lang='lat' dir='ltr'><strong>uoluit,</strong></span> <span class='ocrx_word' id='word_1_25' title='bbox 593 442 774 489; x_wconf 79' lang='lat' dir='ltr'><strong>itemque</strong></span> <span class='ocrx_word' id='word_1_26' title='bbox 812 451 885 490; x_wconf 92' lang='lat' dir='ltr'><strong>pro</strong></span> <span class='ocrx_word' id='word_1_27' title='bbox 927 436 1303 487; x_wconf 82' lang='lat' dir='ltr'><strong>antiquissima</strong></span> <span class='ocrx_word' id='word_1_28' title='bbox 1342 445 1517 471; x_wconf 84' lang='lat' dir='ltr'><strong>sumus</strong></span> 
     </span>
     <span class='ocr_line' id='line_1_5' title="bbox 59 490 1517 548; baseline -0.008 -10"><span class='ocrx_word' id='word_1_29' title='bbox 59 502 181 539; x_wconf 84' lang='lat' dir='ltr'><strong>scribi</strong></span> <span class='ocrx_word' id='word_1_30' title='bbox 223 501 442 548; x_wconf 85' lang='lat' dir='ltr'><strong>antiqua</strong></span> <span class='ocrx_word' id='word_1_31' title='bbox 484 510 675 546; x_wconf 85' lang='lat' dir='ltr'><strong>sumus,</strong></span> <span class='ocrx_word' id='word_1_32' title='bbox 721 497 813 546; x_wconf 84' lang='lat' dir='ltr'><strong>quia</strong></span> <span class='ocrx_word' id='word_1_33' title='bbox 842 509 862 531; x_wconf 87' lang='lat' dir='ltr'><strong>a</strong></span> <span class='ocrx_word' id='word_1_34' title='bbox 886 493 966 545; x_wconf 83' lang='lat' dir='ltr'><strong>pal.</strong></span> <span class='ocrx_word' id='word_1_35' title='bbox 1001 493 1041 533; x_wconf 65' lang='lat'><strong>4.</strong></span> <span class='ocrx_word' id='word_1_36' title='bbox 1085 498 1127 531; x_wconf 94' lang='lat' dir='ltr'><strong>et</strong></span> <span class='ocrx_word' id='word_1_37' title='bbox 1160 492 1282 529; x_wconf 85' lang='lat' dir='ltr'><strong>Fabr.</strong></span> <span class='ocrx_word' id='word_1_38' title='bbox 1315 490 1517 528; x_wconf 83' lang='lat' dir='ltr'><strong>Gruterus</strong></span> 
     </span>
     <span class='ocr_line' id='line_1_6' title="bbox 59 546 1518 603; baseline -0.008 -8"><span class='ocrx_word' id='word_1_39' title='bbox 59 570 231 595; x_wconf 81' lang='lat' dir='ltr'><strong>sumus</strong></span> <span class='ocrx_word' id='word_1_40' title='bbox 264 557 409 593; x_wconf 83' lang='lat' dir='ltr'><strong>abesse</strong></span> <span class='ocrx_word' id='word_1_41' title='bbox 441 554 612 592; x_wconf 80' lang='lat' dir='ltr'><strong>dixerat.</strong></span> <span class='ocrx_word' id='word_1_42' title='bbox 674 552 766 603; x_wconf 85' lang='lat' dir='ltr'><strong>lpse</strong></span> <span class='ocrx_word' id='word_1_43' title='bbox 799 552 917 589; x_wconf 86' lang='lat' dir='ltr'><strong>Grut.</strong></span> <span class='ocrx_word' id='word_1_44' title='bbox 951 564 1039 588; x_wconf 91' lang='lat' dir='ltr'><strong>cum</strong></span> <span class='ocrx_word' id='word_1_45' title='bbox 1078 550 1239 587; x_wconf 82' lang='lat' dir='ltr'><strong>Dauisio</strong></span> <span class='ocrx_word' id='word_1_46' title='bbox 1273 546 1405 584; x_wconf 89' lang='lat' dir='ltr'><strong>edidit</strong></span> <span class='ocrx_word' id='word_1_47' title='bbox 1435 557 1518 584; x_wconf 85' lang='lat' dir='ltr'><strong>an-</strong></span> 
     </span>
     <span class='ocr_line' id='line_1_7' title="bbox 58 610 727 663; baseline -0.007 -13"><span class='ocrx_word' id='word_1_48' title='bbox 58 613 371 663; x_wconf 85' lang='lat' dir='ltr'><strong>tiquissima</strong></span> <span class='ocrx_word' id='word_1_49' title='bbox 405 612 529 648; x_wconf 87' lang='lat' dir='ltr'><strong>uerbo</strong></span> <span class='ocrx_word' id='word_1_50' title='bbox 561 610 727 648; x_wconf 85' lang='lat' dir='ltr'><strong>omisso.</strong></span> 
     </span>
    </p>

    <p class='ocr_par' dir='ltr' id='par_1_3' title="bbox 55 659 1518 941">
     <span class='ocr_line' id='line_1_8' title="bbox 170 659 1517 716; baseline -0.007 -11"><span class='ocrx_word' id='word_1_51' title='bbox 170 666 363 715; x_wconf 84' lang='lat' dir='ltr'><strong>latius,</strong></span> <span class='ocrx_word' id='word_1_52' title='bbox 399 666 503 716; x_wconf 92' lang='lat' dir='ltr'><strong>quod</strong></span> <span class='ocrx_word' id='word_1_53' title='bbox 537 680 555 704; x_wconf 86' lang='lat' dir='ltr'><strong>a</strong></span> <span class='ocrx_word' id='word_1_54' title='bbox 590 666 784 703; x_wconf 77' lang='lat' dir='ltr'><strong>&#39;l&#39;urnebo</strong></span> <span class='ocrx_word' id='word_1_55' title='bbox 817 662 1145 701; x_wconf 81' lang='lat' dir='ltr'><strong>commendatum</strong></span> <span class='ocrx_word' id='word_1_56' title='bbox 1180 660 1276 698; x_wconf 91' lang='lat' dir='ltr'><strong>inde</strong></span> <span class='ocrx_word' id='word_1_57' title='bbox 1309 659 1517 697; x_wconf 85' lang='lat' dir='ltr'><strong>a&#39;Dauisio</strong></span> 
     </span>
     <span class='ocr_line' id='line_1_9' title="bbox 57 714 1516 773; baseline -0.005 -12"><span class='ocrx_word' id='word_1_58' title='bbox 57 736 183 773; x_wconf 84' lang='lat' dir='ltr'><strong>usque</strong></span> <span class='ocrx_word' id='word_1_59' title='bbox 206 722 254 761; x_wconf 81' lang='lat' dir='ltr'><strong>ad</strong></span> <span class='ocrx_word' id='word_1_60' title='bbox 281 723 445 760; x_wconf 80' lang='lat' dir='ltr'><strong>Bakium</strong></span> <span class='ocrx_word' id='word_1_61' title='bbox 473 722 693 760; x_wconf 85' lang='lat' dir='ltr'><strong>ediderunt</strong></span> <span class='ocrx_word' id='word_1_62' title='bbox 716 733 874 769; x_wconf 83' lang='lat' dir='ltr'><strong>omneS‚</strong></span> <span class='ocrx_word' id='word_1_63' title='bbox 898 721 1036 771; x_wconf 89' lang='lat' dir='ltr'><strong>recepi</strong></span> <span class='ocrx_word' id='word_1_64' title='bbox 1062 731 1108 755; x_wconf 72' lang='lat' dir='ltr'><strong>ex</strong></span> <span class='ocrx_word' id='word_1_65' title='bbox 1134 716 1253 755; x_wconf 85' lang='lat' dir='ltr'><strong>codd.</strong></span> <span class='ocrx_word' id='word_1_66' title='bbox 1279 716 1312 753; x_wconf 80' lang='grc' dir='ltr'>Ε</span> <span class='ocrx_word' id='word_1_67' title='bbox 1326 720 1367 753; x_wconf 88' lang='lat' dir='ltr'><strong>et</strong></span> <span class='ocrx_word' id='word_1_68' title='bbox 1380 714 1516 763; x_wconf 82' lang='lat' dir='ltr'><strong>Gd.2,</strong></span> 
     </span>
     <span class='ocr_line' id='line_1_10' title="bbox 57 770 1515 830; baseline -0.007 -13"><span class='ocrx_word' id='word_1_69' title='bbox 57 782 200 830; x_wconf 86' lang='lat' dir='ltr'><strong>quibus</strong></span> <span class='ocrx_word' id='word_1_70' title='bbox 232 778 339 816; x_wconf 89' lang='lat' dir='ltr'><strong>haud</strong></span> <span class='ocrx_word' id='word_1_71' title='bbox 374 778 496 816; x_wconf 89' lang='lat' dir='ltr'><strong>dubie</strong></span> <span class='ocrx_word' id='word_1_72' title='bbox 528 778 688 816; x_wconf 84' lang='lat' dir='ltr'><strong>accedit</strong></span> <span class='ocrx_word' id='word_1_73' title='bbox 716 775 741 815; x_wconf 76' lang='grc' dir='ltr'><em>ὃ</em></span> <span class='ocrx_word' id='word_1_74' title='bbox 777 782 818 815; x_wconf 91' lang='lat' dir='ltr'><strong>et</strong></span> <span class='ocrx_word' id='word_1_75' title='bbox 851 776 1049 815; x_wconf 78' lang='lat' dir='ltr'><strong>accedere</strong></span> <span class='ocrx_word' id='word_1_76' title='bbox 1081 775 1202 812; x_wconf 84' lang='lat' dir='ltr'><strong>etiam</strong></span> <span class='ocrx_word' id='word_1_77' title='bbox 1233 777 1333 824; x_wconf 91' lang='lat' dir='ltr'><strong>puto</strong></span> <span class='ocrx_word' id='word_1_78' title='bbox 1358 770 1515 819; x_wconf 77' lang='lat' dir='ltr'><strong>cod-C,</strong></span> 
     </span>
     <span class='ocr_line' id='line_1_11' title="bbox 57 826 1517 880; baseline -0.007 -7"><span class='ocrx_word' id='word_1_79' title='bbox 57 837 168 873; x_wconf 83' lang='lat' dir='ltr'><strong>cuius</strong></span> <span class='ocrx_word' id='word_1_80' title='bbox 202 837 244 873; x_wconf 77' lang='lat' dir='ltr'><strong>li.</strong></span> <span class='ocrx_word' id='word_1_81' title='bbox 277 834 305 872; x_wconf 91' lang='lat' dir='ltr'><strong>l.</strong></span> <span class='ocrx_word' id='word_1_82' title='bbox 337 835 484 872; x_wconf 81' lang='lat' dir='ltr'><strong>Bakius</strong></span> <span class='ocrx_word' id='word_1_83' title='bbox 518 836 767 873; x_wconf 84' lang='lat' dir='ltr'><strong>mentionem</strong></span> <span class='ocrx_word' id='word_1_84' title='bbox 802 846 880 871; x_wconf 91' lang='lat' dir='ltr'><strong>non</strong></span> <span class='ocrx_word' id='word_1_85' title='bbox 921 834 1045 880; x_wconf 83' lang='lat' dir='ltr'><strong>fecit3</strong></span> <span class='ocrx_word' id='word_1_86' title='bbox 1087 830 1285 868; x_wconf 85' lang='lat' dir='ltr'><strong>lautius</strong></span> <span class='ocrx_word' id='word_1_87' title='bbox 1319 840 1368 866; x_wconf 79' lang='lat' dir='ltr'><strong>ex</strong></span> <span class='ocrx_word' id='word_1_88' title='bbox 1399 826 1517 864; x_wconf 90' lang='lat' dir='ltr'><strong>dete-</strong></span> 
     </span>
     <span class='ocr_line' id='line_1_12' title="bbox 55 884 1518 941; baseline -0.004 -13"><span class='ocrx_word' id='word_1_89' title='bbox 55 893 232 930; x_wconf 84' lang='lat' dir='ltr'><strong>rioribus</strong></span> <span class='ocrx_word' id='word_1_90' title='bbox 266 893 543 941; x_wconf 86' lang='lat' dir='ltr'><strong>correctisque</strong></span> <span class='ocrx_word' id='word_1_91' title='bbox 577 891 697 929; x_wconf 82' lang='lat' dir='ltr'><strong>codd.</strong></span> <span class='ocrx_word' id='word_1_92' title='bbox 733 893 837 929; x_wconf 78' lang='lat' dir='ltr'><strong>[iet.</strong></span> <span class='ocrx_word' id='word_1_93' title='bbox 865 890 975 927; x_wconf 84' lang='lat' dir='ltr'><strong>Man.</strong></span> <span class='ocrx_word' id='word_1_94' title='bbox 1002 888 1143 926; x_wconf 86' lang='lat' dir='ltr'><strong>Lamb.</strong></span> <span class='ocrx_word' id='word_1_95' title='bbox 1171 886 1266 925; x_wconf 82' lang='lat' dir='ltr'><strong>Bak.</strong></span> <span class='ocrx_word' id='word_1_96' title='bbox 1287 884 1518 935; x_wconf 85' lang='lat' dir='ltr'><strong>Zumptius.</strong></span> 
     </span>
    </p>

    <p class='ocr_par' dir='ltr' id='par_1_4' title="bbox 53 943 1518 1220">
     <span class='ocr_line' id='line_1_13' title="bbox 169 943 1517 997; baseline -0.007 -12"><span class='ocrx_word' id='word_1_97' title='bbox 169 947 418 997; x_wconf 86' lang='lat' dir='ltr'><strong>Curiana]</strong></span> <span class='ocrx_word' id='word_1_98' title='bbox 480 949 591 985; x_wconf 91' lang='lat' dir='ltr'><strong>Dicit</strong></span> <span class='ocrx_word' id='word_1_99' title='bbox 630 947 766 985; x_wconf 89' lang='lat' dir='ltr'><strong>uillam</strong></span> <span class='ocrx_word' id='word_1_100' title='bbox 811 946 879 986; x_wconf 85' lang='grc' dir='ltr'><strong>Μ’.</strong></span> <span class='ocrx_word' id='word_1_101' title='bbox 922 946 1031 983; x_wconf 86' lang='lat' dir='ltr'><strong>Curii</strong></span> <span class='ocrx_word' id='word_1_102' title='bbox 1074 944 1253 991; x_wconf 80' lang='lat' dir='ltr'><strong>Dentati,</strong></span> <span class='ocrx_word' id='word_1_103' title='bbox 1299 943 1362 990; x_wconf 92' lang='lat' dir='ltr'><strong>qui</strong></span> <span class='ocrx_word' id='word_1_104' title='bbox 1394 951 1517 990; x_wconf 88' lang='lat' dir='ltr'><strong>prae-</strong></span> 
     </span>
     <span class='ocr_line' id='line_1_14' title="bbox 57 997 1518 1052; baseline -0.008 -10"><span class='ocrx_word' id='word_1_105' title='bbox 57 1003 164 1042; x_wconf 82' lang='lat' dir='ltr'><strong>clare</strong></span> <span class='ocrx_word' id='word_1_106' title='bbox 207 1003 257 1041; x_wconf 91' lang='lat' dir='ltr'><strong>de</strong></span> <span class='ocrx_word' id='word_1_107' title='bbox 290 1004 555 1052; x_wconf 76' lang='lat' dir='ltr'><strong>Samnitibus,</strong></span> <span class='ocrx_word' id='word_1_108' title='bbox 596 1004 647 1041; x_wconf 89' lang='lat' dir='ltr'><strong>de</strong></span> <span class='ocrx_word' id='word_1_109' title='bbox 678 1004 856 1052; x_wconf 80' lang='lat' dir='ltr'><strong>Sabinis,</strong></span> <span class='ocrx_word' id='word_1_110' title='bbox 896 1002 946 1039; x_wconf 88' lang='lat' dir='ltr'><strong>de</strong></span> <span class='ocrx_word' id='word_1_111' title='bbox 982 1001 1142 1051; x_wconf 67' lang='lat' dir='ltr'><strong>Pyrrho</strong></span> <span class='ocrx_word' id='word_1_112' title='bbox 1175 997 1444 1047; x_wconf 85' lang='lat' dir='ltr'><strong>triumphauit</strong></span> <span class='ocrx_word' id='word_1_113' title='bbox 1476 1002 1518 1032; x_wconf 89' lang='lat' dir='ltr'><strong>et</strong></span> 
     </span>
     <span class='ocr_line' id='line_1_15' title="bbox 56 1053 1518 1109; baseline -0.007 -12"><span class='ocrx_word' id='word_1_114' title='bbox 56 1066 280 1098; x_wconf 82' lang='lat' dir='ltr'><strong>extremum</strong></span> <span class='ocrx_word' id='word_1_115' title='bbox 309 1063 470 1109; x_wconf 86' lang='lat' dir='ltr'><strong>tempus</strong></span> <span class='ocrx_word' id='word_1_116' title='bbox 504 1062 649 1097; x_wconf 83' lang='lat' dir='ltr'><strong>aetatis</strong></span> <span class='ocrx_word' id='word_1_117' title='bbox 684 1059 912 1097; x_wconf 90' lang='lat' dir='ltr'><strong>consumsit</strong></span> <span class='ocrx_word' id='word_1_118' title='bbox 943 1059 983 1095; x_wconf 92' lang='lat' dir='ltr'><strong>in</strong></span> <span class='ocrx_word' id='word_1_119' title='bbox 1016 1057 1129 1094; x_wconf 89' lang='lat' dir='ltr'><strong>tenui</strong></span> <span class='ocrx_word' id='word_1_120' title='bbox 1160 1056 1236 1092; x_wconf 86' lang='lat' dir='ltr'><strong>hac</strong></span> <span class='ocrx_word' id='word_1_121' title='bbox 1265 1053 1379 1100; x_wconf 85' lang='lat' dir='ltr'><strong>uilla,</strong></span> <span class='ocrx_word' id='word_1_122' title='bbox 1414 1063 1518 1101; x_wconf 85' lang='lat' dir='ltr'><strong>quae</strong></span> 
     </span>
     <span class='ocr_line' id='line_1_16' title="bbox 53 1108 1514 1166; baseline -0.003 -14"><span class='ocrx_word' id='word_1_123' title='bbox 53 1116 160 1153; x_wconf 85' lang='lat' dir='ltr'><strong>haud</strong></span> <span class='ocrx_word' id='word_1_124' title='bbox 201 1113 342 1166; x_wconf 80' lang='lat' dir='ltr'><strong>procul</strong></span> <span class='ocrx_word' id='word_1_125' title='bbox 382 1116 523 1152; x_wconf 86' lang='lat' dir='ltr'><strong>aberat</strong></span> <span class='ocrx_word' id='word_1_126' title='bbox 565 1129 585 1152; x_wconf 92' lang='lat' dir='ltr'><strong>a</strong></span> <span class='ocrx_word' id='word_1_127' title='bbox 626 1116 840 1153; x_wconf 85' lang='lat' dir='ltr'><strong>Ciceronis</strong></span> <span class='ocrx_word' id='word_1_128' title='bbox 880 1112 1127 1151; x_wconf 85' lang='lat' dir='ltr'><strong>Tusculana.</strong></span> <span class='ocrx_word' id='word_1_129' title='bbox 1190 1110 1256 1148; x_wconf 88' lang='lat' dir='ltr'><strong>Cf.</strong></span> <span class='ocrx_word' id='word_1_130' title='bbox 1296 1108 1381 1147; x_wconf 90' lang='lat' dir='ltr'><strong>Cic.</strong></span> <span class='ocrx_word' id='word_1_131' title='bbox 1425 1109 1514 1147; x_wconf 88' lang='lat' dir='ltr'><strong>Cat.</strong></span> 
     </span>
     <span class='ocr_line' id='line_1_17' title="bbox 54 1165 1316 1220; baseline -0.006 -11"><span class='ocrx_word' id='word_1_132' title='bbox 54 1172 151 1210; x_wconf 83' lang='lat' dir='ltr'><strong>Mai.</strong></span> <span class='ocrx_word' id='word_1_133' title='bbox 189 1170 253 1219; x_wconf 79' lang='lat'><strong>16,</strong></span> <span class='ocrx_word' id='word_1_134' title='bbox 287 1169 338 1210; x_wconf 71' lang='grc'><strong>55</strong></span> <span class='ocrx_word' id='word_1_135' title='bbox 373 1174 415 1206; x_wconf 92' lang='lat' dir='ltr'><strong>et</strong></span> <span class='ocrx_word' id='word_1_136' title='bbox 445 1183 561 1220; x_wconf 89' lang='lat' dir='ltr'><strong>quem</strong></span> <span class='ocrx_word' id='word_1_137' title='bbox 596 1171 698 1209; x_wconf 82' lang='lat' dir='ltr'><strong>Mos.</strong></span> <span class='ocrx_word' id='word_1_138' title='bbox 731 1171 914 1208; x_wconf 89' lang='lat' dir='ltr'><strong>laudauit</strong></span> <span class='ocrx_word' id='word_1_139' title='bbox 945 1168 1173 1216; x_wconf 47' lang='lat' dir='ltr'><strong>Phineu.</strong></span> <span class='ocrx_word' id='word_1_140' title='bbox 1206 1180 1241 1205; x_wconf 88' lang='lat' dir='ltr'><strong>c.</strong></span> <span class='ocrx_word' id='word_1_141' title='bbox 1275 1165 1316 1205; x_wconf 81' lang='grc'><strong>2.</strong></span> 
     </span>
    </p>

    <p class='ocr_par' dir='ltr' id='par_1_5' title="bbox 53 1220 1517 1389">
     <span class='ocr_line' id='line_1_18' title="bbox 168 1220 1517 1276; baseline -0.007 -11"><span class='ocrx_word' id='word_1_142' title='bbox 168 1226 268 1265; x_wconf 90' lang='lat' dir='ltr'><strong>ille</strong></span> <span class='ocrx_word' id='word_1_143' title='bbox 300 1238 403 1276; x_wconf 85' lang='lat' dir='ltr'><strong>sap.</strong></span> <span class='ocrx_word' id='word_1_144' title='bbox 429 1226 525 1275; x_wconf 78' lang='lat' dir='ltr'><strong>uir]</strong></span> <span class='ocrx_word' id='word_1_145' title='bbox 575 1227 764 1265; x_wconf 84' lang='lat' dir='ltr'><strong>Laudant</strong></span> <span class='ocrx_word' id='word_1_146' title='bbox 788 1226 839 1263; x_wconf 91' lang='lat' dir='ltr'><strong>de</strong></span> <span class='ocrx_word' id='word_1_147' title='bbox 862 1225 938 1263; x_wconf 84' lang='lat' dir='ltr'><strong>hoc</strong></span> <span class='ocrx_word' id='word_1_148' title='bbox 964 1225 1093 1263; x_wconf 79' lang='lat' dir='ltr'><strong>Ulixis</strong></span> <span class='ocrx_word' id='word_1_149' title='bbox 1117 1222 1325 1260; x_wconf 88' lang='lat' dir='ltr'><strong>desiderio</strong></span> <span class='ocrx_word' id='word_1_150' title='bbox 1347 1220 1517 1270; x_wconf 84' lang='lat' dir='ltr'><strong>patriae.</strong></span> 
     </span>
     <span class='ocr_line' id='line_1_19' title="bbox 53 1274 1516 1332; baseline -0.005 -11"><span class='ocrx_word' id='word_1_151' title='bbox 53 1284 138 1322; x_wconf 88' lang='lat' dir='ltr'><strong>Cic.</strong></span> <span class='ocrx_word' id='word_1_152' title='bbox 180 1283 231 1321; x_wconf 90' lang='lat' dir='ltr'><strong>de</strong></span> <span class='ocrx_word' id='word_1_153' title='bbox 271 1283 339 1320; x_wconf 86' lang='lat' dir='ltr'><strong>Or.</strong></span> <span class='ocrx_word' id='word_1_154' title='bbox 382 1279 424 1332; x_wconf 85' lang='lat' dir='ltr'><strong>l,</strong></span> <span class='ocrx_word' id='word_1_155' title='bbox 457 1280 522 1322; x_wconf 72' lang='grc'><strong>44.</strong></span> <span class='ocrx_word' id='word_1_156' title='bbox 561 1282 652 1323; x_wconf 84' lang='grc'><strong>196.</strong></span> <span class='ocrx_word' id='word_1_157' title='bbox 696 1284 814 1321; x_wconf 86' lang='lat' dir='ltr'><strong>Hom.</strong></span> <span class='ocrx_word' id='word_1_158' title='bbox 847 1282 923 1320; x_wconf 75' lang='lat' dir='ltr'><strong>(ld.</strong></span> <span class='ocrx_word' id='word_1_159' title='bbox 959 1287 1026 1330; x_wconf 81' lang='lat' dir='ltr'><strong>A,</strong></span> <span class='ocrx_word' id='word_1_160' title='bbox 1059 1280 1124 1320; x_wconf 76' lang='lat'><strong>56.</strong></span> <span class='ocrx_word' id='word_1_161' title='bbox 1159 1283 1232 1328; x_wconf 73' lang='lat' dir='ltr'><strong>JJ,</strong></span> <span class='ocrx_word' id='word_1_162' title='bbox 1274 1274 1516 1317; x_wconf 78' lang='lat'><strong>219—225.</strong></span> 
     </span>
     <span class='ocr_line' id='line_1_20' title="bbox 54 1333 1373 1389; baseline -0.007 -8"><span class='ocrx_word' id='word_1_163' title='bbox 54 1341 130 1379; x_wconf 81' lang='lat' dir='ltr'><strong>Ou-</strong></span> <span class='ocrx_word' id='word_1_164' title='bbox 164 1354 210 1378; x_wconf 79' lang='lat' dir='ltr'><strong>ex</strong></span> <span class='ocrx_word' id='word_1_165' title='bbox 242 1339 361 1377; x_wconf 86' lang='lat' dir='ltr'><strong>Pont·</strong></span> <span class='ocrx_word' id='word_1_166' title='bbox 395 1339 426 1388; x_wconf 90' lang='grc' dir='ltr'><strong>Ι,</strong></span> <span class='ocrx_word' id='word_1_167' title='bbox 458 1338 497 1378; x_wconf 86' lang='grc'><strong>3.</strong></span> <span class='ocrx_word' id='word_1_168' title='bbox 531 1338 598 1379; x_wconf 86' lang='grc'><strong>33.</strong></span> <span class='ocrx_word' id='word_1_169' title='bbox 631 1340 706 1378; x_wconf 84' lang='lat' dir='ltr'><strong>Dio</strong></span> <span class='ocrx_word' id='word_1_170' title='bbox 741 1340 888 1389; x_wconf 77' lang='lat' dir='ltr'><strong>Chrys.</strong></span> <span class='ocrx_word' id='word_1_171' title='bbox 922 1338 1033 1376; x_wconf 80' lang='lat' dir='ltr'><strong>Orat.</strong></span> <span class='ocrx_word' id='word_1_172' title='bbox 1068 1336 1172 1375; x_wconf 87' lang='lat' dir='ltr'><strong>Xlii.</strong></span> <span class='ocrx_word' id='word_1_173' title='bbox 1206 1349 1246 1386; x_wconf 90' lang='lat' dir='ltr'><strong>p.</strong></span> <span class='ocrx_word' id='word_1_174' title='bbox 1277 1333 1373 1373; x_wconf 77' lang='lat'><strong>220.</strong></span> 
     </span>
    </p>

    <p class='ocr_par' dir='ltr' id='par_1_6' title="bbox 54 1390 1517 1726">
     <span class='ocr_line' id='line_1_21' title="bbox 167 1390 1517 1444; baseline -0.01 -6"><span class='ocrx_word' id='word_1_175' title='bbox 167 1397 246 1438; x_wconf 77' lang='grc' dir='ltr'><strong>ῙῙ.</strong></span> <span class='ocrx_word' id='word_1_176' title='bbox 318 1395 352 1444; x_wconf 58' lang='lat'><strong>§-</strong></span> <span class='ocrx_word' id='word_1_177' title='bbox 387 1394 425 1434; x_wconf 72' lang='grc'><strong>4.</strong></span> <span class='ocrx_word' id='word_1_178' title='bbox 499 1396 598 1433; x_wconf 86' lang='lat' dir='ltr'><strong>tibi</strong></span> <span class='ocrx_word' id='word_1_179' title='bbox 644 1397 801 1434; x_wconf 90' lang='lat' dir='ltr'><strong>istam</strong></span> <span class='ocrx_word' id='word_1_180' title='bbox 846 1392 1054 1442; x_wconf 86' lang='lat' dir='ltr'><strong>iustam]</strong></span> <span class='ocrx_word' id='word_1_181' title='bbox 1132 1393 1250 1431; x_wconf 88' lang='lat' dir='ltr'><strong>Hunc</strong></span> <span class='ocrx_word' id='word_1_182' title='bbox 1298 1390 1517 1427; x_wconf 86' lang='lat' dir='ltr'><strong>uerborum</strong></span> 
     </span>
     <span class='ocr_line' id='line_1_22' title="bbox 55 1446 1517 1490; baseline -0.007 0"><span class='ocrx_word' id='word_1_183' title='bbox 55 1452 241 1490; x_wconf 86' lang='lat' dir='ltr'><strong>ordinem</strong></span> <span class='ocrx_word' id='word_1_184' title='bbox 275 1450 483 1488; x_wconf 87' lang='lat' dir='ltr'><strong>codicibus</strong></span> <span class='ocrx_word' id='word_1_185' title='bbox 517 1450 583 1488; x_wconf 90' lang='lat' dir='ltr'><strong>uel</strong></span> <span class='ocrx_word' id='word_1_186' title='bbox 613 1453 788 1489; x_wconf 87' lang='lat' dir='ltr'><strong>maxime</strong></span> <span class='ocrx_word' id='word_1_187' title='bbox 811 1452 1017 1489; x_wconf 85' lang='lat' dir='ltr'><strong>firmatum</strong></span> <span class='ocrx_word' id='word_1_188' title='bbox 1042 1451 1190 1486; x_wconf 84' lang='lat' dir='ltr'><strong>merito</strong></span> <span class='ocrx_word' id='word_1_189' title='bbox 1215 1446 1363 1484; x_wconf 86' lang='lat' dir='ltr'><strong>Bakius</strong></span> <span class='ocrx_word' id='word_1_190' title='bbox 1395 1457 1517 1482; x_wconf 89' lang='lat' dir='ltr'><strong>reuo-</strong></span> 
     </span>
     <span class='ocr_line' id='line_1_23' title="bbox 55 1502 1516 1557; baseline -0.005 -12"><span class='ocrx_word' id='word_1_191' title='bbox 55 1510 175 1557; x_wconf 80' lang='lat' dir='ltr'><strong>cauit,</strong></span> <span class='ocrx_word' id='word_1_192' title='bbox 206 1519 293 1543; x_wconf 86' lang='lat' dir='ltr'><strong>cum</strong></span> <span class='ocrx_word' id='word_1_193' title='bbox 319 1511 413 1555; x_wconf 87' lang='lat' dir='ltr'><strong>post</strong></span> <span class='ocrx_word' id='word_1_194' title='bbox 440 1506 560 1545; x_wconf 90' lang='lat' dir='ltr'><strong>Grut.</strong></span> <span class='ocrx_word' id='word_1_195' title='bbox 592 1511 634 1544; x_wconf 86' lang='lat' dir='ltr'><strong>et</strong></span> <span class='ocrx_word' id='word_1_196' title='bbox 662 1508 868 1545; x_wconf 85' lang='lat' dir='ltr'><strong>Dauisium</strong></span> <span class='ocrx_word' id='word_1_197' title='bbox 894 1519 1053 1555; x_wconf 83' lang='lat' dir='ltr'><strong>omneS,</strong></span> <span class='ocrx_word' id='word_1_198' title='bbox 1082 1510 1125 1543; x_wconf 86' lang='lat' dir='ltr'><strong>ut</strong></span> <span class='ocrx_word' id='word_1_199' title='bbox 1152 1506 1193 1541; x_wconf 90' lang='lat' dir='ltr'><strong>in</strong></span> <span class='ocrx_word' id='word_1_200' title='bbox 1217 1515 1332 1554; x_wconf 88' lang='lat' dir='ltr'><strong>pron.</strong></span> <span class='ocrx_word' id='word_1_201' title='bbox 1364 1502 1516 1539; x_wconf 90' lang='lat' dir='ltr'><strong>istam</strong></span> 
     </span>
     <span class='ocr_line' id='line_1_24' title="bbox 57 1556 1516 1612; baseline -0.005 -12"><span class='ocrx_word' id='word_1_202' title='bbox 57 1562 220 1602; x_wconf 86' lang='lat' dir='ltr'><strong>dicendi</strong></span> <span class='ocrx_word' id='word_1_203' title='bbox 253 1560 412 1612; x_wconf 88' lang='lat' dir='ltr'><strong>pondus</strong></span> <span class='ocrx_word' id='word_1_204' title='bbox 446 1567 574 1612; x_wconf 83' lang='lat' dir='ltr'><strong>esset,</strong></span> <span class='ocrx_word' id='word_1_205' title='bbox 609 1563 698 1601; x_wconf 88' lang='lat' dir='ltr'><strong>sine</strong></span> <span class='ocrx_word' id='word_1_206' title='bbox 730 1565 835 1601; x_wconf 82' lang='lat' dir='ltr'><strong>iusta</strong></span> <span class='ocrx_word' id='word_1_207' title='bbox 868 1563 1053 1600; x_wconf 89' lang='lat' dir='ltr'><strong>codicum</strong></span> <span class='ocrx_word' id='word_1_208' title='bbox 1088 1560 1330 1598; x_wconf 83' lang='lat' dir='ltr'><strong>auctoritate</strong></span> <span class='ocrx_word' id='word_1_209' title='bbox 1358 1556 1516 1595; x_wconf 87' lang='lat' dir='ltr'><strong>edidis-</strong></span> 
     </span>
     <span class='ocr_line' id='line_1_25' title="bbox 56 1613 1517 1663; baseline -0.005 -6"><span class='ocrx_word' id='word_1_210' title='bbox 56 1626 147 1657; x_wconf 81' lang='lat' dir='ltr'><strong>sent</strong></span> <span class='ocrx_word' id='word_1_211' title='bbox 192 1620 344 1656; x_wconf 80' lang='lat' dir='ltr'><strong>istam</strong></span> <span class='ocrx_word' id='word_1_212' title='bbox 389 1619 501 1656; x_wconf 89' lang='lat' dir='ltr'><strong>tibi.</strong></span> <span class='ocrx_word' id='word_1_213' title='bbox 572 1620 623 1656; x_wconf 89' lang='lat' dir='ltr'><strong>At</strong></span> <span class='ocrx_word' id='word_1_214' title='bbox 662 1632 739 1657; x_wconf 89' lang='lat' dir='ltr'><strong>nec</strong></span> <span class='ocrx_word' id='word_1_215' title='bbox 781 1620 883 1657; x_wconf 86' lang='lat' dir='ltr'><strong>tibi</strong></span> <span class='ocrx_word' id='word_1_216' title='bbox 926 1632 1003 1657; x_wconf 89' lang='lat' dir='ltr'><strong>nec</strong></span> <span class='ocrx_word' id='word_1_217' title='bbox 1043 1620 1195 1655; x_wconf 90' lang='lat' dir='ltr'><strong>istam</strong></span> <span class='ocrx_word' id='word_1_218' title='bbox 1236 1615 1410 1663; x_wconf 85' lang='lat' dir='ltr'><strong>acuitur,</strong></span> <span class='ocrx_word' id='word_1_219' title='bbox 1442 1613 1517 1651; x_wconf 90' lang='lat' dir='ltr'><strong>sed</strong></span> 
     </span>
     <span class='ocr_line' id='line_1_26' title="bbox 54 1668 1515 1726; baseline -0.001 -14"><span class='ocrx_word' id='word_1_220' title='bbox 54 1677 244 1713; x_wconf 86' lang='lat' dir='ltr'><strong>iustam</strong></span> <span class='ocrx_word' id='word_1_221' title='bbox 278 1672 503 1711; x_wconf 85' lang='lat' dir='ltr'><strong>leuioribus</strong></span> <span class='ocrx_word' id='word_1_222' title='bbox 529 1677 731 1726; x_wconf 82' lang='lat' dir='ltr'><strong>utrimque</strong></span> <span class='ocrx_word' id='word_1_223' title='bbox 756 1676 893 1713; x_wconf 91' lang='lat' dir='ltr'><strong>uerbis</strong></span> <span class='ocrx_word' id='word_1_224' title='bbox 921 1674 1224 1725; x_wconf 86' lang='lat' dir='ltr'><strong>interpositum.</strong></span> <span class='ocrx_word' id='word_1_225' title='bbox 1256 1670 1319 1709; x_wconf 90' lang='lat' dir='ltr'><strong>Cf.</strong></span> <span class='ocrx_word' id='word_1_226' title='bbox 1343 1670 1394 1708; x_wconf 87' lang='lat' dir='ltr'><strong>ll.</strong></span> <span class='ocrx_word' id='word_1_227' title='bbox 1418 1671 1449 1720; x_wconf 56' lang='grc' dir='ltr'><strong>ᾧ.</strong></span> <span class='ocrx_word' id='word_1_228' title='bbox 1475 1668 1515 1709; x_wconf 86' lang='grc'><strong>9.</strong></span> 
     </span>
    </p>

    <p class='ocr_par' dir='ltr' id='par_1_7' title="bbox 51 1726 1517 2062">
     <span class='ocr_line' id='line_1_27' title="bbox 169 1726 1516 1770; baseline -0.002 -4"><span class='ocrx_word' id='word_1_229' title='bbox 169 1742 294 1768; x_wconf 88' lang='lat' dir='ltr'><strong>uere</strong></span> <span class='ocrx_word' id='word_1_230' title='bbox 327 1729 493 1768; x_wconf 86' lang='lat' dir='ltr'><strong>dicam</strong></span> <span class='ocrx_word' id='word_1_231' title='bbox 528 1732 551 1769; x_wconf 91' lang='lat' dir='ltr'><strong>i.</strong></span> <span class='ocrx_word' id='word_1_232' title='bbox 585 1744 622 1769; x_wconf 91' lang='lat' dir='ltr'><strong>e.</strong></span> <span class='ocrx_word' id='word_1_233' title='bbox 666 1745 801 1770; x_wconf 89' lang='lat' dir='ltr'><strong>ueram</strong></span> <span class='ocrx_word' id='word_1_234' title='bbox 845 1732 967 1769; x_wconf 89' lang='lat' dir='ltr'><strong>animi</strong></span> <span class='ocrx_word' id='word_1_235' title='bbox 1010 1731 1258 1768; x_wconf 89' lang='lat' dir='ltr'><strong>sententiam</strong></span> <span class='ocrx_word' id='word_1_236' title='bbox 1300 1726 1516 1765; x_wconf 76' lang='lat' dir='ltr'><strong>declarabo</strong></span> 
     </span>
     <span class='ocr_line' id='line_1_28' title="bbox 53 1781 1515 1841; baseline -0.001 -15"><span class='ocrx_word' id='word_1_237' title='bbox 53 1786 134 1841; x_wconf 86' lang='lat' dir='ltr'><strong>(cf.</strong></span> <span class='ocrx_word' id='word_1_238' title='bbox 169 1786 220 1823; x_wconf 84' lang='lat' dir='ltr'><strong>de</strong></span> <span class='ocrx_word' id='word_1_239' title='bbox 253 1785 322 1823; x_wconf 90' lang='grc' dir='ltr'><strong>Οι·.</strong></span> <span class='ocrx_word' id='word_1_240' title='bbox 353 1781 412 1835; x_wconf 85' lang='grc' dir='ltr'><strong>ΙΙ,</strong></span> <span class='ocrx_word' id='word_1_241' title='bbox 445 1784 485 1825; x_wconf 78' lang='grc'><strong>4.</strong></span> <span class='ocrx_word' id='word_1_242' title='bbox 522 1787 584 1827; x_wconf 84' lang='grc'><strong>15.</strong></span> <span class='ocrx_word' id='word_1_243' title='bbox 618 1787 737 1825; x_wconf 86' lang='lat' dir='ltr'><strong>Halm</strong></span> <span class='ocrx_word' id='word_1_244' title='bbox 771 1801 843 1839; x_wconf 82' lang='lat' dir='ltr'><strong>pro</strong></span> <span class='ocrx_word' id='word_1_245' title='bbox 876 1788 981 1825; x_wconf 75' lang='lat' dir='ltr'><strong>Sest.</strong></span> <span class='ocrx_word' id='word_1_246' title='bbox 1012 1800 1053 1838; x_wconf 90' lang='lat' dir='ltr'><strong>p.</strong></span> <span class='ocrx_word' id='word_1_247' title='bbox 1089 1783 1229 1838; x_wconf 79' lang='lat'><strong>123.);</strong></span> <span class='ocrx_word' id='word_1_248' title='bbox 1271 1788 1311 1821; x_wconf 86' lang='lat' dir='ltr'><strong>at</strong></span> <span class='ocrx_word' id='word_1_249' title='bbox 1342 1795 1515 1821; x_wconf 84' lang='lat' dir='ltr'><strong>uerum</strong></span> 
     </span>
     <span class='ocr_line' id='line_1_29' title="bbox 53 1838 1517 1895; baseline -0.005 -13"><span class='ocrx_word' id='word_1_250' title='bbox 53 1844 235 1882; x_wconf 84' lang='lat' dir='ltr'><strong>dicere</strong></span> <span class='ocrx_word' id='word_1_251' title='bbox 270 1840 329 1895; x_wconf 49' lang='grc' dir='ltr'><strong>(ᾖ.</strong></span> <span class='ocrx_word' id='word_1_252' title='bbox 363 1840 430 1894; x_wconf 90' lang='grc'><strong>3.)</strong></span> <span class='ocrx_word' id='word_1_253' title='bbox 461 1847 526 1880; x_wconf 86' lang='lat' dir='ltr'><strong>est</strong></span> <span class='ocrx_word' id='word_1_254' title='bbox 562 1843 702 1881; x_wconf 83' lang='lat' dir='ltr'><strong>dicere</strong></span> <span class='ocrx_word' id='word_1_255' title='bbox 735 1844 842 1894; x_wconf 90' lang='lat' dir='ltr'><strong>quod</strong></span> <span class='ocrx_word' id='word_1_256' title='bbox 874 1856 1018 1881; x_wconf 88' lang='lat' dir='ltr'><strong>uerum</strong></span> <span class='ocrx_word' id='word_1_257' title='bbox 1052 1847 1133 1880; x_wconf 87' lang='lat' dir='ltr'><strong>est.</strong></span> <span class='ocrx_word' id='word_1_258' title='bbox 1195 1842 1284 1878; x_wconf 73' lang='lat' dir='ltr'><strong>Non</strong></span> <span class='ocrx_word' id='word_1_259' title='bbox 1309 1838 1517 1877; x_wconf 82' lang='lat' dir='ltr'><strong>intellexit</strong></span> 
     </span>
     <span class='ocr_line' id='line_1_30' title="bbox 52 1895 1515 1949; baseline -0.003 -12"><span class='ocrx_word' id='word_1_260' title='bbox 52 1900 130 1938; x_wconf 89' lang='lat' dir='ltr'><strong>hoc</strong></span> <span class='ocrx_word' id='word_1_261' title='bbox 162 1911 239 1936; x_wconf 85' lang='lat' dir='ltr'><strong>nec</strong></span> <span class='ocrx_word' id='word_1_262' title='bbox 271 1898 475 1947; x_wconf 65' lang='lat' dir='ltr'><strong>moseum,</strong></span> <span class='ocrx_word' id='word_1_263' title='bbox 509 1901 576 1949; x_wconf 86' lang='lat' dir='ltr'><strong>qui</strong></span> <span class='ocrx_word' id='word_1_264' title='bbox 609 1912 727 1937; x_wconf 91' lang='lat' dir='ltr'><strong>uere</strong></span> <span class='ocrx_word' id='word_1_265' title='bbox 760 1900 944 1938; x_wconf 83' lang='lat' dir='ltr'><strong>dicere</strong></span> <span class='ocrx_word' id='word_1_266' title='bbox 981 1898 1090 1936; x_wconf 91' lang='lat' dir='ltr'><strong>idem</strong></span> <span class='ocrx_word' id='word_1_267' title='bbox 1136 1909 1230 1935; x_wconf 86' lang='lat' dir='ltr'><strong>esse</strong></span> <span class='ocrx_word' id='word_1_268' title='bbox 1262 1895 1364 1933; x_wconf 78' lang='lat' dir='ltr'><strong>dixit</strong></span> <span class='ocrx_word' id='word_1_269' title='bbox 1395 1900 1515 1945; x_wconf 90' lang='lat' dir='ltr'><strong>atque</strong></span> 
     </span>
     <span class='ocr_line' id='line_1_31' title="bbox 53 1952 1515 2007; baseline -0.003 -14"><span class='ocrx_word' id='word_1_270' title='bbox 53 1955 192 1993; x_wconf 87' lang='lat' dir='ltr'><strong>dicere</strong></span> <span class='ocrx_word' id='word_1_271' title='bbox 224 1952 331 2004; x_wconf 92' lang='lat' dir='ltr'><strong>quod</strong></span> <span class='ocrx_word' id='word_1_272' title='bbox 362 1967 502 1992; x_wconf 85' lang='lat' dir='ltr'><strong>uerum</strong></span> <span class='ocrx_word' id='word_1_273' title='bbox 533 1960 612 2006; x_wconf 85' lang='lat' dir='ltr'><strong>est,</strong></span> <span class='ocrx_word' id='word_1_274' title='bbox 645 1969 722 1994; x_wconf 89' lang='lat' dir='ltr'><strong>nec</strong></span> <span class='ocrx_word' id='word_1_275' title='bbox 751 1956 917 2007; x_wconf 84' lang='lat' dir='ltr'><strong>Bakius,</strong></span> <span class='ocrx_word' id='word_1_276' title='bbox 961 1956 1027 2006; x_wconf 90' lang='lat' dir='ltr'><strong>qui</strong></span> <span class='ocrx_word' id='word_1_277' title='bbox 1060 1955 1166 1992; x_wconf 86' lang='lat' dir='ltr'><strong>hanc</strong></span> <span class='ocrx_word' id='word_1_278' title='bbox 1198 1953 1354 1991; x_wconf 81' lang='lat' dir='ltr'><strong>Moseri</strong></span> <span class='ocrx_word' id='word_1_279' title='bbox 1384 1953 1515 1990; x_wconf 89' lang='lat' dir='ltr'><strong>inter-</strong></span> 
     </span>
     <span class='ocr_line' id='line_1_32' title="bbox 51 2011 561 2062; baseline 0 -13"><span class='ocrx_word' id='word_1_280' title='bbox 51 2011 324 2062; x_wconf 84' lang='lat' dir='ltr'><strong>pretationem</strong></span> <span class='ocrx_word' id='word_1_281' title='bbox 358 2012 561 2060; x_wconf 86' lang='lat' dir='ltr'><strong>probauit.</strong></span> 
     </span>
    </p>

    <p class='ocr_par' dir='ltr' id='par_1_8' title="bbox 49 2063 1516 2667">
     <span class='ocr_line' id='line_1_33' title="bbox 166 2063 1516 2119; baseline -0.001 -16"><span class='ocrx_word' id='word_1_282' title='bbox 166 2065 249 2103; x_wconf 90' lang='lat' dir='ltr'><strong>illi</strong></span> <span class='ocrx_word' id='word_1_283' title='bbox 283 2065 465 2115; x_wconf 85' lang='lat' dir='ltr'><strong>uillae]</strong></span> <span class='ocrx_word' id='word_1_284' title='bbox 536 2067 634 2105; x_wconf 88' lang='lat' dir='ltr'><strong>Sine</strong></span> <span class='ocrx_word' id='word_1_285' title='bbox 673 2081 794 2106; x_wconf 86' lang='lat' dir='ltr'><strong>causa</strong></span> <span class='ocrx_word' id='word_1_286' title='bbox 836 2072 878 2105; x_wconf 89' lang='lat' dir='ltr'><strong>et</strong></span> <span class='ocrx_word' id='word_1_287' title='bbox 918 2068 1021 2119; x_wconf 89' lang='lat' dir='ltr'><strong>ipsi</strong></span> <span class='ocrx_word' id='word_1_288' title='bbox 1066 2070 1208 2105; x_wconf 90' lang='lat' dir='ltr'><strong>contra</strong></span> <span class='ocrx_word' id='word_1_289' title='bbox 1260 2063 1364 2103; x_wconf 90' lang='lat' dir='ltr'><strong>codd</strong></span> <span class='ocrx_word' id='word_1_290' title='bbox 1424 2076 1516 2102; x_wconf 90' lang='lat' dir='ltr'><strong>cor-</strong></span> 
     </span>
     <span class='ocr_line' id='line_1_34' title="bbox 51 2122 1515 2172; baseline -0.002 -12"><span class='ocrx_word' id='word_1_291' title='bbox 51 2127 244 2160; x_wconf 87' lang='lat' dir='ltr'><strong>rexerunt</strong></span> <span class='ocrx_word' id='word_1_292' title='bbox 275 2122 541 2172; x_wconf 72' lang='lat' dir='ltr'><strong>antiquiores,</strong></span> <span class='ocrx_word' id='word_1_293' title='bbox 572 2128 616 2161; x_wconf 89' lang='lat' dir='ltr'><strong>ut</strong></span> <span class='ocrx_word' id='word_1_294' title='bbox 646 2124 760 2162; x_wconf 83' lang='lat' dir='ltr'><strong>Man.</strong></span> <span class='ocrx_word' id='word_1_295' title='bbox 784 2124 926 2162; x_wconf 90' lang='lat' dir='ltr'><strong>Lamb.</strong></span> <span class='ocrx_word' id='word_1_296' title='bbox 961 2128 1003 2161; x_wconf 93' lang='lat' dir='ltr'><strong>et</strong></span> <span class='ocrx_word' id='word_1_297' title='bbox 1023 2125 1116 2161; x_wconf 87' lang='lat' dir='ltr'><strong>isti</strong></span> <span class='ocrx_word' id='word_1_298' title='bbox 1141 2123 1303 2160; x_wconf 88' lang='lat' dir='ltr'><strong>Bakius.</strong></span> <span class='ocrx_word' id='word_1_299' title='bbox 1360 2122 1515 2169; x_wconf 78' lang='lat' dir='ltr'><strong>Quem-</strong></span> 
     </span>
     <span class='ocr_line' id='line_1_35' title="bbox 51 2177 1515 2229; baseline -0.002 -13"><span class='ocrx_word' id='word_1_300' title='bbox 51 2177 268 2216; x_wconf 90' lang='lat' dir='ltr'><strong>admodum</strong></span> <span class='ocrx_word' id='word_1_301' title='bbox 300 2189 392 2214; x_wconf 86' lang='lat' dir='ltr'><strong>mox</strong></span> <span class='ocrx_word' id='word_1_302' title='bbox 425 2177 524 2216; x_wconf 89' lang='lat' dir='ltr'><strong>dicit</strong></span> <span class='ocrx_word' id='word_1_303' title='bbox 553 2180 672 2217; x_wconf 93' lang='lat' dir='ltr'><strong>huic</strong></span> <span class='ocrx_word' id='word_1_304' title='bbox 705 2180 845 2218; x_wconf 90' lang='lat' dir='ltr'><strong>omni</strong></span> <span class='ocrx_word' id='word_1_305' title='bbox 878 2178 1040 2229; x_wconf 61' lang='lat' dir='ltr'><strong>solo?</strong></span> <span class='ocrx_word' id='word_1_306' title='bbox 1062 2178 1169 2229; x_wconf 91' lang='lat' dir='ltr'><strong>quod</strong></span> <span class='ocrx_word' id='word_1_307' title='bbox 1209 2179 1249 2215; x_wconf 89' lang='lat' dir='ltr'><strong>in</strong></span> <span class='ocrx_word' id='word_1_308' title='bbox 1292 2188 1340 2214; x_wconf 90' lang='lat' dir='ltr'><strong>eo</strong></span> <span class='ocrx_word' id='word_1_309' title='bbox 1372 2189 1515 2213; x_wconf 88' lang='lat' dir='ltr'><strong>uersa-</strong></span> 
     </span>
     <span class='ocr_line' id='line_1_36' title="bbox 51 2233 1514 2286; baseline -0.002 -14"><span class='ocrx_word' id='word_1_310' title='bbox 51 2240 190 2283; x_wconf 88' lang='lat' dir='ltr'><strong>retur,</strong></span> <span class='ocrx_word' id='word_1_311' title='bbox 238 2235 293 2271; x_wconf 90' lang='lat' dir='ltr'><strong>ita</strong></span> <span class='ocrx_word' id='word_1_312' title='bbox 338 2237 502 2284; x_wconf 90' lang='lat' dir='ltr'><strong>poterat</strong></span> <span class='ocrx_word' id='word_1_313' title='bbox 549 2235 714 2285; x_wconf 83' lang='lat' dir='ltr'><strong>uillam,</strong></span> <span class='ocrx_word' id='word_1_314' title='bbox 764 2249 785 2273; x_wconf 90' lang='lat' dir='ltr'><strong>a</strong></span> <span class='ocrx_word' id='word_1_315' title='bbox 828 2248 904 2286; x_wconf 89' lang='lat' dir='ltr'><strong>qua</strong></span> <span class='ocrx_word' id='word_1_316' title='bbox 952 2249 1040 2274; x_wconf 91' lang='lat' dir='ltr'><strong>cum</strong></span> <span class='ocrx_word' id='word_1_317' title='bbox 1085 2236 1237 2283; x_wconf 79' lang='lat' dir='ltr'><strong>Quinto</strong></span> <span class='ocrx_word' id='word_1_318' title='bbox 1287 2237 1330 2270; x_wconf 90' lang='lat' dir='ltr'><strong>et</strong></span> <span class='ocrx_word' id='word_1_319' title='bbox 1373 2233 1514 2270; x_wconf 84' lang='lat' dir='ltr'><strong>Marco</strong></span> 
     </span>
     <span class='ocr_line' id='line_1_37' title="bbox 52 2288 1514 2343; baseline -0.002 -15"><span class='ocrx_word' id='word_1_320' title='bbox 52 2288 261 2328; x_wconf 89' lang='lat' dir='ltr'><strong>ambulans</strong></span> <span class='ocrx_word' id='word_1_321' title='bbox 295 2288 543 2340; x_wconf 91' lang='lat' dir='ltr'><strong>aliquantum</strong></span> <span class='ocrx_word' id='word_1_322' title='bbox 579 2292 846 2342; x_wconf 78' lang='lat' dir='ltr'><strong>discesserat,</strong></span> <span class='ocrx_word' id='word_1_323' title='bbox 877 2293 1122 2343; x_wconf 86' lang='lat' dir='ltr'><strong>pronomine</strong></span> <span class='ocrx_word' id='word_1_324' title='bbox 1151 2289 1249 2328; x_wconf 92' lang='lat' dir='ltr'><strong>ille</strong></span> <span class='ocrx_word' id='word_1_325' title='bbox 1282 2293 1514 2326; x_wconf 87' lang='lat' dir='ltr'><strong>monstrare</strong></span> 
     </span>
     <span class='ocr_line' id='line_1_38' title="bbox 49 2344 1513 2396; baseline -0.001 -12"><span class='ocrx_word' id='word_1_326' title='bbox 49 2351 254 2396; x_wconf 88' lang='lat' dir='ltr'><strong>tamquam</strong></span> <span class='ocrx_word' id='word_1_327' title='bbox 296 2345 459 2395; x_wconf 80' lang='lat' dir='ltr'><strong>longius</strong></span> <span class='ocrx_word' id='word_1_328' title='bbox 500 2361 521 2385; x_wconf 87' lang='lat' dir='ltr'><strong>a</strong></span> <span class='ocrx_word' id='word_1_329' title='bbox 565 2361 610 2386; x_wconf 90' lang='lat' dir='ltr'><strong>se</strong></span> <span class='ocrx_word' id='word_1_330' title='bbox 649 2353 865 2388; x_wconf 87' lang='lat' dir='ltr'><strong>remotam.</strong></span> <span class='ocrx_word' id='word_1_331' title='bbox 925 2348 1086 2386; x_wconf 86' lang='lat' dir='ltr'><strong>Deinde</strong></span> <span class='ocrx_word' id='word_1_332' title='bbox 1116 2347 1226 2384; x_wconf 91' lang='lat' dir='ltr'><strong>idem</strong></span> <span class='ocrx_word' id='word_1_333' title='bbox 1258 2344 1407 2384; x_wconf 84' lang='lat' dir='ltr'><strong>Bakius</strong></span> <span class='ocrx_word' id='word_1_334' title='bbox 1438 2357 1513 2396; x_wconf 87' lang='lat' dir='ltr'><strong>pro</strong></span> 
     </span>
     <span class='ocr_line' id='line_1_39' title="bbox 50 2401 1514 2454; baseline -0.001 -14"><span class='ocrx_word' id='word_1_335' title='bbox 50 2402 200 2440; x_wconf 90' lang='lat' dir='ltr'><strong>modo</strong></span> <span class='ocrx_word' id='word_1_336' title='bbox 233 2402 494 2441; x_wconf 84' lang='lat' dir='ltr'><strong>commendat</strong></span> <span class='ocrx_word' id='word_1_337' title='bbox 526 2406 708 2454; x_wconf 81' lang='lat' dir='ltr'><strong>etiam,</strong></span> <span class='ocrx_word' id='word_1_338' title='bbox 755 2405 860 2441; x_wconf 91' lang='lat' dir='ltr'><strong>hanc</strong></span> <span class='ocrx_word' id='word_1_339' title='bbox 892 2407 1189 2442; x_wconf 89' lang='lat' dir='ltr'><strong>correctionem</strong></span> <span class='ocrx_word' id='word_1_340' title='bbox 1228 2401 1378 2440; x_wconf 89' lang='lat' dir='ltr'><strong>mendo</strong></span> <span class='ocrx_word' id='word_1_341' title='bbox 1416 2413 1514 2452; x_wconf 86' lang='lat' dir='ltr'><strong>pes-</strong></span> 
     </span>
     <span class='ocr_line' id='line_1_40' title="bbox 52 2456 1513 2510; baseline -0.001 -14"><span class='ocrx_word' id='word_1_342' title='bbox 52 2461 145 2496; x_wconf 84' lang='lat' dir='ltr'><strong>simi</strong></span> <span class='ocrx_word' id='word_1_343' title='bbox 178 2456 266 2496; x_wconf 91' lang='lat' dir='ltr'><strong>cod.</strong></span> <span class='ocrx_word' id='word_1_344' title='bbox 299 2465 332 2492; x_wconf 74' lang='grc' dir='ltr'>α</span> <span class='ocrx_word' id='word_1_345' title='bbox 365 2462 417 2495; x_wconf 88' lang='lat' dir='ltr'><strong>et</strong></span> <span class='ocrx_word' id='word_1_346' title='bbox 446 2460 626 2497; x_wconf 82' lang='lat' dir='ltr'><strong>amodo</strong></span> <span class='ocrx_word' id='word_1_347' title='bbox 658 2461 888 2498; x_wconf 89' lang='lat' dir='ltr'><strong>confirmari</strong></span> <span class='ocrx_word' id='word_1_348' title='bbox 927 2465 1053 2499; x_wconf 84' lang='lat' dir='ltr'><strong>ratus.</strong></span> <span class='ocrx_word' id='word_1_349' title='bbox 1113 2461 1168 2498; x_wconf 88' lang='lat' dir='ltr'><strong>At</strong></span> <span class='ocrx_word' id='word_1_350' title='bbox 1196 2459 1380 2510; x_wconf 86' lang='lat' dir='ltr'><strong>pertinet</strong></span> <span class='ocrx_word' id='word_1_351' title='bbox 1410 2456 1513 2495; x_wconf 92' lang='lat' dir='ltr'><strong>illud</strong></span> 
     </span>
     <span class='ocr_line' id='line_1_41' title="bbox 51 2514 1511 2566; baseline -0.001 -14"><span class='ocrx_word' id='word_1_352' title='bbox 51 2514 102 2552; x_wconf 83' lang='lat' dir='ltr'><strong>ad</strong></span> <span class='ocrx_word' id='word_1_353' title='bbox 129 2519 290 2564; x_wconf 86' lang='lat' dir='ltr'><strong>tempus</strong></span> <span class='ocrx_word' id='word_1_354' title='bbox 326 2517 366 2551; x_wconf 87' lang='lat' dir='ltr'><strong>et</strong></span> <span class='ocrx_word' id='word_1_355' title='bbox 397 2514 616 2564; x_wconf 78' lang='lat' dir='ltr'><strong>significat,</strong></span> <span class='ocrx_word' id='word_1_356' title='bbox 649 2515 755 2566; x_wconf 93' lang='lat' dir='ltr'><strong>quod</strong></span> <span class='ocrx_word' id='word_1_357' title='bbox 785 2528 859 2553; x_wconf 91' lang='lat' dir='ltr'><strong>nos</strong></span> <span class='ocrx_word' id='word_1_358' title='bbox 883 2516 1054 2554; x_wconf 88' lang='lat' dir='ltr'><strong>dicimus</strong></span> <span class='ocrx_word' id='word_1_359' title='bbox 1076 2517 1216 2555; x_wconf 89' lang='lat' dir='ltr'><strong>eben.</strong></span> <span class='ocrx_word' id='word_1_360' title='bbox 1264 2515 1511 2552; x_wconf 84' lang='lat' dir='ltr'><strong>Amiciorem</strong></span> 
     </span>
     <span class='ocr_line' id='line_1_42' title="bbox 51 2568 1513 2623; baseline -0.001 -15"><span class='ocrx_word' id='word_1_361' title='bbox 51 2575 185 2609; x_wconf 89' lang='lat' dir='ltr'><strong>autem</strong></span> <span class='ocrx_word' id='word_1_362' title='bbox 214 2569 272 2607; x_wconf 89' lang='lat' dir='ltr'><strong>illi</strong></span> <span class='ocrx_word' id='word_1_363' title='bbox 307 2568 429 2608; x_wconf 84' lang='lat' dir='ltr'><strong>uillae</strong></span> <span class='ocrx_word' id='word_1_364' title='bbox 459 2583 504 2607; x_wconf 90' lang='lat' dir='ltr'><strong>se</strong></span> <span class='ocrx_word' id='word_1_365' title='bbox 535 2571 656 2609; x_wconf 91' lang='lat' dir='ltr'><strong>modo</strong></span> <span class='ocrx_word' id='word_1_366' title='bbox 686 2573 838 2610; x_wconf 87' lang='lat' dir='ltr'><strong>factum</strong></span> <span class='ocrx_word' id='word_1_367' title='bbox 871 2583 966 2610; x_wconf 88' lang='lat' dir='ltr'><strong>esse</strong></span> <span class='ocrx_word' id='word_1_368' title='bbox 997 2572 1099 2610; x_wconf 90' lang='lat' dir='ltr'><strong>dicit</strong></span> <span class='ocrx_word' id='word_1_369' title='bbox 1138 2575 1376 2623; x_wconf 88' lang='lat' dir='ltr'><strong>propterea,</strong></span> <span class='ocrx_word' id='word_1_370' title='bbox 1419 2570 1513 2620; x_wconf 86' lang='lat' dir='ltr'><strong>quia</strong></span> 
     </span>
     <span class='ocr_line' id='line_1_43' title="bbox 51 2626 1000 2667; baseline 0.003 -3"><span class='ocrx_word' id='word_1_371' title='bbox 51 2628 93 2664; x_wconf 89' lang='lat' dir='ltr'><strong>in</strong></span> <span class='ocrx_word' id='word_1_372' title='bbox 125 2640 173 2665; x_wconf 86' lang='lat' dir='ltr'><strong>ea</strong></span> <span class='ocrx_word' id='word_1_373' title='bbox 202 2626 446 2665; x_wconf 88' lang='lat' dir='ltr'><strong>Ciceronem</strong></span> <span class='ocrx_word' id='word_1_374' title='bbox 478 2632 619 2665; x_wconf 86' lang='lat' dir='ltr'><strong>natum</strong></span> <span class='ocrx_word' id='word_1_375' title='bbox 649 2640 742 2666; x_wconf 89' lang='lat' dir='ltr'><strong>esse</strong></span> <span class='ocrx_word' id='word_1_376' title='bbox 773 2626 1000 2667; x_wconf 88' lang='lat' dir='ltr'><strong>audiuerat.</strong></span> 
     </span>
    </p>

    <p class='ocr_par' dir='ltr' id='par_1_9' title="bbox 51 2681 1512 2790">
     <span class='ocr_line' id='line_1_44' title="bbox 163 2681 1511 2734; baseline -0.002 -13"><span class='ocrx_word' id='word_1_377' title='bbox 163 2684 310 2734; x_wconf 87' lang='lat' dir='ltr'><strong>ipsae</strong></span> <span class='ocrx_word' id='word_1_378' title='bbox 349 2681 501 2733; x_wconf 88' lang='lat' dir='ltr'><strong>illae]</strong></span> <span class='ocrx_word' id='word_1_379' title='bbox 573 2685 607 2722; x_wconf 95' lang='lat' dir='ltr'><strong>A</strong></span> <span class='ocrx_word' id='word_1_380' title='bbox 645 2682 829 2734; x_wconf 82' lang='lat' dir='ltr'><strong>generali</strong></span> <span class='ocrx_word' id='word_1_381' title='bbox 868 2684 1093 2734; x_wconf 80' lang='lat' dir='ltr'><strong>sententia,</strong></span> <span class='ocrx_word' id='word_1_382' title='bbox 1136 2694 1239 2734; x_wconf 90' lang='lat' dir='ltr'><strong>quae</strong></span> <span class='ocrx_word' id='word_1_383' title='bbox 1279 2681 1331 2719; x_wconf 91' lang='lat' dir='ltr'><strong>ad</strong></span> <span class='ocrx_word' id='word_1_384' title='bbox 1370 2692 1511 2719; x_wconf 86' lang='lat' dir='ltr'><strong>omnes</strong></span> 
     </span>
     <span class='ocr_line' id='line_1_45' title="bbox 51 2736 1512 2790; baseline 0 -14"><span class='ocrx_word' id='word_1_385' title='bbox 51 2740 238 2789; x_wconf 87' lang='lat' dir='ltr'><strong>pertinet</strong></span> <span class='ocrx_word' id='word_1_386' title='bbox 276 2737 468 2788; x_wconf 85' lang='lat' dir='ltr'><strong>(eandem</strong></span> <span class='ocrx_word' id='word_1_387' title='bbox 508 2741 771 2790; x_wconf 86' lang='lat' dir='ltr'><strong>persequitur</strong></span> <span class='ocrx_word' id='word_1_388' title='bbox 808 2739 862 2778; x_wconf 91' lang='lat' dir='ltr'><strong>de</strong></span> <span class='ocrx_word' id='word_1_389' title='bbox 898 2739 988 2778; x_wconf 86' lang='lat' dir='ltr'><strong>Fin.</strong></span> <span class='ocrx_word' id='word_1_390' title='bbox 1027 2739 1078 2790; x_wconf 87' lang='lat' dir='ltr'><strong>V,</strong></span> <span class='ocrx_word' id='word_1_391' title='bbox 1124 2739 1158 2779; x_wconf 93' lang='lat'><strong>1.</strong></span> <span class='ocrx_word' id='word_1_392' title='bbox 1190 2737 1336 2785; x_wconf 83' lang='lat'><strong>2—5.)</strong></span> <span class='ocrx_word' id='word_1_393' title='bbox 1376 2736 1424 2773; x_wconf 88' lang='lat' dir='ltr'><strong>ad</strong></span> <span class='ocrx_word' id='word_1_394' title='bbox 1468 2748 1512 2773; x_wconf 77' lang='lat' dir='ltr'><strong>se</strong></span> 
     </span>
    </p>
   </div>
   <div class='ocr_carea' id='block_1_3' title="bbox 53 2793 1512 2884">
    <p class='ocr_par' dir='ltr' id='par_1_10' title="bbox 53 2793 1512 2884">
     <span class='ocr_line' id='line_1_46' title="bbox 53 2793 1512 2847; baseline -0.001 -17"><span class='ocrx_word' id='word_1_395' title='bbox 53 2794 185 2845; x_wconf 85' lang='lat' dir='ltr'><strong>ipsum</strong></span> <span class='ocrx_word' id='word_1_396' title='bbox 229 2797 404 2846; x_wconf 84' lang='lat' dir='ltr'><strong>transit,</strong></span> <span class='ocrx_word' id='word_1_397' title='bbox 438 2808 555 2845; x_wconf 89' lang='lat' dir='ltr'><strong>quem</strong></span> <span class='ocrx_word' id='word_1_398' title='bbox 588 2797 698 2847; x_wconf 84' lang='lat' dir='ltr'><strong>ipsas</strong></span> <span class='ocrx_word' id='word_1_399' title='bbox 727 2793 819 2834; x_wconf 81' lang='lat' dir='ltr'><strong>illas</strong></span> <span class='ocrx_word' id='word_1_400' title='bbox 848 2796 1056 2847; x_wconf 86' lang='lat' dir='ltr'><strong>Athenas,</strong></span> <span class='ocrx_word' id='word_1_401' title='bbox 1099 2809 1197 2845; x_wconf 90' lang='lat' dir='ltr'><strong>quas</strong></span> <span class='ocrx_word' id='word_1_402' title='bbox 1237 2793 1315 2832; x_wconf 86' lang='lat' dir='ltr'><strong>alio</strong></span> <span class='ocrx_word' id='word_1_403' title='bbox 1346 2793 1512 2830; x_wconf 90' lang='lat' dir='ltr'><strong>nomine</strong></span> 
     </span>
     <span class='ocr_line' id='line_1_47' title="bbox 1242 2863 1291 2884; baseline 0 0"><span class='ocrx_word' id='word_1_404' title='bbox 1242 2863 1291 2884; x_wconf 55' lang='grc' dir='ltr'><strong>ἥδ(-</strong></span> 
     </span>
    </p>
   </div>
  </div>
 </body>
</html>
