1781 3192
204 205 287 244 116
768 206 840 244 DF:
870 205 1102 245 LEGIBUS

209 316 467 368 uidemus,
509 318 696 367 quibus
737 319 1032 356 exstinctis
1083 319 1389 356 oratoribus
1437 333 1574 369 quain
1622 322 1671 358 iu

210 377 393 426 paucis
444 385 599 424 speS,
655 378 854 424 quanto
909 375 958 411 in
1018 375 1361 426 paucioribus
1408 374 1673 426 facultas,

210 444 352 481 quam
394 430 443 467 in
485 428 672 467 multis
723 431 795 467 sit
833 429 1061 469 audacia.
1101 443 1174 481 pro
1213 429 1349 470 Scaur.
1385 431 1425 480 7,
1466 430 1526 471 13.
1558 433 1675 471 Brut.

210 487 280 536 «il,
317 486 412 526 152.
443 487 548 536 Nep.
582 486 662 525 Att.
701 484 766 525 18.
802 486 907 525 Tim.
941 486 981 525 2.
1024 499 1165 537 quem
1203 498 1260 523 ex
1298 491 1488 537 quanto
1519 500 1674 537 reguo

212 543 270 581 ad
301 556 445 593 quam
478 542 739 579 fortunam
772 541 1116 579 detrusisset.
1177 541 1371 581 Ceterum
1412 547 1555 581 nostro
1584 542 1674 581 loco

213 611 293 637 non
324 604 497 649 quatuor
528 596 598 635 illa
629 599 765 635 onmia
795 599 872 635 sibi
903 599 1085 636 subiecta
1111 602 1229 647 sunt3
1263 598 1337 637 sed
1360 599 1438 637 duo
1465 603 1675 651 postrema

213 655 414 706 quando
448 654 706 705 quomodo
737 655 947 705 pertinent
978 654 1029 692 ad
1060 655 1283 693 obitura.

327 713 375 749 in
407 712 487 749 his
521 724 611 749 cum
644 709 767 748 Bakio
800 711 991 748 reuocaui
1024 724 1095 761 pro
1126 723 1190 760 e0,
1223 710 1331 760 quod
1361 710 1496 749 adhuc
1527 710 1672 761 uulga-

214 774 297 807 tum
343 772 407 806 est
446 769 495 804 in
536 767 630 816 iis,
671 768 823 817 potiori
862 765 1047 804 codicum
1096 768 1331 804 auctoritati
1368 768 1674 819 obtemperans.

216 823 403 872 Tullius,
455 825 547 873 quia
586 821 771 874 pluribus
811 822 947 861 uerbis
990 823 1218 860 interiectis
1268 836 1387 873 pron.
1439 825 1484 861 is
1532 835 1677 874 parum

214 881 398 932 grauiter
438 878 663 928 caelum,
707 883 908 927 terras,
959 879 1120 916 maria
1168 883 1398 916 monstrare
1449 878 1676 929 uideretur,

215 938 458 989 pronomine
485 935 568 974 hic
597 936 769 987 propius
800 935 876 973 sibi
906 935 986 972 ista
1017 934 1252 973 admouisse
1282 934 1458 973 uidetur.

328 992 626 1045 ipsumque]
687 993 810 1031 Pron.
842 992 971 1041 ipse,
1004 1004 1081 1041 quo
1104 989 1171 1028 alii
1197 992 1439 1042 scriptores,
1469 992 1510 1029 in
1536 990 1679 1042 primis

217 1049 401 1099 Seneca,
450 1050 611 1100 saepius
652 1061 725 1099 pro
767 1047 1011 1098 pronomine
1051 1047 1145 1086 refl.
1187 1052 1381 1097 utuntur,
1422 1047 1595 1085 eundem
1637 1047 1679 1083 in

216 1105 383 1144 modum
415 1104 520 1156 apud
552 1104 792 1142 Ciceronem
826 1109 910 1141 tum
944 1108 1180 1153 usurpatur,
1212 1116 1304 1141 cum
1330 1104 1371 1140 in
1396 1104 1485 1154 ipso
1512 1103 1680 1141 homine

219 1161 284 1200 uel
322 1175 368 1200 re
410 1160 589 1199 notanda
630 1164 672 1198 et
711 1161 758 1197 ab
802 1157 890 1197 aliis
932 1158 1160 1209 separanda
1200 1163 1451 1198 momentum
1484 1159 1680 1197 orationis

217 1224 298 1257 est.
344 1218 411 1257 Cf.
443 1218 531 1255 Cic.
571 1230 646 1268 pro
687 1216 797 1254 Sest.
843 1213 906 1265 14,
949 1214 1018 1255 32.
1063 1216 1175 1265 quis
1218 1228 1450 1265 umquam
1491 1212 1681 1253 consul

218 1281 453 1314 senatum
486 1274 655 1324 ipsius
687 1272 933 1310 decretis
963 1284 1149 1323 parere
1179 1272 1465 1323 prohibuit.
1500 1270 1615 1310 verr.
1649 1268 1680 1319 Ι,

215 1333 256 1373 5.
293 1332 358 1372 13.
393 1329 534 1369 Mada.
562 1329 614 1368 de
645 1330 733 1368 Fin.
762 1341 800 1379 p.
831 1326 932 1368 415.

332 1385 634 1439 prenderit]
697 1386 765 1423 Sic
795 1388 909 1421 recte
941 1395 989 1419 ex
1020 1380 1138 1421 codd.
1170 1381 1407 1422 melioribus
1432 1383 1557 1422 Goer.
1583 1382 1681 1423 Sch.

221 1444 329 1484 Mos.
358 1443 428 1482 Or.
460 1441 631 1489 Bakius3
671 1439 819 1490 reliqui
859 1451 948 1478 cum
981 1437 1256 1477 deterioribus
1287 1439 1525 1489 quibusdam
1566 1451 1683 1490 pre-

221 1500 489 1539 henderit.
541 1497 730 1536 Moserus
760 1494 900 1535 laudat
923 1493 1118 1534 Schneid.
1152 1493 1420 1534 Elementarl.
1455 1495 1485 1546 1,
1513 1509 1552 1547 p.
1590 1493 1684 1534 187.

333 1565 560 1605 seseque
589 1566 687 1591 non
713 1551 887 1602 unius]
940 1548 1123 1589 Foedum
1144 1552 1560 1603 interpretamentum
1583 1548 1685 1589 illud

224 1616 305 1663 est,
344 1611 455 1664 quod
490 1612 532 1647 in
575 1608 785 1661 plerisque
826 1607 944 1646 codd.
984 1611 1195 1646 seruatum
1238 1608 1481 1647 exstinctum
1513 1609 1554 1647 in
1585 1620 1686 1660 pau-

223 1670 283 1708 cis
315 1674 380 1708 est
409 1664 718 1719 popularem
750 1663 978 1703 alicuius
1012 1662 1234 1702 definiti
1266 1662 1409 1717 (loci).
1482 1666 1570 1713 Quo
1617 1676 1686 1700 re-

223 1725 390 1778 pudiato
423 1729 465 1762 et
491 1721 758 1774 repudiarunt
788 1725 882 1775 post
916 1720 1124 1758 Dauisium
1165 1732 1325 1770 omneS,
1370 1724 1414 1760 ut
1454 1718 1685 1759 mirandum

224 1796 324 1821 sane
371 1782 425 1820 sit
468 1781 692 1831 repetitum
738 1778 781 1816 id
832 1790 925 1815 esse
973 1789 994 1814 a
1035 1776 1246 1827 Zumptio,
1290 1777 1356 1826 qui
1403 1774 1686 1815 commendat:

227 1853 322 1878 non
371 1840 550 1886 unius,
596 1833 980 1874 circumdatum
1027 1833 1329 1881 moenibus,
1377 1831 1688 1884 popularem

228 1896 457 1935 alicuius
498 1891 632 1943 loci,
675 1905 722 1931 eo
761 1892 885 1941 igitur
925 1888 1141 1939 repudiato
1174 1888 1215 1926 in
1247 1888 1369 1927 codd.
1403 1889 1503 1927 haec
1534 1886 1690 1938 reliqua

229 1958 344 1992 sunt:
387 1962 613 2001 seseque
653 1961 751 1987 non
791 1948 903 1985 unis
944 1945 1157 1995 (meliores
1190 1944 1310 1984 codd.
1343 1945 1492 1983 mendo
1523 1944 1690 1997 proprio

230 2009 480 2056 hominis)
514 2003 888 2045 circumdatum
921 2003 1198 2040 moenibus
1230 2001 1366 2052 loci,
1400 2001 1491 2040 sed
1523 2002 1689 2040 ciuem

229 2068 397 2106 totius
430 2062 620 2102 mundi.
680 2062 795 2111 Quae
827 2072 925 2098 uera
955 2063 1074 2106 sunt,
1116 2059 1149 2095 si
1188 2057 1310 2095 modo
1350 2071 1424 2109 pro
1465 2059 1606 2105 unis,
1649 2054 1690 2093 id

231 2122 338 2172 quod
372 2122 495 2159 uerba
529 2119 733 2156 contraria
765 2117 929 2154 totius
963 2126 1071 2152 mun
1086 2113 1135 2151 ‹li
1169 2115 1366 2164 flagitant,
1398 2126 1447 2151 ex
1471 2113 1691 2151 deteriori-

232 2180 304 2218 bus
338 2176 575 2228 quibusdam
609 2172 726 2211 codd.
759 2172 976 2222 scripseris
1018 2171 1188 2208 unius.
1251 2169 1368 2219 Quod
1409 2183 1498 2207 cum
1545 2172 1692 2208 merito

233 2247 375 2274 omnes
414 2238 508 2284 post
547 2231 756 2268 Dauisium
803 2228 984 2266 editores
1032 2228 1345 2278 probauissent,
1392 2226 1541 2264 Bakius
1591 2226 1692 2263 hacc

234 2292 432 2332 coniecit:
475 2300 572 2327 non
614 2287 728 2323 unis
769 2283 1085 2322 circumdati
1125 2283 1402 2321 moenibus
1441 2282 1565 2332 loci,
1604 2279 1693 2319 sed

234 2354 317 2387 cet.
378 2349 430 2385 At
470 2358 545 2384 nec
584 2344 717 2382 ciuis
756 2341 870 2379 notio
912 2353 957 2379 ex
994 2341 1226 2393 posteriore
1257 2343 1375 2389 parte
1403 2339 1598 2377 orationis
1626 2350 1694 2375 re-

236 2405 336 2444 ferri
377 2406 516 2455 potest
554 2400 604 2440 ad
645 2401 900 2448 superiorem
939 2404 980 2435 et
1023 2398 1134 2435 unis
1177 2395 1449 2433 moenibus
1489 2394 1695 2433 contraria

237 2465 332 2500 sunt
365 2454 524 2512 plura.
585 2457 748 2495 Unius
789 2453 1150 2493 circumdatus
1191 2453 1466 2490 moenibus
1494 2450 1599 2489 loci
1630 2453 1695 2488 est

241 2519 390 2557 unius
422 2516 527 2554 loci
560 2514 707 2554 ciuis,
766 2513 827 2551 De
871 2512 1084 2549 communi·
1117 2509 1287 2547 deorum
1315 2509 1607 2557 hominumque
1635 2506 1694 2543 ci-

241 2576 367 2612 uitate
398 2573 452 2611 ef.
486 2572 516 2622 Q
548 2569 619 2611 23.
651 2569 702 2607 de
732 2569 821 2607 Fin.
853 2566 921 2618 Ill,
958 2565 1020 2607 19.
1053 2565 1119 2608 64.
1151 2570 1193 2603 et
1231 2565 1284 2603 de
1324 2564 1526 2602 mundana
1557 2564 1694 2600 Zeno-

240 2633 302 2669 nis
335 2631 502 2668 ciuitatc
532 2629 570 2665 in
599 2626 740 2677 primis
774 2624 881 2664 Plut.
914 2623 967 2662 (le
997 2622 1114 2662 Alex.
1148 2622 1245 2661 fort.
1279 2617 1312 2671 I,
1344 2620 1379 2661 6.

353 2683 615 2733 dicuntur]
686 2681 949 2733 Amplissima
984 2693 1087 2731 quae
1129 2679 1335 2716 ducuntur
1383 2678 1472 2727 quia
1517 2676 1565 2713 ab
1618 2676 1694 2724 iis,

243 2745 307 2796 qui
358 2744 477 2780 animi
525 2741 772 2778 sententiam
819 2737 1059 2787 declarant,
1108 2740 1231 2775 etiarn
1276 2734 1496 2782 dicuntur,
1546 2733 1693 2784 potiori

247 2800 433 2839 codicum
482 2798 715 2836 auctoritati
768 2797 1055 2846 obtemperans
1110 2792 1270 2831 seruaui
1323 2790 1436 2829 dicu
1452 2795 1578 2830 ntur.
1629 2788 1694 2827 (Jf.
