1781 3192
390 204 542 242 [ABER
579 202 879 240 SECUNDUS.
924 201 1024 240 ΟΜ».
1059 200 1182 239 xxn.
1433 196 1523 234 229

71 316 356 371 expellendum
405 327 576 365 censeo,
625 313 698 353 sed
746 318 961 366 praeterea
1001 324 1226 366 pronomen
1270 307 1522 358 addendum,

72 375 177 427 quod
220 375 393 412 subiecti
444 372 574 410 locum
627 376 788 420 teneat,
839 372 878 408 in
930 371 1037 408 hunc
1085 369 1272 407 modum:
1321 368 1523 405 iniecta

70 432 219 481 gleba
255 427 484 468 tumulus
527 430 558 466 is
600 425 680 481 (sc.
719 424 880 478 locus),
923 428 1006 464 ubi
1049 426 1114 464 uel
1155 439 1246 476 quo
1283 425 1525 462 humatus

72 494 169 537 est,
205 492 392 525 uocatu
406 499 436 525 r.
497 483 612 533 Quod
646 484 769 521 uerba
801 481 1031 521 tumulus
1056 485 1124 532 is,
1158 494 1326 532 quorum
1353 478 1524 517 alterum

73 544 246 583 subiecti
289 540 420 579 locum
462 546 601 590 tenet,
652 539 702 577 ad
744 540 908 577 uerbum
949 539 1121 577 alterum
1159 540 1364 590 pertinet,
1414 536 1526 573 iuxta

73 602 204 652 posita
235 604 351 646 suut,
391 597 491 635 nihil
532 595 746 634 molestiae
786 596 921 635 habet.
975 596 1037 635 Cf.
1083 591 1113 634 I.
1153 595 1186 644 ᾗ.
1222 592 1289 634 49.
1333 589 1526 630 nullam

74 657 329 693 uirtutem
356 655 455 691 nisi
481 651 742 691 malitiam
769 656 971 703 putent.
998 647 1030 690 Ι.
1057 652 1090 698 §-
1120 649 1184 691 19.
1207 649 1526 699 eamlegem,

71 723 198 762 quae
240 711 444 760 scripto
475 710 671 756 sancit,
713 708 847 759 quod
889 706 1014 746 uult.
1060 697 1349 758 ⁴Reliquorum
1387 704 1527 742 conie-

71 771 209 805 cturae
241 766 317 802 hae
349 770 459 812 sunt,
494 766 691 803 Manutii:
732 766 819 802 ini.
852 763 917 814 gl.
951 769 1000 802 et
1038 763 1138 802 ille
1170 764 1413 801 humatus
1445 763 1529 797 est

71 828 124 860 ct
168 820 467 873 sepulcrum
525 826 781 869 uocatur-3
822 821 941 858 Lbini
985 820 1196 870 codicem,
1245 824 1289 858 ut
1328 820 1416 870 ipse
1455 816 1529 865 ait,

71 880 362 917 Memmianum
395 879 550 915 secuti:
584 879 672 915 ini.
703 876 769 928 gl.
802 884 902 915 tum
934 878 976 915 is
1009 881 1059 915 et
1089 877 1332 914 humatus
1365 877 1446 911 est
1477 877 1528 909 et

70 934 297 973 tumulus
330 939 565 982 uocatur3
600 934 776 971 Dauisii:
809 935 895 972 ini.
921 932 982 983 gl.
1018 931 1253 971 tumulus
1286 930 1401 969 illic
1432 932 1530 977 est,

71 1005 127 1030 ac
157 997 262 1029 tum
295 995 400 1038 cet.;
435 990 609 1028 Orellii:
643 992 733 1028 ini.
766 989 830 1040 gl.
864 989 1098 1027 tumulus
1140 988 1233 1027 ille
1273 993 1323 1026 et
1361 990 1440 1024 est
1479 988 1531 1022 et

71 1053 311 1095 uocatur3
352 1047 530 1083 Moseri:
582 1047 674 1084 ini.
715 1045 779 1095 gl.
823 1051 872 1083 et
919 1045 1039 1084 illic
1078 1047 1320 1083 humatus
1363 1046 1442 1080 est
1481 1044 1533 1078 et

72 1104 328 1143 conditus
360 1107 605 1150 uocatur;
640 1102 754 1139 Bakii
786 1101 988 1152 denique:
1027 1104 1114 1139 ini.
1148 1100 1209 1152 gl.
1241 1101 1438 1138 demum
1470 1095 1533 1134 il-

73 1159 148 1200 lic
180 1158 262 1212 (sc.
295 1159 334 1196 in
369 1159 456 1195 iure
485 1155 628 1211 pont.)
660 1158 899 1195 humatus
930 1163 1158 1195 uocatur
1188 1171 1243 1195 ac
1273 1162 1371 1194 tum
1406 1158 1487 1193 eet-

186 1214 315 1267 quod
353 1227 406 1252 os
443 1237 497 1242 —-—
536 1226 653 1251 esse
692 1214 1044 1265 contractam]
1105 1215 1222 1251 Hanc
1263 1225 1398 1251 ueram
1437 1221 1532 1248 esse

73 1273 268 1314 Mercerii
299 1271 599 1310 correctionem
634 1283 682 1307 ex
714 1270 864 1308 mendo
901 1269 1022 1309 codd.
1056 1269 1270 1308 meliorum
1297 1279 1534 1319 expressam

72 1336 168 1383 post
209 1330 429 1367 Gruterum
474 1331 516 1364 et
556 1326 767 1364 Dauisium
805 1328 1075 1365 consentiunt
1115 1339 1272 1365 omnes,
1346 1324 1535 1374 Reliqua,

75 1400 178 1438 quae
210 1387 249 1423 in
282 1383 404 1422 codd.
436 1382 650 1432 feruntur,
689 1384 768 1420 etsi
806 1383 905 1421 Ern.
946 1384 1091 1434 W'agn.
1134 1384 1260 1421 Goer.
1293 1381 1389 1420 Svh.
1424 1381 1534 1418 Mos.

77 1445 148 1481 Or.
190 1443 244 1478 ita
284 1441 564 1486 retinuerunt,
602 1443 646 1475 ut
685 1439 726 1476 1ιί
766 1445 936 1488 quatuor
976 1439 1214 1491 particulam
1259 1443 1308 1475 et
1349 1436 1534 1474 codicum

79 1498 229 1536 mendo
276 1499 582 1533 contractet
639 1496 737 1531 satis
793 1497 1070 1533 confirmatam
1119 1500 1215 1533 ante
1269 1491 1537 1532 habendas

77 1556 334 1600 omitterent,
367 1550 562 1587 mendosa
588 1556 698 1587 sunt.
759 1552 863 1599 Quid
891 1553 997 1589 enim
1013 1550 1031 1589 ’ἶ
1067 1552 1253 1590 Rectene
1275 1547 1533 1602 piaculum

75 1612 188 1662 pati
218 1610 367 1647 dicitur
397 1619 470 1657 pro
501 1605 762 1657 piaculum
798 1605 1010 1646 facere?
1043 1609 1164 1646 Aiunt
1186 1620 1300 1657 sane,
1329 1620 1409 1645 non
1441 1618 1536 1657 pro-

76 1669 189 1706 bant.
252 1662 410 1702 Deinde
444 1665 531 1713 quis
563 1663 809 1701 intiuitiuum
844 1664 1059 1702 serendum
1101 1669 1219 1716 putet
1257 1662 1535 1715 praecedente

77 1718 308 1774 ger-undio?
361 1719 447 1755 Dici
498 1724 611 1756 certe
651 1721 832 1770 oportuit
869 1714 1178 1770 patiendum
1223 1733 1353 1758 esse.
1425 1720 1537 1768 Quae

79 1780 172 1830 quia
212 1780 513 1829 perspexerunt
552 1775 693 1813 Lamb.
729 1777 830 1814 Dau.
871 1777 1010 1815 Madu.
1054 1782 1208 1829 (progr.
1241 1790 1281 1828 p.
1315 1774 1431 1826 24.),
1463 1772 1535 1811 ille

79 1836 254 1875 coniecit
292 1830 556 1884 piaculum
599 1831 816 1870 dandum
861 1846 1006 1883 esse,
1050 1835 1098 1871 hi
1132 1832 1374 1886 piandum
1417 1829 1538 1885 (per-

80 1904 198 1931 uerse
248 1889 464 1939 Zumptius
504 1894 552 1925 et
591 1902 741 1939 porca
780 1888 891 1928 sem.
928 1889 1194 1940 piaculum
1228 1888 1390 1942 Lari).
1457 1885 1538 1925 Sed

78 1946 310 2001 piaculum,
345 1944 451 1995 quod
482 1958 604 1997 porca
636 1945 789 1983 semina
821 1947 969 1996 fiebat,
1010 1948 1157 1984 merito
1189 1946 1336 1984 Bakius
1373 1944 1541 1982 differre

78 2006 248 2056 negauit
278 2017 299 2041 a
330 2014 451 2054 porca
494 2006 728 2052 contracta,
768 2016 870 2052 quae
907 2004 1123 2053 quotannis
1154 2004 1332 2042 manium
1368 2002 1540 2053 expian-

82 2062 224 2101 dorum
257 2071 377 2098 causa
410 2058 458 2095 ab
490 2058 649 2095 herede
681 2058 982 2099 immolabatur.
1015 2059 1081 2098 Cf.
1107 2060 1222 2098 Fest.
1248 2072 1287 2110 p.
1318 2058 1412 2098 122.
1440 2070 1473 2095 s.
1499 2069 1539 2094 u.

79 2116 448 2171 praecidanea.
509 2114 612 2151 Nam
652 2116 982 2153 commenticium
1027 2120 1113 2165 est,
1160 2115 1268 2165 quod
1300 2114 1427 2152 Gzius
1468 2114 1539 2161 ait,

79 2187 242 2228 porcam
284 2171 498 2223 quotannis
538 2169 828 2209 immolandam
870 2171 1026 2222 fuisse,
1073 2170 1278 2224 piaculum
1321 2168 1452 2208 semel
1497 2182 1541 2206 ac

81 2233 217 2269 statim
251 2234 344 2282 post
373 2228 583 2265 interitum
616 2227 745 2265 fuisse
768 2227 1018 2267 faciendum.
1082 2227 1187 2278 Quid
1211 2224 1369 2266 multa?
1400 2227 1539 2264 IIabe-

83 2299 172 2323 mus
204 2291 246 2323 et
279 2285 322 2322 h.
353 2283 384 2322 l.
417 2284 847 2333 interpretamentum,
879 2290 923 2323 ut
942 2284 1099 2336 pridem
1128 2283 1537 2327 Rathiusiudicauit3

85 2354 162 2392 quo
194 2339 360 2391 expulso
391 2337 548 2388 reliqua
587 2344 636 2377 et
676 2341 946 2379 habendas
984 2341 1215 2381 triduum
1255 2341 1452 2388 serias3
1494 2341 1538 2376 si

84 2401 134 2436 in
168 2398 294 2435 mari
327 2398 555 2432 mortuus
594 2400 762 2444 esset,
806 2397 980 2435 eadem
1019 2404 1238 2450 praeter
1275 2394 1539 2450 piaculum

86 2460 137 2492 et
175 2454 341 2491 serias
382 2453 539 2500 integra
589 2457 696 2489 sunt.
768 2452 969 2492 Partim-ula
1017 2460 1103 2506 at,
1153 2467 1265 2505 quam
1310 2452 1541 2502 Maduigius

86 2516 180 2549 ante
220 2509 344 2547 uerba
382 2510 425 2545 si
465 2509 515 2544 in
556 2509 683 2545 mari
726 2508 820 2546 addi
864 2510 1018 2560 uoluit,
1069 2525 1144 2550 nec
1184 2510 1419 2548 necessaria
1460 2513 1540 2557 est,

87 2569 181 2618 quia
211 2566 504 2605 contrariorum
538 2565 638 2602 ratio
672 2578 742 2603 sua
770 2572 917 2615 sponte
949 2566 1101 2618 elucet,
1143 2582 1222 2606 nec
1260 2568 1357 2605 satis
1392 2566 1543 2617 proba—

85 2625 204 2674 bilis,
246 2624 339 2673 quia
379 2619 604 2672 particulae
647 2623 707 2659 uis
748 2621 797 2659 ad
838 2627 964 2662 totam
1014 2626 1262 2663 sententiam
1310 2623 1542 2674 pertineret

85 2693 164 2719 nec
213 2683 327 2717 recte
367 2679 488 2716 etiam
530 2676 598 2715 illa
638 2678 815 2716 eadem
854 2686 1070 2731 praeter
1107 2682 1238 2733 piac.
1279 2684 1332 2718 et
1372 2678 1542 2716 ferias

87 2737 348 2788 oppositione
379 2735 580 2773 contineri
612 2739 868 2786 putarentur.
929 2736 994 2776 cf.
1032 2737 1117 2776 Cic.
1151 2736 1202 2775 de
1233 2737 1328 2775 Fin.
1359 2730 1440 2784 III,
1476 2732 1541 2773 15.

89 2792 159 2833 49.
221 2791 376 2831 Dauisii
423 2797 556 2829 autem
601 2794 832 2830 coniectura
875 2795 1017 2843 atqui
1063 2791 1191 2833 multo
1238 2794 1358 2831 etiam
1410 2791 1542 2829 minus
