1781 3192
442 211 600 251 Limen
631 207 853 247 PRIMUS.
903 206 1000 246 civ.
1035 204 1137 244 Vlll.
1458 195 1517 233 423

59 334 101 368 et
130 327 323 375 Mosen-0,
363 326 430 376 qui
470 325 580 362 inter
618 319 697 359 alia
737 320 817 357 hoc
859 317 1042 370 prodidit
1081 315 1208 353 Tusc.
1241 312 1311 361 lv,
1348 308 1414 349 12.
1447 308 1520 348 27.

59 399 113 424 ex
146 396 240 435 quo
273 384 322 419 in
355 381 481 419 aliis
514 380 753 417 anxietas
801 397 851 402 —-
894 377 941 411 in
976 372 1099 411 aliis
1139 365 1415 408 iracundia
1449 363 1520 401 di-

59 443 208 479 citur.
271 437 392 476 Nulla
422 450 498 475 nec
527 436 604 473 hoc
635 432 725 470 loco
756 444 833 469 nec
866 431 918 468 de
940 431 1028 468 Fin.
1062 428 1131 476 lV,
1164 425 1203 465 9.
1228 426 1296 465 22.
1338 420 1522 461 breuilo-

62 497 228 547 quemia
264 499 342 531 est.
404 489 754 542 Quemadmodum
788 488 898 525 enim
925 486 975 523 de
998 486 1089 523 Nat.
1113 484 1160 532 ΙΙ,
1183 482 1248 522 20.
1272 480 1338 520 51.
1372 478 1523 515 dicitur

60 556 109 591 in
143 550 358 596 stellis,
393 562 514 599 quas
546 547 769 584 dicimus
803 545 830 581 i.
864 557 900 580 e.
944 543 996 579 (le
1042 542 1185 591 quibus
1227 538 1424 575 dicimus:
1466 535 1523 571 ita

61 611 102 647 h.
135 608 162 646 l.
210 608 257 643 in
287 604 414 642 aliis
458 605 703 642 anxietas
744 599 945 637 dicitur
991 598 1068 634 hoc
1121 599 1184 633 est
1242 595 1306 630 bei
1351 591 1521 640 Einigen

60 663 218 715 spricht
256 674 345 698 man
388 673 464 698 von
506 656 846 710 Aengstlichkeit.
916 655 975 692 De
1024 651 1148 691 simili
1198 647 1524 698 breuiloquentia

60 720 142 756 dixi
175 717 224 755 ad
256 718 306 766 ΙΙ,
338 715 378 755 4.
411 717 453 755 ὅ.

174 784 480 833 mansueta]
558 781 755 820 Codicum
813 777 1028 817 meliorum
1090 776 1334 826 scripturam
1394 781 1527 807 man-

63 845 237 889 sueta,
279 852 382 890 quae
425 839 570 877 eadem
612 842 677 875 est
715 835 822 888 apud
861 836 973 874 Lact.
1013 829 1101 882 ΙΙΙ,
1145 831 1208 870 10.
1247 842 1327 866 non
1369 832 1528 865 temere

63 898 160 936 mihi
194 895 467 933 deserendam
499 895 653 945 putaui.
714 893 945 931 Probarunt
975 891 1070 928 Dau.
1104 888 1230 926 Goer.
1260 886 1355 923 Sch.
1389 883 1528 928 Mos.;

62 956 413 992 immansueta
449 950 594 1002 reliqui
629 962 677 987 ex
701 948 818 988 codd.
845 947 1119 985 deterioribus
1143 945 1407 993 receperunt,
1440 938 1530 988 quia

62 1022 202 1063 parum
235 1012 350 1045 recte
379 1010 494 1058 genti
526 1010 767 1045 mansuetae
797 1007 895 1043 item
931 1008 973 1041 ut
994 1003 1288 1040 immansuetae
1312 995 1530 1047 ignorati0‚

65 1064 221 1117 qualem
254 1064 405 1101 habere
434 1064 553 1101 deum
587 1063 781 1110 deceret,
814 1062 1086 1107 tribueretur3
1121 1068 1290 1105 eamque
1314 1053 1530 1090 uerborum

64 1125 307 1161 structuram
343 1132 391 1157 eo
423 1122 622 1157 conantur
662 1119 928 1165 confirmare,
971 1113 1078 1166 quod
1121 1111 1286 1150 laudato
1319 1108 1532 1147 ochsnero

64 1177 116 1216 ad
147 1176 234 1214 Cic.
266 1175 355 1216 Eoi.
388 1188 430 1226 p.
464 1175 532 1215 22.
571 1186 648 1225 per
677 1172 991 1211 cumulationem
1027 1183 1074 1207 ea
1105 1170 1227 1207 etiam
1261 1165 1437 1214 disiungi
1470 1161 1534 1198 di-

65 1238 176 1283 cunt,
209 1244 310 1282 quae
341 1233 505 1282 generis
538 1228 739 1275 eiusdem,
756 1230 851 1268 sint.
912 1228 966 1266 Et
1006 1226 1296 1277 disiunguntur
1332 1234 1431 1260 sane
1461 1230 1535 1270 per

66 1292 166 1328 istas
195 1287 415 1340 particulas
446 1301 526 1325 non
560 1285 691 1325 solum
723 1298 795 1336 ea,
829 1297 931 1335 quae
960 1297 1006 1322 re
1036 1285 1151 1334 ipsa,
1191 1280 1269 1320 sed
1308 1279 1431 1317 etiam
1470 1288 1532 1323 ea,

67 1358 168 1397 quae
199 1345 361 1382 nonnisi
394 1342 743 1395 contemplatione
777 1341 943 1379 diuersa
975 1342 1057 1379 sint
1097 1339 1168 1389 (cf.
1210 1338 1296 1376 Cic.
1336 1333 1417 1373 Off.
1451 1326 1533 1379 ΙΙΙ,

66 1404 108 1443 ὅ.
149 1400 217 1442 36.
259 1400 354 1439 Par.
396 1397 431 1450 I,
476 1400 510 1440 1.
551 1399 592 1440 6.
632 1397 684 1436 de
724 1398 847 1436 Uniu.
890 1397 978 1448 3.),
1015 1409 1090 1434 nec
1122 1397 1199 1433 ista
1233 1396 1266 1432 si
1307 1387 1533 1443 praedicati

67 1458 201 1496 locum
230 1461 375 1494 tenere
406 1456 668 1504 iudicaueris,
707 1456 754 1492 ab
791 1455 976 1492 oratione
1016 1454 1228 1503 quicquam
1271 1444 1536 1486 dubitationis

69 1514 261 1552 habeant.
322 1512 405 1550 Sed
434 1514 525 1563 ipse
557 1513 771 1550 uerborum
805 1510 903 1548 ordo
937 1523 1023 1547 eam
1054 1511 1269 1547 uerborum
1293 1506 1536 1543 structuram

72 1568 363 1608 commendare
398 1569 584 1618 uidetur,
619 1574 663 1605 ut
693 1567 897 1605 adiectiua
928 1565 998 1604 illa
1030 1567 1216 1617 apposita
1247 1565 1330 1601 sint
1360 1558 1537 1610 gentis

74 1625 283 1664 uocabulo.
344 1624 461 1674 Quod
501 1626 535 1662 si
576 1629 662 1673 est,
705 1625 922 1661 uniuersae
959 1625 1094 1674 gentis
1135 1622 1296 1672 species
1341 1613 1537 1667 quaedam

71 1682 318 1730 iudicantur,
352 1694 453 1731 quae
485 1693 529 1718 re
561 1682 665 1732 ipsa,
693 1692 773 1717 non
814 1678 1163 1729 contemplatione
1202 1677 1390 1714 diuersae
1429 1674 1538 1709 sunt.

71 1739 161 1777 Iluc
194 1737 368 1786 accedit,
399 1742 444 1776 ut
474 1737 620 1775 melius
651 1737 691 1773 in
723 1736 954 1774 hominibus
985 1735 1097 1773 nulla
1130 1735 1294 1772 omnino
1317 1741 1418 1782 gens
1447 1738 1539 1764 esse

72 1795 256 1842 dicatur,
289 1805 391 1844 quae
423 1793 524 1831 deos
558 1806 651 1831 esse
681 1805 761 1830 non
794 1793 913 1842 sciat,
946 1805 1062 1841 quam
1093 1789 1204 1829 nulla
1232 1793 1315 1826 tam
1348 1784 1539 1823 immanis

72 1863 190 1902 gens,
220 1850 260 1886 in
296 1862 372 1899 quo
403 1850 482 1887 hoc
521 1849 699 1899 intelligi
739 1861 912 1886 necesse
951 1849 1027 1897 sit,
1070 1850 1104 1885 si
1140 1848 1255 1885 ferae
1292 1842 1539 1890 immanique

73 1908 186 1958 genti
217 1905 284 1942 dei
312 1907 497 1943 notitiam
530 1918 623 1943 esse
651 1906 857 1953 dicamus,
895 1902 1023 1941 multo
1055 1904 1096 1942 id
1136 1904 1266 1953 magis
1308 1900 1458 1938 cadere
1495 1899 1534 1934 in

75 1969 341 2001 mansuetam.
394 1962 619 1999 Conficitur
648 1974 714 1998 res
739 1961 917 2011 denique
940 1972 1004 2010 eo,
1039 1959 1144 2011 quod
1168 1960 1293 1997 uerba
1326 1955 1537 1994 etiamsi

77 2021 285 2069 ignoret
315 2016 518 2067 qualem
553 2017 700 2056 deum
734 2018 935 2054 habere
959 2016 1146 2055 deceat
1178 2029 1200 2053 a
1223 2015 1423 2053 Cicerone
1447 2020 1538 2048 tan-

77 2083 160 2113 tum
200 2072 250 2110 ad
289 2073 452 2111 feram
494 2079 658 2124 gentem
698 2072 827 2111 relata
868 2086 960 2111 esse
1001 2073 1240 2111 iudicamus.
1309 2070 1373 2109 Cf.
1403 2067 1537 2105 locum

77 2129 327 2170 simillimum
360 2132 407 2168 ab
440 2130 531 2168 aliis
561 2132 641 2168 iam
672 2129 880 2168 laudatum
913 2129 966 2167 de
998 2129 1089 2167 Diu.
1120 2125 1153 2179 Ι,
1193 2128 1225 2168 l.
1261 2127 1301 2166 2.
1333 2128 1538 2176 gentem

76 2187 277 2238 quidem
310 2186 509 2225 nullam
540 2187 693 2225 uideo
727 2200 898 2237 neque
939 2191 1038 2224 tam
1080 2186 1349 2222 humanam
1389 2187 1541 2231 atque

77 2244 308 2292 doctam,
354 2256 522 2295 neque
572 2249 673 2282 tam
723 2246 992 2281 immanem
1042 2247 1194 2292 atque
1252 2240 1540 2286 barbaram,

77 2312 207 2352 quae
238 2312 338 2337 non
369 2300 677 2350 significari
709 2301 890 2338 sutura
920 2322 972 2328 —
1004 2311 1160 2350 posse
1193 2300 1426 2336 censeat.

191 2391 247 2444 ex
278 2379 391 2429 quo]
450 2379 587 2416 Uerba
618 2392 676 2417 ex
707 2392 800 2430 quo
836 2380 875 2416 in
904 2379 1046 2431 primis
1081 2391 1127 2416 eo
1158 2372 1542 2429 pertinent‚,q110d

81 2441 339 2501 agnatlonem
385 2435 540 2473 homini
587 2448 676 2473 cum
723 2435 800 2473 deo
851 2435 1112 2473 intercedere
1162 2435 1286 2483 dixit3
1338 2446 1438 2482 quae
1479 2444 1545 2469 res

79 2504 227 2558 quippe
258 2492 420 2585 igrauior
450 2505 514 2542 ea,
547 2505 663 2543 quam
695 2491 792 2530 inde
825 2492 978 2542 effecit,
1011 2492 1222 2530 Ciceronis
1256 2491 1390 2528 animo
1421 2489 1544 2526 etiam

76 2561 183 2586 nunc
214 2561 254 2585 ln
274 2552 418 2586 laeret.

103 2685 110 2694 .
189 2629 231 2666 is
264 2628 536 2678 agnoscat]
597 2627 729 2666 Huius
770 2640 890 2666 uerae
930 2628 1157 2678 scripturae
1195 2629 1236 2664 in
1269 2624 1390 2664 codd.
1423 2624 1544 2662 dete-

79 2686 252 2722 rioribus
283 2689 472 2722 seruatae
507 2685 725 2734 uestigium
758 2688 891 2723 exstat
922 2685 1047 2722 etiam
1078 2686 1119 2721 in
1152 2682 1269 2722 codd.
1288 2682 1544 2729 melioribus,

81 2742 145 2790 qui
176 2741 332 2778 (luobus
374 2739 583 2779 uocabulis
625 2743 664 2778 in
706 2754 828 2779 unum
869 2741 1053 2779 conflatis
1096 2741 1251 2779 habent
1288 2740 1545 2790 ignoscat.

83 2797 201 2835 [nde
233 2810 372 2848 parum
406 2799 507 2836 scite
540 2797 688 2837 Bakius
722 2798 830 2836 eslici
864 2795 991 2836 uoluit
1031 2799 1072 2835 is
1115 2801 1314 2836 noscat.
1384 2794 1546 2844 Agno-
