1791 3192
272 183 385 214 xxv}
870 189 962 224 PRA
969 191 1152 227 EFATIO.

275 286 308 322 si
348 297 426 324 non
459 289 704 337 probarent,
751 290 930 331 adhibita
963 296 1145 335 codicum
1177 297 1459 348 discrepantia
1491 300 1741 340 substituere

271 360 461 406 possent,
494 356 601 405 quod
632 358 883 409 probabilius
916 376 1009 402 esse
1041 365 1266 404 uideretur.

851 574 1014 640 cap.
1049 578 1154 631 ΙΙ.

263 671 336 712 De
370 668 590 715 Cicerone
626 676 778 721 horum
819 681 1035 722 librorum
1066 688 1252 724 anctore
1293 686 1426 736 atque
1456 678 1512 718 de
1542 684 1738 734 tempore

626 756 669 792 et
700 753 843 795 habiti
875 760 918 795 et
947 759 1112 811 scripti
1143 758 1365 796 sermonis.

386 843 497 891 Quos
531 842 582 882 ‹le
612 845 772 896 legibus
796 849 942 887 Cicero
972 847 1099 888 libros
1133 853 1315 902 scripsit,
1347 864 1417 889 eos
1446 858 1641 896 nusquam
1661 843 1733 882 ille

264 916 583 964 commemorat,
617 930 670 954 ne
702 918 752 955 iis
785 916 949 968 quidem
982 917 1112 968 locis,
1147 921 1290 970 quibus
1322 918 1392 956 uel
1425 914 1600 951 maxime
1629 911 1730 949 illud

262 981 596 1033 exspectaueris,
638 983 766 1023 ueluti
801 985 852 1024 de
889 985 981 1023 Diu.
1015 982 1072 1035 ll,
1109 987 1144 1026 1.
1194 988 1317 1027 Tusc.
1352 987 1420 1037 IV,
1457 986 1493 1027 1.
1554 988 1661 1026 Hinc
1696 989 1732 1025 si

260 1052 329 1086 aut
374 1061 463 1087 cum
504 1052 606 1088 'uiro
651 1052 772 1092 docto
826 1051 998 1104 quodam
1044 1054 1083 1091 in
1126 1068 1231 1093 noua
1272 1054 1366 1095 bibl.
1403 1055 1495 1093 crit·
1533 1053 1655 1094 1823·
1697 1052 1730 1092 I·

260 1130 299 1167 p.
338 1116 428 1157 125.
460 1118 536 1156 hos
567 1117 696 1159 libros
727 1135 808 1160 non
842 1133 935 1158 esse
967 1122 1181 1162 Ciceronis
1214 1122 1433 1173 collegeris
1476 1127 1519 1159 et
1549 1123 1730 1173 posteri-

260 1186 322 1222 ori
354 1187 480 1223 aetati
512 1188 771 1240 tribuendos,
804 1196 874 1229 aut
904 1205 991 1228 cum
1016 1190 1323 1229 Huelsemanno
1344 1192 1384 1228 in
1415 1189 1536 1239 libro,
1568 1191 1633 1240 qui
1665 1191 1730 1228 in-

258 1253 476 1290 scribitur:
508 1253 650 1293 Ueber
679 1255 746 1295 die
776 1258 1015 1309 Principien
1051 1258 1131 1295 und
1167 1258 1246 1295 den
1281 1257 1403 1295 Geist
1443 1256 1518 1295 der
1547 1258 1729 1296 Gesetze

259 1321 301 1357 in
344 1320 482 1371 Bezug
522 1322 595 1359 auf
631 1322 700 1361 die
741 1323 852 1363 alten
887 1326 1070 1363 Gesetze
1100 1323 1174 1362 der
1211 1325 1407 1362 Roemer.
1467 1324 1568 1376 Lpz.
1604 1324 1729 1366 1802.

261 1390 472 1440 epitomen
502 1389 702 1438 quandam
749 1391 814 1429 his
858 1390 975 1429 libris
1018 1392 1220 1430 contineri
1261 1392 1559 1431 existimaueris
1592 1395 1728 1445 operis

257 1458 424 1495 maioris
457 1456 604 1495 exilem
637 1471 734 1496 sane
766 1464 808 1497 et
838 1459 1034 1509 ieiunam,
1071 1473 1189 1510 quam
1218 1457 1420 1498 ecclesiae
1458 1460 1618 1511 quidam
1652 1474 1728 1510 pa-

256 1528 324 1561 ter
353 1524 583 1562 confecerit
617 1529 753 1562 aetate
784 1527 1039 1577 posteriore:
1070 1531 1288 1577 utrumque
1318 1527 1406 1578 ipsa
1432 1527 1576 1565 horum
1597 1525 1727 1565 libro-

254 1603 343 1627 rum
376 1588 516 1627 indole
556 1604 600 1627 ac
640 1592 797 1630 ratione
835 1592 1110 1641 redarguitur.
1170 1593 1335 1632 Etenim
1368 1606 1470 1646 quae
1500 1595 1540 1632 in
1575 1594 1726 1632 ceteris

255 1655 374 1694 libris
407 1655 612 1695 Tullianis
653 1660 920 1710 reperiuntur
953 1661 1126 1698 uirtutes
1159 1661 1347 1711 dicendi,
1387 1660 1556 1699 eaedem
1587 1662 1628 1698 in
1660 1661 1725 1698 his

252 1724 357 1773 ipsis
386 1721 505 1760 libris
537 1721 717 1763 elucent.
780 1726 935 1775 Quodsi
968 1728 1140 1777 uestigia
1171 1727 1369 1778 quaedam
1394 1726 1724 1779 deprehenderis

254 1788 560 1839 negligentiae:
593 1805 640 1830 ea
671 1805 747 1830 nec
771 1806 792 1830 a
823 1795 973 1831 ceteris
1004 1792 1120 1832 libris
1154 1795 1322 1845 absunt,
1354 1797 1395 1833 in
1428 1796 1570 1847 quibus
1601 1795 1723 1833 sami-

254 1855 398 1895 liarem
430 1859 567 1908 potius
600 1863 642 1896 et
673 1859 952 1909 quotidianum
988 1874 1105 1911 quam
1138 1864 1359 1900 oratorium
1387 1874 1618 1901 sermonem
1653 1874 1721 1899 se-

254 1928 371 1962 cutus
412 1928 499 1973 est,
542 1938 619 1963 nec
658 1926 843 1965 miranda
882 1941 980 1965 sane
1021 1934 1117 1966 sunt
1155 1930 1196 1966 in
1236 1933 1350 1968 tanta
1387 1931 1474 1967 eius
1515 1927 1723 1967 scribendi

251 1988 483 2029 celeritate.
552 1991 635 2031 cfr.
668 1994 713 2032 A.
744 1994 845 2033 Mai.
878 1994 926 2032 ad
961 1994 1042 2034 Cic.
1072 1994 1123 2033 de
1145 1996 1251 2047 Rep.
1278 2010 1317 2047 p.
1342 1995 1488 2035 XXIV.
1522 1993 1588 2032 ed.
1611 1994 1722 2032 Mos.

246 2055 388 2096 Madu.
413 2056 464 2094 de
487 2057 578 2098 Fin.
606 2072 644 2109 p.
669 2059 812 2099 LXIV.
873 2062 1071 2109 Quocirca
1100 2067 1249 2100 neuter
1276 2065 1449 2101 istorum
1479 2072 1720 2111 quemquam

252 2136 408 2173 eorum,
442 2125 509 2174 qui
540 2128 685 2174 postea
716 2126 791 2163 hos
824 2125 953 2164 libros
987 2126 1222 2179 ediderunt,
1252 2131 1548 2167 assentientem
1577 2132 1719 2165 nactus

255 2194 330 2227 est.
393 2190 527 2240 Atque
557 2192 649 2242 ipse
681 2192 1012 2231 lluelsemannus
1045 2198 1126 2231 tam
1160 2208 1303 2246 parum
1333 2197 1409 2234 sibi
1441 2196 1644 2244 constitit,
1675 2198 1719 2232 ut

252 2255 324 2294 illa
366 2258 572 2295 sententia
612 2255 757 2296 relicta
790 2260 831 2298 in
863 2258 940 2297 alia
969 2262 1102 2298 omnia
1133 2260 1394 2312 discederet,
1427 2261 1548 2300 modo
1583 2264 1718 2313 epito-

253 2336 350 2361 men
383 2326 431 2362 ab
471 2326 564 2377 ipso
598 2323 800 2364 Cicerone
840 2325 987 2364 factam
1023 2340 1115 2364 esse
1145 2327 1404 2377 concedenS‚
1437 2328 1557 2367 modo
1588 2327 1716 2367 libros

252 2390 330 2428 hos
353 2396 513 2442 partem
537 2404 630 2429 esse
652 2391 793 2431 dicens
814 2394 1068 2431 recensionis
1092 2395 1240 2444 prioris
1261 2399 1407 2446 postea
1427 2394 1714 2445 amplificatae,

251 2456 373 2495 modo
404 2457 635 2509 fragmenta
665 2470 759 2496 esse
788 2457 881 2497 libri
913 2462 1049 2510 tertii,
1083 2462 1212 2511 quarti
1246 2465 1288 2499 et
1319 2462 1448 2512 quinti
1480 2460 1532 2499 de
1563 2473 1608 2499 re
1636 2474 1713 2513 pu-

248 2522 370 2562 blica.
438 2527 551 2574 Quae
579 2527 645 2576 qui
676 2525 925 2577 redarguere
956 2527 1104 2578 uellet,
1134 2529 1168 2565 is
1201 2527 1335 2566 oleum
1359 2532 1402 2566 et
1428 2540 1593 2579 operam
1615 2539 1712 2579 per-

250 2589 351 2627 dere
393 2591 615 2631 uideretur.
677 2593 777 2631 Cum
818 2594 945 2644 igitur
983 2597 1073 2647 ipsa
1113 2596 1242 2633 oratio
1274 2595 1484 2633 Ciceronis
1512 2606 1605 2632 esse
1635 2594 1712 2632 hos

246 2654 373 2695 libros
396 2656 628 2697 luculenter
657 2664 823 2710 arguat:
854 2661 967 2699 fusos
999 2666 1135 2700 tamen
1169 2674 1238 2699 eos
1272 2674 1365 2699 esse
1412 2659 1606 2700 celeriter
1634 2673 1712 2699 nec

246 2727 393 2773 postea
423 2724 650 2775 perpolitos
682 2724 813 2764 latere
842 2732 982 2779 potest
1009 2729 1231 2778 neminem,
1262 2732 1459 2779 recteque
1489 2739 1556 2764 res
1585 2741 1711 2780 saepe

246 2790 288 2828 in
314 2790 367 2829 iis
404 2792 534 2843 magis
574 2792 834 2831 adumbratas
867 2808 960 2833 esse
1003 2808 1121 2845 quam
1153 2793 1278 2847 plene
1309 2809 1353 2834 ac
1384 2794 1608 2846 diligenter
1638 2807 1708 2833 ex-
