1781 3192
440 222 598 261 IABFJR
631 220 851 260 PRlMUS.
899 222 994 260 CM».
1029 222 1131 260 ΧΙΙΙ.
1458 220 1518 259 63

55 337 194 377 Madu.
228 336 278 374 (le
309 337 401 374 Fin.
437 336 506 379 ΙΙΙ,
545 336 607 375 15.
641 335 734 381 50,
767 335 832 382 qui
869 335 964 371 item
1007 334 1142 372 laudat
1178 334 1230 371 de
1270 333 1345 371 Off.
1381 330 1413 382 l,
1448 335 1518 374 25⁴.

55 392 122 436 99.
186 391 366 431 'lemere
415 393 562 430 Bakins
614 396 657 429 et
700 391 899 427 dit'sert
941 393 1090 441 requiri
1142 391 1243 428 dixit
1292 396 1333 427 et
1381 397 1517 429 sunt.

56 448 200 502 Inepte
251 450 310 487 sic
358 454 399 486 (ι
447 449 722 486 differentiam
770 459 863 483 esse
911 448 958 483 si«
949 449 1211 492 ,miliciarttnr
1261 448 1398 497 (quid
1439 455 1520 485 est

56 507 216 556 illud,
261 505 387 555 quod
429 501 676 548 dissert?)
721 508 763 540 et
802 508 956 540 certum
998 504 1196 553 quoddam
1243 509 1401 554 tempus
1444 504 1519 541 ‹le-

57 565 322 602 scriberetur.
393 563 445 599 At
493 559 742 612 generaliter
782 559 962 608 loquitu:
1001 563 1056 604 (in
1102 561 1193 597 (lem
1239 560 1379 610 Falle,
1424 561 1518 598 (lass

57 618 156 658 alles
188 617 322 668 gleich
354 619 445 662 ist).
506 618 565 656 lta
607 622 740 654 autem
776 621 819 652 ut
852 617 981 665 ipsum
1020 629 1133 667 pron.
1174 615 1419 666 relatinnm,
1465 620 1519 655 ita

55 673 278 727 particulae
307 673 506 712 relatiuae
535 674 835 712 coniunctiunm
869 675 1085 710 asciscunt.

169 743 438 779 amicitiae
470 743 565 779 iam
595 740 799 791 nomen]
862 743 992 789 Jam,
1034 739 1137 790 qnod
1172 740 1402 777 Goerenzio
1447 754 1520 778 an-

57 805 169 837 ctore
190 799 451 847 Sclmetzius,
473 800 678 846 Mosei-ns,
710 796 891 836 Orellius
925 798 1167 845 omiserunt,
1200 795 1363 846 reliqui,
1395 799 1514 834 etiam

56 855 240 894 Handius
268 855 385 892 'lnrs.
411 855 476 903 ΙΙΙ,
511 869 545 905 Ρ,
572 853 664 894 114.
692 859 785 891 ante
809 855 1084 890 amicitiae
1110 858 1332 903 posuerunt
1355 853 1519 903 (steph.

57 913 211 950 etiam
242 913 442 961 scripsit),
475 924 509 947 e
500 925 548 957 ,go
582 923 628 948 ew(
674 910 794 948 (odd.
827 911 860 948 Ε
891 909 970 948 Gd.
990 910 1026 950 2.
1067 908 1314 963 (accedunt,
1357 912 1516 960 opinor,

55 970 86 1006 C
118 973 159 1005 et
193 964 245 1021 ὃ)
278 973 371 1019 post
403 969 671 1005 amicitiae
703 968 880 1016 iestitni,
915 972 958 1004 nt
991 967 1194 1004 amicitiae
1218 979 1365 1003 nomeu
1392 980 1480 1007 nm
1471 968 1518 1003 is

56 1029 237 1063 acuatur.
308 1025 519 1073 Significat
564 1029 695 1060 antem
748 1025 870 1072 iam,
933 1024 1134 1060 amicitia(
1184 1035 1330 1059 nomeu
1381 1025 1518 1061 statim

56 1080 262 1129 occidere,
294 1080 461 1117 simulac
489 1079 684 1117 tantulum
720 1079 841 1116 modo
863 1081 1064 1116 interesse
1086 1080 1278 1130 potuerit.
1332 1079 1394 1118 Cf.
1420 1080 1518 1116 'ler.

54 1137 179 1176 Andr.
218 1138 264 1186 V,
305 1136 318 1175 1
368 1137 408 1175 b'.
446 1136 559 1175 Verr.
596 1132 675 1185 ΙΙΙ,
709 1133 772 1174 9-1.
804 1134 901 1175 220.
963 1135 1073 1172 idem
1109 1135 1160 1172 de
1184 1135 1360 1172 amicitia
1394 1137 1520 1174 tradit

55 1192 168 1232 Lael.
198 1194 239 1243 5,
274 1190 335 1232 19.

168 1259 486 1312 simulatque
518 1261 615 1298 sibi
650 1260 808 1312 alter]
871 1262 1082 1313 Scriptura
1113 1259 1161 1298 ad
1193 1259 1360 1299 Bakium
1395 1274 1520 1312 usqne

57 1318 219 1370 uulgata
240 1316 563 1367 simulatque
595 1320 696 1357 sibi
730 1317 929 1369 aliquid
963 1331 1105 1369 qnam
1136 1317 1293 1355 alteri
1325 1318 1520 1356 malue-

54 1377 123 1414 rit
162 1376 363 1413 correctio
397 1377 460 1411 est
489 1374 529 1410 in
562 1373 836 1414 deterioribus
869 1374 1106 1426 quibusdam
1139 1374 1345 1412 codicibus
1377 1388 1518 1426 parum

55 1431 321 1484 probabiliter
352 1433 530 1477 tentata3
578 1433 616 1469 in
668 1444 744 1482 qna
784 1444 981 1484 peruerse
1022 1432 1194 1469 subiecti
1234 1430 1364 1469 locum
1407 1436 1521 1469 tenet

56 1488 310 1534 amicitia3
344 1486 422 1523 dici
453 1490 566 1523 certe
596 1489 777 1538 oportuit
807 1486 1130 1537 simulatque
1169 1489 1274 1524 sibi
1316 1487 1517 1538 aliquid

56 1543 186 1582 alter
219 1556 359 1594 quam
391 1540 553 1579 alteri
586 1542 846 1584 maluerit.
916 1544 984 1581 Sic
1025 1544 1310 1581 absolueretur
1355 1557 1521 1595 compa-

56 1601 175 1649 ratio,
222 1605 267 1637 nt
314 1612 387 1650 pro
437 1596 571 1637 Plane.
603 1598 672 1649 2-1,
719 1598 785 1639 59.
838 1596 1168 1653 (quamquam
1218 1599 1302 1638 illi
1349 1603 1521 1638 omnia

54 1655 211 1705 malo,
245 1668 392 1706 quam
427 1652 600 1708 mihi);
634 1655 707 1693 sed
738 1657 901 1693 reticeri
938 1657 975 1694 Ιι.
1005 1656 1026 1693 Ι.
1060 1669 1171 1705 rem,
1202 1670 1368 1707 quacum
1395 1657 1523 1695 altera

54 1717 327 1763 comparetur,
362 1716 404 1748 nt
435 1709 484 1746 ad
514 1712 600 1749 Att.
637 1709 694 1762 ΙΙ,
736 1711 797 1752 16.
831 1711 871 1752 4.
914 1711 984 1763 (in
1026 1713 1050 1749 h
1065 1726 1119 1750 ac
1161 1726 1213 1750 re
1245 1712 1380 1751 malo
1414 1715 1521 1752 uni-

54 1781 242 1808 uersae
293 1766 555 1805 Graeciae
603 1774 655 1806 et
701 1767 1186 1821 negotiatoribus),
1245 1771 1343 1808 satis
1392 1770 1521 1822 pluri-

54 1838 210 1864 morum
259 1824 443 1863 codicum
491 1826 624 1875 arguit
674 1827 922 1876 auctoritas,
976 1827 1014 1862 in
1064 1827 1209 1876 quibus
1259 1827 1522 1877 comparandi

53 1879 256 1934 particula
296 1893 375 1918 non
418 1886 564 1918 exstat.
626 1881 776 1919 Merito
822 1883 947 1932 igitur
989 1895 1037 1919 ex
1082 1882 1203 1920 codd.
1237 1883 1362 1921 CGd.
1384 1883 1421 1923 2.
1454 1884 1521 1924 65.

57 1944 98 1976 et
130 1936 273 1988 procul
305 1936 425 1974 dubio
457 1932 485 1973 δ
512 1938 665 1988 primus
699 1937 845 1976 Bakius
882 1940 1063 1976 restituit
1094 1941 1334 1991 scripturam
1362 1953 1382 1977 a
1403 1942 1522 1978 nobis

57 2005 215 2045 quoque
245 1997 470 2043 receptam.

168 2063 246 2099 ius
288 2060 479 2111 ciuile]
550 2061 659 2098 Juris
707 2059 837 2099 ciuilis
890 2065 1003 2101 notio
1054 2063 1096 2101 Ιι.
1137 2061 1166 2101 l.
1216 2063 1339 2102 latins
1394 2069 1523 2116 patet.

56 2118 216 2168 Quippe
257 2116 431 2155 naturali
470 2118 699 2168 oppositum
739 2120 874 2155 omnia
914 2121 1060 2157 ciuium
1106 2120 1190 2159 ima
1221 2119 1523 2172 complectitur,

56 2172 181 2213 ueluti
212 2187 285 2226 pro
318 2174 429 2212 Sest.
463 2171 534 2223 42,
569 2171 639 2213 91.
699 2174 802 2226 'lop
835 2175 875 2224 2,
909 2173 949 2214 9.

168 2246 252 2281 est
293 2241 432 2292 nata]
505 2242 627 2280 Hunc
678 2244 894 2281 uerborum
948 2243 1135 2281 ordinem
1184 2258 1205 2282 a
1249 2244 1396 2293 steph.
1446 2246 1522 2281 iam

54 2305 268 2351 receptum
302 2302 345 2335 et
376 2310 398 2335 a
429 2297 614 2336 Manutio
644 2298 811 2351 (reliqui
844 2313 932 2338 cnm
967 2300 1240 2339 deterioribus
1273 2306 1392 2338 nata
1425 2306 1522 2343 est)

56 2368 105 2393 ex
144 2354 384 2393 melioribus
426 2354 546 2394 codd.
598 2357 778 2395 restitui.
849 2358 978 2406 Quem
1024 2358 1063 2394 in
1107 2359 1323 2395 uerborum
1373 2358 1521 2394 seriem

55 2416 267 2463 receptum
298 2413 514 2448 retractari
543 2424 624 2449 non
656 2413 838 2463 oportuit
869 2426 891 2450 a
914 2413 1036 2451 Bakio
1068 2414 1107 2451 in
1143 2418 1361 2453 comment.
1422 2413 1524 2451 Nam

56 2469 116 2506 sic
148 2469 342 2516 omnis,
380 2467 421 2503 in
454 2480 532 2517 quo
568 2467 733 2507 dicendi
765 2468 962 2520 quaedam
993 2471 1055 2508 nis
1085 2472 1221 2523 posita
1253 2474 1340 2519 est,
1379 2468 1526 2521 copula

58 2528 137 2562 est
167 2524 416 2576 interposita
445 2525 575 2575 magis
608 2526 778 2563 acuitur.

169 2592 340 2635 XIII.
402 2590 433 2640 ᾗ.
469 2589 538 2631 35.
598 2591 836 2642 scilicet]
897 2592 1085 2632 Notanda
1127 2598 1191 2631 est
1233 2594 1379 2644 ironia,
1423 2607 1526 2644 quae

58 2647 169 2685 inest
207 2648 249 2684 in
291 2647 438 2685 nocnla
479 2647 726 2699 scilicet,
769 2661 871 2700 qnae
899 2649 1052 2699 efficit,
1099 2655 1145 2688 nt
1185 2651 1262 2688 iam
1307 2650 1435 2688 multa
1476 2649 1528 2688 de

61 2713 111 2738 eo
140 2702 292 2741 dixisse
321 2703 522 2744 uideatur.
584 2704 647 2743 Cf
686 2705 772 2743 Cic.
819 2705 871 2743 de
900 2706 991 2744 Diu.
1031 2701 1089 2755 H,
1126 2706 1195 2746 21.
1239 2705 1308 2747 47
1349 2707 1400 2744 de
1431 2707 1526 2744 Fin.

61 2752 122 2851 {PL
165 2755 368 2857 310610532.
418 2761 638 2800 Stuerenb.
679 2775 752 2813 pro
794 2761 915 2800 Arch.
955 2776 996 2814 Ρ.
1037 2734 1106 2804 69.
1148 2776 1236 2813 sqq.
1294 2763 1432 2802 Madu
1476 2761 1528 2799 de

101 2825 158 2853 ιιι.
189 2827 231 2865 Ρ.
297 2818 305 2855 1
