1781 3192
233 186 291 226 54
806 186 874 224 Di«)
908 187 1139 226 Lmfflssus

239 300 447 339 notionem
499 311 577 335 non
627 295 904 337 coalescentia
943 302 1053 338 iuxta
1098 313 1141 337 se
1175 302 1304 350 posita
1349 307 1444 339 sunt
1493 305 1616 341 uerbo
1663 304 1702 339 in

238 359 359 396 tinem
393 355 626 392 sententiae
657 353 863 408 reiecto),
903 356 1010 394 baud
1050 370 1215 408 paruam
1262 362 1397 395 tamen
1433 360 1481 396 ab
1515 371 1562 397 ea
1592 373 1705 398 com-

238 412 544 452 111endationem
579 410 714 449 babet.
775 411 842 451 Sic
888 414 997 450 enim
1042 414 1164 451 uerba
1208 425 1311 452 eam
1354 413 1517 465 legem
1547 418 1701 454 nonin

238 482 354 508 unam
388 465 626 506 coalescere
659 467 865 507 notionem
900 471 1035 507 statim
1069 474 1253 520 apparet.

350 523 582 574 scripto]
617 523 811 563 Codicum
849 526 1063 563 meliorum
1084 525 1277 563 mendum
1308 528 1514 577 scripta
1543 529 1704 578 probari

235 595 315 619 non
363 581 545 632 oportuit
595 593 616 617 a
649 580 785 620 Bakio.
847 583 1019 620 Diuersa
1068 587 1132 619 est
1179 584 1285 620 enim
1336 585 1439 622 ratio
1487 586 1702 622 uerborum

235 635 295 689 Il,
327 635 370 677 4.
407 636 468 676 10.
503 634 652 689 (quae
684 642 789 675 tum
825 637 1056 689 denique
1089 640 1284 690 incipit
1316 638 1397 678 lex
1430 654 1561 690 esse,
1595 654 1701 678 cum

237 696 446 746 scripta
493 690 622 746 est),
668 706 771 743 quae
810 696 955 733 Bakius
996 696 1195 734 laudauit.
1276 697 1364 734 lloe
1406 697 1568 746 quidem
1613 696 1702 735 loco

234 762 409 789 necesse
442 755 506 786 est
537 749 630 787 addi
662 750 718 799 id,
754 765 833 801 quo
863 751 927 790 lex
959 754 1179 801 sanciatur,
1214 753 1555 802 quemadmodum
1587 754 1702 791 simi-

234 807 331 846 liter
361 807 557 857 scriptum
585 810 649 844 est
670 807 701 857 ξ.
726 806 794 847 20.
827 821 919 846 nec
951 809 1171 859 scriptis
1206 811 1375 847 omnia
1407 809 1703 859 sancienda,

236 865 301 903 ubi
338 875 552 915 perperam
594 875 667 913 pro
707 866 936 915 scriptis
976 865 1126 903 Bakius
1171 867 1348 904 coniecit
1383 867 1563 915 scitis,
1597 866 1704 917 quod

235 919 302 959 uel
341 932 388 956 eo
430 931 604 957 necesse
644 923 708 957 est
748 921 994 972 improbari,
1039 923 1131 972 quia
1174 921 1225 959 de
1257 922 1414 972 legibus
1447 936 1468 959 a
1503 922 1704 961 Cicerone

236 974 489 1024 scribendis,
529 988 610 1013 non
652 975 704 1014 de
743 976 902 1029 legibus
944 992 965 1015 a
1005 977 1156 1030 populo
1199 978 1427 1016 sciscendis
1458 992 1593 1017 sermo
1626 985 1702 1020 est.

350 1033 480 1070 iuris
512 1033 905 1085 constituendi]
937 1034 1049 1084 Jus,
1083 1034 1186 1085 quod
1212 1035 1357 1074 Bukius
1390 1035 1441 1072 de
1473 1037 1575 1086 ipsis
1597 1036 1703 1085 legi-

234 1091 309 1128 bus
348 1101 368 1126 a
411 1086 548 1126 'l‘ullio
589 1090 667 1126 iam
706 1088 991 1128 describendis
1032 1091 1110 1129 dici
1151 1096 1292 1142 putat,
1347 1091 1498 1128 dicitur
1539 1092 1591 1129 de
1636 1105 1701 1139 eo,

235 1145 340 1198 quod
381 1146 533 1182 iustum
575 1146 627 1183 sit
665 1149 707 1183 et
745 1146 851 1197 quod
890 1145 1052 1197 legibus
1085 1148 1132 1185 ab
1164 1148 1252 1198 ipso
1286 1149 1362 1185 iam
1397 1148 1699 1185 constituendis

232 1203 338 1241 uelit
366 1203 717 1241 circumscribere.
788 1202 848 1241 Ad
880 1202 1037 1253 singula
1068 1205 1157 1241 iura
1188 1203 1460 1241 describenda
1492 1205 1703 1253 pertinent

232 1259 399 1298 demum
431 1259 582 1309 uerba,
624 1271 727 1309 quae
759 1257 955 1310 deinceps
997 1261 1160 1310 posuit:
1201 1259 1352 1309 haec,
1392 1272 1516 1310 quae
1555 1272 1702 1311 quae-

230 1328 405 1354 rimus·

346 1372 380 1422 ξ.
412 1369 481 1410 20.
515 1371 839 1422 sapientius]
874 1372 990 1420 Quod
1012 1370 1134 1410 codd.
1159 1384 1302 1410 omnes
1326 1375 1470 1410 tenent
1494 1374 1701 1424 sapien-

232 1430 365 1477 tius,
404 1426 446 1464 id
488 1428 710 1478 improbari
742 1441 821 1466 non
855 1430 1039 1479 oportuit
1070 1442 1090 1465 a
1125 1428 1269 1480 steph.
1306 1433 1347 1466 et
1380 1429 1601 1479 Lambino,
1635 1431 1702 1481 qui

233 1486 415 1537 aptius
470 1483 720 1534 ediderunt,
770 1497 847 1523 nec
887 1499 908 1522 a
948 1486 1139 1533 Dauisio‚
1177 1486 1243 1535 qui
1286 1487 1700 1524 conuenientius

233 1538 550 1579 commendauit.
616 1540 874 1592 Praepositio
919 1541 1083 1592 quidem
1126 1542 1231 1579 hanc
1274 1542 1356 1578 uim
1397 1541 1538 1593 habet>
1571 1547 1616 1581 ut
1648 1543 1700 1581 ad

232 1597 329 1648 quid
360 1601 524 1648 spectet
555 1598 756 1648 sapientia
787 1599 1007 1648 significet.
1061 1596 1264 1635 Similiter
1295 1597 1443 1635 dicitur
1461 1597 1509 1650 ll,
1541 1598 1607 1640 13.
1630 1598 1699 1640 33.

232 1652 391 1692 multa
431 1652 489 1690 ad
526 1655 814 1691 ueritatem
859 1653 1218 1692 admirabilia.
1272 1654 1391 1693 Verr.
1432 1650 1467 1704 I,
1509 1656 1579 1697 21.
1632 1655 1700 1696 58.

233 1713 454 1748 ornatus
512 1707 570 1746 ad
617 1712 851 1760 speciem
902 1710 1240 1759 magnificus·
1315 1710 1506 1758 Magnam
1559 1725 1700 1751 exem-

231 1766 393 1819 plorum
426 1766 581 1816 copiam
616 1764 784 1817 collegit
814 1764 984 1803 Ellendt
1016 1766 1066 1803 ad
1090 1765 1176 1803 Cic.
1209 1764 1261 1802 de
1294 1765 1360 1802 Or.
1395 1761 1430 1815 Ι,
1461 1765 1499 1806 4.
1540 1768 1599 1807 15.

346 1835 465 1860 esse
491 1822 536 1858 sa
550 1821 805 1872 ciendum]
834 1821 1036 1873 Equidem
1060 1823 1223 1873 potiore
1243 1820 1428 1859 codicum
1454 1825 1699 1861 auctoritate

232 1880 338 1918 hunc
379 1879 597 1916 uerborum
640 1877 827 1916 ordinem
869 1877 1040 1932 (reliqui
1082 1875 1399 1915 faciendum
1432 1875 1577 1932 esse)
1609 1892 1701 1917 cum

232 1936 340 1975 Vict.
371 1941 412 1973 et
443 1934 568 1971 Bakio
601 1937 757 1986 recepi,
790 1949 867 1986 quo
890 1934 1015 1972 uerba
1039 1932 1221 1972 acuenda
1245 1931 1315 1971 illa
1338 1934 1413 1971 ita
1435 1939 1477 1972 et
1498 1935 1699 1974 facien-

229 1992 341 2030 dum
392 1991 554 2029 leuiore
596 1991 796 2030 uocabulo
840 1992 1087 2043 interposito
1117 2002 1313 2043 perquam
1360 1990 1574 2030 commode
1611 1990 1699 2030 dis-

231 2050 462 2099 iunguntur.
686 2098 689 2099 γ

343 2103 667 2153 adscribito]
711 2103 773 2141 Ex
812 2102 964 2142 codicis
1007 2103 1117 2144 arch.
1160 2100 1309 2139 mendo
1360 2101 1600 2140 adscribi
1632 2116 1728 2150 ref..

231 2161 338 2199 etius
385 2158 571 2211 plerique
620 2160 873 2210 interpretes
928 2160 1156 2197 effecerunt
1204 2157 1531 2209 adscribito‚
1582 2173 1699 2210 quam

231 2216 379 2267 Steph.
422 2220 464 2252 et
505 2215 605 2253 Dau.
659 2214 935 2265 adscribe,
974 2229 1051 2266 quo
1094 2212 1341 2265 simpliciter
1379 2216 1699 2266 significaretur,

231 2271 341 2311 uelle
371 2272 553 2310 Atticum
586 2284 692 2309 nunc
720 2271 859 2309 fratris
892 2272 1127 2309 sententiae
1151 2283 1196 2308 se
1221 2269 1415 2321 adscribi,
1447 2285 1524 2309 non
1551 2273 1700 2310 iniecta

228 2326 349 2367 simul
378 2328 679 2378 significatione
721 2327 800 2366 hoc
832 2327 881 2365 ad
914 2328 1094 2365 futurum
1126 2328 1249 2364 etiam
1282 2333 1442 2379 tempus
1474 2329 1697 2379 pertinere.

228 2385 316 2423 Csr.
353 2397 472 2436 quem
502 2382 634 2421 locum
657 2384 782 2421 Goer.
811 2382 992 2422 laudauit
1024 2384 1074 2421 ad
1094 2384 1180 2422 Att.
1204 2383 1274 2422 [V.
1311 2384 1342 2425 1.
1375 2384 1445 2424 22.
1466 2384 1699 2422 salutem

231 2441 444 2492 utrique
477 2439 784 2479 adscribito.
857 2440 1059 2479 Similiter
1107 2441 1147 2478 in
1189 2438 1285 2483 cod.
1329 2441 1440 2480 arch.
1482 2442 1699 2492 absorptae

228 2501 324 2535 sunt
355 2495 532 2547 syllabae
560 2496 610 2545 ll,
647 2495 710 2536 11.
743 2495 811 2537 28.
853 2510 999 2535 manu
1039 2510 1114 2549 pro
1157 2496 1402 2547 humana3
1443 2497 1494 2548 ll,
1531 2495 1597 2546 18,
1625 2494 1694 2535 45.

229 2559 348 2591 cato
379 2566 454 2604 pro
486 2552 749 2591 dedicato.

344 2610 589 2660 quoniam
622 2608 810 2659 igitur]
844 2609 1115 2660 Posteaquam
1139 2609 1300 2647 Atticus
1323 2613 1366 2646 et
1388 2609 1562 2656 Quintus
1586 2604 1698 2645 uelle

229 2676 277 2703 se
319 2663 513 2703 dixerunt
556 2666 657 2703 iuris
689 2669 821 2704 ortum
854 2679 876 2704 a
904 2666 1021 2704 sonte
1050 2666 1199 2718 repeti,
1233 2665 1275 2702 id
1306 2676 1350 2702 se
1381 2665 1460 2701 iam
1493 2662 1698 2701 facturum

229 2732 323 2760 esse
364 2722 420 2760 ait
462 2723 594 2760 causis
638 2721 787 2772 simul,
830 2735 902 2762 cur
939 2721 983 2761 id
1024 2722 1207 2761 facturus
1250 2722 1319 2771 sit,
1365 2718 1515 2758 allatis.
1585 2720 1698 2768 Quae

225 2776 397 2828 quidem
430 2782 651 2817 cernuntur
681 2779 722 2816 in
754 2791 825 2829 eo,
857 2777 966 2830 quod
996 2775 1110 2830 leges
1138 2779 1186 2817 ab
1217 2778 1306 2830 ipso
1337 2775 1577 2815 scribendae
1607 2788 1689 2814 non
