<?xml version="1.0" encoding="UTF-8"?>
<!DOCTYPE html PUBLIC "-//W3C//DTD XHTML 1.0 Transitional//EN"
    "http://www.w3.org/TR/xhtml1/DTD/xhtml1-transitional.dtd">
<html xmlns="http://www.w3.org/1999/xhtml" xml:lang="en" lang="en">
 <head>
  <title>
</title>
<meta http-equiv="Content-Type" content="text/html;charset=utf-8" />
  <meta name='ocr-system' content='tesseract 3.04.00' />
  <meta name='ocr-capabilities' content='ocr_page ocr_carea ocr_par ocr_line ocrx_word'/>
</head>
<body>
  <div class='ocr_page' id='page_1' title='image "./delegibuslibritr0102ciceuoft_0471.png"; bbox 0 0 1781 3192; ppageno 0'>
   <div class='ocr_carea' id='block_1_1' title="bbox 0 395 4 981">
    <p class='ocr_par' dir='ltr' id='par_1_1' title="bbox 0 395 4 981">
     <span class='ocr_line' id='line_1_1' title="bbox 0 395 4 981; baseline 0 0"><span class='ocrx_word' id='word_1_1' title='bbox 0 395 4 981; x_wconf 95' lang='lat' dir='ltr'> </span> 
     </span>
    </p>
   </div>
   <div class='ocr_carea' id='block_1_2' title="bbox 459 177 1545 219">
    <p class='ocr_par' dir='ltr' id='par_1_2' title="bbox 459 177 1545 219">
     <span class='ocr_line' id='line_1_2' title="bbox 459 177 1545 219; baseline -0.002 -1"><span class='ocrx_word' id='word_1_2' title='bbox 459 178 613 218; x_wconf 59' lang='lat' dir='ltr'>mulcti</span> <span class='ocrx_word' id='word_1_3' title='bbox 649 178 908 219; x_wconf 57' lang='lat' dir='ltr'>&#39;l&#39;btst&#39;rws</span> <span class='ocrx_word' id='word_1_4' title='bbox 960 178 1060 218; x_wconf 67' lang='lat' dir='ltr'>Gir.</span> <span class='ocrx_word' id='word_1_5' title='bbox 1095 179 1158 218; x_wconf 93' lang='grc' dir='ltr'>ΙΙΙ.</span> <span class='ocrx_word' id='word_1_6' title='bbox 1456 177 1545 216; x_wconf 80' lang='grc'>265</span> 
     </span>
    </p>
   </div>
   <div class='ocr_carea' id='block_1_3' title="bbox 43 290 1562 2823">
    <p class='ocr_par' dir='ltr' id='par_1_3' title="bbox 81 290 1542 455">
     <span class='ocr_line' id='line_1_3' title="bbox 82 290 1542 343; baseline -0.003 -10"><span class='ocrx_word' id='word_1_7' title='bbox 82 299 263 334; x_wconf 88' lang='lat' dir='ltr'>sanctum</span> <span class='ocrx_word' id='word_1_8' title='bbox 309 294 460 331; x_wconf 76' lang='lat' dir='ltr'>Romae</span> <span class='ocrx_word' id='word_1_9' title='bbox 499 297 619 341; x_wconf 80' lang='lat' dir='ltr'>erat,</span> <span class='ocrx_word' id='word_1_10' title='bbox 669 297 712 329; x_wconf 85' lang='lat' dir='ltr'>ut</span> <span class='ocrx_word' id='word_1_11' title='bbox 762 292 867 342; x_wconf 86' lang='lat' dir='ltr'>quod</span> <span class='ocrx_word' id='word_1_12' title='bbox 911 290 1051 343; x_wconf 82' lang='lat' dir='ltr'>plebes</span> <span class='ocrx_word' id='word_1_13' title='bbox 1096 292 1276 330; x_wconf 84' lang='lat' dir='ltr'>tributim</span> <span class='ocrx_word' id='word_1_14' title='bbox 1324 291 1542 340; x_wconf 85' lang='lat' dir='ltr'>iussisset,</span> 
     </span>
     <span class='ocr_line' id='line_1_4' title="bbox 81 344 1542 401; baseline -0.002 -12"><span class='ocrx_word' id='word_1_15' title='bbox 81 353 263 401; x_wconf 75' lang='lat' dir='ltr'>Quirites</span> <span class='ocrx_word' id='word_1_16' title='bbox 295 362 436 388; x_wconf 87' lang='lat' dir='ltr'>omnes</span> <span class='ocrx_word' id='word_1_17' title='bbox 466 353 643 391; x_wconf 86' lang='lat' dir='ltr'>teneret.</span> <span class='ocrx_word' id='word_1_18' title='bbox 704 347 766 386; x_wconf 75' lang='lat' dir='ltr'>Cf.</span> <span class='ocrx_word' id='word_1_19' title='bbox 802 348 853 385; x_wconf 74' lang='lat' dir='ltr'>(lc</span> <span class='ocrx_word' id='word_1_20' title='bbox 886 348 966 386; x_wconf 85' lang='lat' dir='ltr'>illis</span> <span class='ocrx_word' id='word_1_21' title='bbox 1003 350 1090 386; x_wconf 86' lang='lat' dir='ltr'>Liu.</span> <span class='ocrx_word' id='word_1_22' title='bbox 1117 344 1197 398; x_wconf 86' lang='grc' dir='ltr'>ΙΙΙ,</span> <span class='ocrx_word' id='word_1_23' title='bbox 1233 348 1303 388; x_wconf 83' lang='grc'>55.</span> <span class='ocrx_word' id='word_1_24' title='bbox 1334 345 1441 397; x_wconf 83' lang='lat' dir='ltr'>Vm,</span> <span class='ocrx_word' id='word_1_25' title='bbox 1473 347 1542 397; x_wconf 84' lang='lat'>123</span> 
     </span>
     <span class='ocr_line' id='line_1_5' title="bbox 83 403 1420 455; baseline -0.002 -9"><span class='ocrx_word' id='word_1_26' title='bbox 83 408 134 446; x_wconf 81' lang='lat' dir='ltr'>(le</span> <span class='ocrx_word' id='word_1_27' title='bbox 166 409 242 446; x_wconf 84' lang='lat' dir='ltr'>hac</span> <span class='ocrx_word' id='word_1_28' title='bbox 273 405 381 445; x_wconf 85' lang='lat' dir='ltr'>l’lin.</span> <span class='ocrx_word' id='word_1_29' title='bbox 416 407 468 444; x_wconf 90' lang='lat'>11.</span> <span class='ocrx_word' id='word_1_30' title='bbox 501 406 549 444; x_wconf 89' lang='grc' dir='ltr'>Ν.</span> <span class='ocrx_word' id='word_1_31' title='bbox 583 405 690 455; x_wconf 72' lang='lat' dir='ltr'>XVI,</span> <span class='ocrx_word' id='word_1_32' title='bbox 728 404 790 443; x_wconf 77' lang='lat'>10.</span> <span class='ocrx_word' id='word_1_33' title='bbox 823 404 891 444; x_wconf 83' lang='grc'><strong>37.</strong></span> <span class='ocrx_word' id='word_1_34' title='bbox 925 404 1033 443; x_wconf 76' lang='grc' dir='ltr'>(ὶιἸΙ.</span> <span class='ocrx_word' id='word_1_35' title='bbox 1070 406 1115 445; x_wconf 66' lang='grc' dir='ltr'>Ν.</span> <span class='ocrx_word' id='word_1_36' title='bbox 1150 406 1195 445; x_wconf 86' lang='grc' dir='ltr'><strong>Α.</strong></span> <span class='ocrx_word' id='word_1_37' title='bbox 1231 404 1319 454; x_wconf 80' lang='lat' dir='ltr'>XV,</span> <span class='ocrx_word' id='word_1_38' title='bbox 1353 403 1420 443; x_wconf 81' lang='grc'><strong>27.</strong></span> 
     </span>
    </p>

    <p class='ocr_par' dir='ltr' id='par_1_4' title="bbox 87 461 1545 629">
     <span class='ocr_line' id='line_1_6' title="bbox 199 461 1542 513; baseline -0.003 -12"><span class='ocrx_word' id='word_1_39' title='bbox 199 476 329 501; x_wconf 89' lang='lat' dir='ltr'>neue</span> <span class='ocrx_word' id='word_1_40' title='bbox 361 462 565 513; x_wconf 89' lang='lat' dir='ltr'>plebem</span> <span class='ocrx_word' id='word_1_41' title='bbox 598 461 700 511; x_wconf 79' lang='lat' dir='ltr'>cet.]</span> <span class='ocrx_word' id='word_1_42' title='bbox 765 461 873 499; x_wconf 66' lang='lat' dir='ltr'>idem</span> <span class='ocrx_word' id='word_1_43' title='bbox 905 463 943 498; x_wconf 92' lang='lat' dir='ltr'>in</span> <span class='ocrx_word' id='word_1_44' title='bbox 980 462 1188 513; x_wconf 73' lang='lat' dir='ltr'><strong>republica</strong></span> <span class='ocrx_word' id='word_1_45' title='bbox 1221 474 1323 499; x_wconf 89' lang='lat' dir='ltr'>rom.</span> <span class='ocrx_word' id='word_1_46' title='bbox 1357 465 1542 498; x_wconf 82' lang='lat' dir='ltr'>sanctum</span> 
     </span>
     <span class='ocr_line' id='line_1_7' title="bbox 87 517 1545 570; baseline -0.003 -11"><span class='ocrx_word' id='word_1_47' title='bbox 87 522 164 560; x_wconf 83' lang='lat' dir='ltr'>suit</span> <span class='ocrx_word' id='word_1_48' title='bbox 191 519 285 570; x_wconf 77' lang='lat' dir='ltr'>lege</span> <span class='ocrx_word' id='word_1_49' title='bbox 317 518 463 556; x_wconf 86' lang='lat' dir='ltr'>Duillia</span> <span class='ocrx_word' id='word_1_50' title='bbox 496 522 552 564; x_wconf 89' lang='lat' dir='ltr'>(a.</span> <span class='ocrx_word' id='word_1_51' title='bbox 583 519 712 568; x_wconf 79' lang='lat'><strong>305),</strong></span> <span class='ocrx_word' id='word_1_52' title='bbox 745 523 788 555; x_wconf 91' lang='lat' dir='ltr'>ut</span> <span class='ocrx_word' id='word_1_53' title='bbox 819 519 883 569; x_wconf 93' lang='lat' dir='ltr'>qui</span> <span class='ocrx_word' id='word_1_54' title='bbox 916 518 1077 570; x_wconf 90' lang='lat' dir='ltr'>plebem</span> <span class='ocrx_word' id='word_1_55' title='bbox 1117 520 1208 556; x_wconf 87' lang='lat' dir='ltr'>sine</span> <span class='ocrx_word' id='word_1_56' title='bbox 1241 518 1414 555; x_wconf 88' lang='lat' dir='ltr'>tribunis</span> <span class='ocrx_word' id='word_1_57' title='bbox 1444 517 1545 555; x_wconf 87' lang='lat' dir='ltr'>reli-</span> 
     </span>
     <span class='ocr_line' id='line_1_8' title="bbox 87 574 1258 629; baseline -0.003 -12"><span class='ocrx_word' id='word_1_58' title='bbox 87 579 258 629; x_wconf 80' lang='lat' dir='ltr'>quisset,</span> <span class='ocrx_word' id='word_1_59' title='bbox 288 580 403 626; x_wconf 79' lang='lat' dir='ltr'>tergo</span> <span class='ocrx_word' id='word_1_60' title='bbox 438 580 480 613; x_wconf 91' lang='lat' dir='ltr'>et</span> <span class='ocrx_word' id='word_1_61' title='bbox 511 578 644 627; x_wconf 89' lang='lat' dir='ltr'>capite</span> <span class='ocrx_word' id='word_1_62' title='bbox 676 574 932 613; x_wconf 73' lang='lat' dir='ltr'>caederetur.</span> <span class='ocrx_word' id='word_1_63' title='bbox 966 576 1055 613; x_wconf 84' lang='lat' dir='ltr'>Liu.</span> <span class='ocrx_word' id='word_1_64' title='bbox 1090 575 1156 623; x_wconf 85' lang='grc' dir='ltr'>ΙΙΙ,</span> <span class='ocrx_word' id='word_1_65' title='bbox 1190 574 1258 614; x_wconf 87' lang='grc'>55.</span> 
     </span>
    </p>

    <p class='ocr_par' dir='ltr' id='par_1_5' title="bbox 85 630 1546 796">
     <span class='ocr_line' id='line_1_9' title="bbox 199 630 1546 684; baseline -0.004 -13"><span class='ocrx_word' id='word_1_66' title='bbox 199 631 230 682; x_wconf 76' lang='lat'>§.</span> <span class='ocrx_word' id='word_1_67' title='bbox 264 632 325 671; x_wconf 83' lang='lat'><strong>10.</strong></span> <span class='ocrx_word' id='word_1_68' title='bbox 388 632 694 684; x_wconf 81' lang='lat' dir='ltr'><strong>auspicium]</strong></span> <span class='ocrx_word' id='word_1_69' title='bbox 761 632 985 669; x_wconf 77' lang='lat' dir='ltr'>Maioribus</span> <span class='ocrx_word' id='word_1_70' title='bbox 1027 632 1336 679; x_wconf 63' lang='lat' dir='ltr'>magistratibus</span> <span class='ocrx_word' id='word_1_71' title='bbox 1377 630 1546 678; x_wconf 84' lang='lat' dir='ltr'>maiora,</span> 
     </span>
     <span class='ocr_line' id='line_1_10' title="bbox 86 686 1546 740; baseline -0.001 -13"><span class='ocrx_word' id='word_1_72' title='bbox 86 689 310 727; x_wconf 85' lang='lat' dir='ltr'>minoribus</span> <span class='ocrx_word' id='word_1_73' title='bbox 343 689 501 727; x_wconf 90' lang='lat' dir='ltr'>minora</span> <span class='ocrx_word' id='word_1_74' title='bbox 537 694 652 727; x_wconf 87' lang='lat' dir='ltr'>erant</span> <span class='ocrx_word' id='word_1_75' title='bbox 681 690 874 740; x_wconf 85' lang='lat' dir='ltr'>auspicia.</span> <span class='ocrx_word' id='word_1_76' title='bbox 937 689 1001 726; x_wconf 83' lang='lat' dir='ltr'>Cs.</span> <span class='ocrx_word' id='word_1_77' title='bbox 1030 687 1139 726; x_wconf 78' lang='lat' dir='ltr'>Gell.</span> <span class='ocrx_word' id='word_1_78' title='bbox 1174 689 1226 737; x_wconf 70' lang='lat' dir='ltr'>N,</span> <span class='ocrx_word' id='word_1_79' title='bbox 1256 690 1303 726; x_wconf 85' lang='lat' dir='ltr'><strong>A.</strong></span> <span class='ocrx_word' id='word_1_80' title='bbox 1337 686 1443 736; x_wconf 80' lang='lat' dir='ltr'>Xlll,</span> <span class='ocrx_word' id='word_1_81' title='bbox 1481 686 1546 726; x_wconf 79' lang='grc'>15.</span> 
     </span>
     <span class='ocr_line' id='line_1_11' title="bbox 85 742 1046 796; baseline -0.004 -11"><span class='ocrx_word' id='word_1_82' title='bbox 85 747 273 794; x_wconf 69' lang='lat' dir='ltr'>Hartung</span> <span class='ocrx_word' id='word_1_83' title='bbox 306 743 396 783; x_wconf 84' lang='lat' dir='ltr'>Rel.</span> <span class='ocrx_word' id='word_1_84' title='bbox 431 745 506 783; x_wconf 90' lang='lat' dir='ltr'>der</span> <span class='ocrx_word' id='word_1_85' title='bbox 539 747 655 783; x_wconf 63' lang='lat' dir='ltr'>Ram.</span> <span class='ocrx_word' id='word_1_86' title='bbox 691 742 725 783; x_wconf 88' lang='lat' dir='ltr'>l.</span> <span class='ocrx_word' id='word_1_87' title='bbox 758 758 795 796; x_wconf 87' lang='lat' dir='ltr'>p.</span> <span class='ocrx_word' id='word_1_88' title='bbox 833 745 922 784; x_wconf 80' lang='lat'><strong>111.</strong></span> <span class='ocrx_word' id='word_1_89' title='bbox 957 758 1046 795; x_wconf 86' lang='lat' dir='ltr'><strong>sqq.</strong></span> 
     </span>
    </p>

    <p class='ocr_par' dir='ltr' id='par_1_6' title="bbox 43 799 1551 1415">
     <span class='ocr_line' id='line_1_12' title="bbox 199 799 1546 852; baseline -0.002 -13"><span class='ocrx_word' id='word_1_90' title='bbox 199 801 581 852; x_wconf 81' lang='lat' dir='ltr'>iudiciumque]</span> <span class='ocrx_word' id='word_1_91' title='bbox 643 803 842 839; x_wconf 84' lang='lat' dir='ltr'>Omnibus</span> <span class='ocrx_word' id='word_1_92' title='bbox 877 802 1178 851; x_wconf 65' lang='lat' dir='ltr'>magistratibus</span> <span class='ocrx_word' id='word_1_93' title='bbox 1210 801 1250 837; x_wconf 94' lang='lat' dir='ltr'>in</span> <span class='ocrx_word' id='word_1_94' title='bbox 1283 812 1355 837; x_wconf 91' lang='lat' dir='ltr'>suo</span> <span class='ocrx_word' id='word_1_95' title='bbox 1398 799 1546 849; x_wconf 88' lang='lat' dir='ltr'>cuique</span> 
     </span>
     <span class='ocr_line' id='line_1_13' title="bbox 84 857 1546 908; baseline -0.003 -11"><span class='ocrx_word' id='word_1_96' title='bbox 84 871 253 897; x_wconf 90' lang='lat' dir='ltr'>munere</span> <span class='ocrx_word' id='word_1_97' title='bbox 286 858 502 896; x_wconf 86' lang='lat' dir='ltr'>accusandi</span> <span class='ocrx_word' id='word_1_98' title='bbox 535 865 576 896; x_wconf 81' lang='lat' dir='ltr'>et</span> <span class='ocrx_word' id='word_1_99' title='bbox 606 858 759 896; x_wconf 85' lang='lat' dir='ltr'>multae</span> <span class='ocrx_word' id='word_1_100' title='bbox 791 858 988 896; x_wconf 86' lang='lat' dir='ltr'>dicendae</span> <span class='ocrx_word' id='word_1_101' title='bbox 1018 862 1267 908; x_wconf 82' lang='lat' dir='ltr'>potestatem</span> <span class='ocrx_word' id='word_1_102' title='bbox 1301 857 1428 894; x_wconf 73' lang='lat' dir='ltr'>fuisse</span> <span class='ocrx_word' id='word_1_103' title='bbox 1461 861 1546 892; x_wconf 89' lang='lat' dir='ltr'>tra-</span> 
     </span>
     <span class='ocr_line' id='line_1_14' title="bbox 85 912 1547 965; baseline -0.003 -12"><span class='ocrx_word' id='word_1_104' title='bbox 85 916 189 953; x_wconf 90' lang='lat' dir='ltr'>dunt</span> <span class='ocrx_word' id='word_1_105' title='bbox 226 915 342 952; x_wconf 87' lang='lat' dir='ltr'>Dion.</span> <span class='ocrx_word' id='word_1_106' title='bbox 386 913 478 954; x_wconf 81' lang='lat' dir='ltr'>llal,</span> <span class='ocrx_word' id='word_1_107' title='bbox 518 915 578 965; x_wconf 88' lang='lat' dir='ltr'>X,</span> <span class='ocrx_word' id='word_1_108' title='bbox 610 916 675 955; x_wconf 76' lang='lat'>50.</span> <span class='ocrx_word' id='word_1_109' title='bbox 719 914 826 952; x_wconf 65' lang='lat' dir='ltr'>Geli.</span> <span class='ocrx_word' id='word_1_110' title='bbox 866 916 917 952; x_wconf 61' lang='lat' dir='ltr'><strong>N.</strong></span> <span class='ocrx_word' id='word_1_111' title='bbox 951 917 1000 952; x_wconf 81' lang='lat' dir='ltr'><strong>A.</strong></span> <span class='ocrx_word' id='word_1_112' title='bbox 1040 914 1116 963; x_wconf 88' lang='grc' dir='ltr'>ΧΙ,</span> <span class='ocrx_word' id='word_1_113' title='bbox 1165 915 1200 952; x_wconf 84' lang='grc' dir='ltr'>Ἰ.</span> <span class='ocrx_word' id='word_1_114' title='bbox 1241 912 1281 953; x_wconf 89' lang='grc'>3.</span> <span class='ocrx_word' id='word_1_115' title='bbox 1354 912 1547 949; x_wconf 87' lang='lat' dir='ltr'>Ceterum</span> 
     </span>
     <span class='ocr_line' id='line_1_15' title="bbox 86 970 1545 1019; baseline -0.005 -8"><span class='ocrx_word' id='word_1_116' title='bbox 86 985 175 1011; x_wconf 89' lang='lat' dir='ltr'>cum</span> <span class='ocrx_word' id='word_1_117' title='bbox 209 972 430 1008; x_wconf 88' lang='lat' dir='ltr'>maioribus</span> <span class='ocrx_word' id='word_1_118' title='bbox 462 984 541 1009; x_wconf 88' lang='lat' dir='ltr'>non</span> <span class='ocrx_word' id='word_1_119' title='bbox 575 984 716 1009; x_wconf 86' lang='lat' dir='ltr'>omnes</span> <span class='ocrx_word' id='word_1_120' title='bbox 749 972 912 1008; x_wconf 91' lang='lat' dir='ltr'>omnino</span> <span class='ocrx_word' id='word_1_121' title='bbox 941 970 1020 1008; x_wconf 82' lang='lat' dir='ltr'>(lici</span> <span class='ocrx_word' id='word_1_122' title='bbox 1055 972 1318 1019; x_wconf 72' lang='lat' dir='ltr'>magistratus</span> <span class='ocrx_word' id='word_1_123' title='bbox 1349 970 1545 1017; x_wconf 88' lang='lat' dir='ltr'>minores,</span> 
     </span>
     <span class='ocr_line' id='line_1_16' title="bbox 86 1024 1549 1079; baseline -0.003 -13"><span class='ocrx_word' id='word_1_124' title='bbox 86 1027 203 1067; x_wconf 90' lang='lat' dir='ltr'>uelut</span> <span class='ocrx_word' id='word_1_125' title='bbox 249 1028 484 1065; x_wconf 87' lang='lat' dir='ltr'>triumuiros</span> <span class='ocrx_word' id='word_1_126' title='bbox 535 1027 757 1079; x_wconf 73' lang='lat' dir='ltr'>capitales,</span> <span class='ocrx_word' id='word_1_127' title='bbox 804 1026 1057 1075; x_wconf 76' lang='lat' dir='ltr'><strong>monetales,</strong></span> <span class='ocrx_word' id='word_1_128' title='bbox 1109 1025 1315 1076; x_wconf 82' lang='lat' dir='ltr'>reliquos,</span> <span class='ocrx_word' id='word_1_129' title='bbox 1365 1024 1439 1061; x_wconf 81' lang='lat' dir='ltr'>sed</span> <span class='ocrx_word' id='word_1_130' title='bbox 1477 1036 1549 1061; x_wconf 86' lang='lat' dir='ltr'>eos</span> 
     </span>
     <span class='ocr_line' id='line_1_17' title="bbox 43 1080 1547 1134; baseline -0.005 -11"><span class='ocrx_word' id='word_1_131' title='bbox 43 1105 51 1117; x_wconf 69' lang='grc' dir='ltr'>ι</span> <span class='ocrx_word' id='word_1_132' title='bbox 86 1089 267 1133; x_wconf 85' lang='lat' dir='ltr'>tantum,</span> <span class='ocrx_word' id='word_1_133' title='bbox 319 1097 487 1134; x_wconf 89' lang='lat' dir='ltr'>quorum</span> <span class='ocrx_word' id='word_1_134' title='bbox 536 1090 673 1122; x_wconf 87' lang='lat' dir='ltr'>certus</span> <span class='ocrx_word' id='word_1_135' title='bbox 722 1084 821 1121; x_wconf 90' lang='lat' dir='ltr'>ordo</span> <span class='ocrx_word' id='word_1_136' title='bbox 871 1088 985 1120; x_wconf 89' lang='lat' dir='ltr'>esset</span> <span class='ocrx_word' id='word_1_137' title='bbox 1034 1081 1321 1134; x_wconf 78' lang='lat' dir='ltr'>(quaestores,</span> <span class='ocrx_word' id='word_1_138' title='bbox 1373 1080 1547 1129; x_wconf 78' lang='lat' dir='ltr'>aediles,</span> 
     </span>
     <span class='ocr_line' id='line_1_18' title="bbox 85 1137 1548 1194; baseline -0.003 -16"><span class='ocrx_word' id='word_1_139' title='bbox 85 1146 315 1194; x_wconf 73' lang='lat' dir='ltr'>praetoreS,</span> <span class='ocrx_word' id='word_1_140' title='bbox 349 1138 561 1193; x_wconf 90' lang='lat' dir='ltr'>consules)</span> <span class='ocrx_word' id='word_1_141' title='bbox 592 1139 658 1177; x_wconf 92' lang='lat' dir='ltr'>uel</span> <span class='ocrx_word' id='word_1_142' title='bbox 691 1141 787 1177; x_wconf 87' lang='lat' dir='ltr'>hinc</span> <span class='ocrx_word' id='word_1_143' title='bbox 820 1138 1086 1188; x_wconf 74' lang='lat' dir='ltr'>intelligitur,</span> <span class='ocrx_word' id='word_1_144' title='bbox 1117 1137 1223 1187; x_wconf 93' lang='lat' dir='ltr'>quod</span> <span class='ocrx_word' id='word_1_145' title='bbox 1255 1150 1302 1176; x_wconf 88' lang='lat' dir='ltr'>ex</span> <span class='ocrx_word' id='word_1_146' title='bbox 1335 1138 1395 1174; x_wconf 90' lang='lat' dir='ltr'>eis</span> <span class='ocrx_word' id='word_1_147' title='bbox 1428 1149 1548 1174; x_wconf 90' lang='lat' dir='ltr'>sena-</span> 
     </span>
     <span class='ocr_line' id='line_1_19' title="bbox 87 1193 1548 1247; baseline -0.003 -13"><span class='ocrx_word' id='word_1_148' title='bbox 87 1204 152 1236; x_wconf 90' lang='lat' dir='ltr'>tus</span> <span class='ocrx_word' id='word_1_149' title='bbox 187 1209 278 1234; x_wconf 87' lang='lat' dir='ltr'>esse</span> <span class='ocrx_word' id='word_1_150' title='bbox 311 1198 496 1244; x_wconf 82' lang='lat' dir='ltr'>iubetur3</span> <span class='ocrx_word' id='word_1_151' title='bbox 531 1195 638 1247; x_wconf 94' lang='lat' dir='ltr'>quod</span> <span class='ocrx_word' id='word_1_152' title='bbox 667 1197 724 1233; x_wconf 90' lang='lat' dir='ltr'>sic</span> <span class='ocrx_word' id='word_1_153' title='bbox 754 1202 853 1245; x_wconf 90' lang='lat' dir='ltr'>puto</span> <span class='ocrx_word' id='word_1_154' title='bbox 885 1194 1059 1244; x_wconf 76' lang='lat' dir='ltr'>intelligi</span> <span class='ocrx_word' id='word_1_155' title='bbox 1094 1199 1313 1243; x_wconf 86' lang='lat' dir='ltr'>oportere,</span> <span class='ocrx_word' id='word_1_156' title='bbox 1348 1198 1391 1230; x_wconf 87' lang='lat' dir='ltr'>ut</span> <span class='ocrx_word' id='word_1_157' title='bbox 1418 1193 1548 1242; x_wconf 77' lang='lat' dir='ltr'>magi-</span> 
     </span>
     <span class='ocr_line' id='line_1_20' title="bbox 87 1247 1551 1303; baseline -0.004 -12"><span class='ocrx_word' id='word_1_158' title='bbox 87 1259 238 1291; x_wconf 86' lang='lat' dir='ltr'>stratus</span> <span class='ocrx_word' id='word_1_159' title='bbox 271 1264 376 1289; x_wconf 90' lang='lat' dir='ltr'>anno</span> <span class='ocrx_word' id='word_1_160' title='bbox 411 1253 448 1288; x_wconf 91' lang='lat' dir='ltr'>in</span> <span class='ocrx_word' id='word_1_161' title='bbox 482 1258 625 1290; x_wconf 90' lang='lat' dir='ltr'>senatu</span> <span class='ocrx_word' id='word_1_162' title='bbox 658 1252 820 1303; x_wconf 88' lang='lat' dir='ltr'>possint</span> <span class='ocrx_word' id='word_1_163' title='bbox 851 1251 1022 1301; x_wconf 87' lang='lat' dir='ltr'>adesse,</span> <span class='ocrx_word' id='word_1_164' title='bbox 1063 1262 1110 1286; x_wconf 90' lang='lat' dir='ltr'>eo</span> <span class='ocrx_word' id='word_1_165' title='bbox 1152 1247 1436 1300; x_wconf 85' lang='lat' dir='ltr'>praeterlapso</span> <span class='ocrx_word' id='word_1_166' title='bbox 1475 1261 1551 1299; x_wconf 89' lang='lat' dir='ltr'>per</span> 
     </span>
     <span class='ocr_line' id='line_1_21' title="bbox 85 1306 1549 1361; baseline -0.003 -13"><span class='ocrx_word' id='word_1_167' title='bbox 85 1312 196 1361; x_wconf 85' lang='lat' dir='ltr'>ipsos</span> <span class='ocrx_word' id='word_1_168' title='bbox 233 1321 426 1346; x_wconf 88' lang='lat' dir='ltr'>censores</span> <span class='ocrx_word' id='word_1_169' title='bbox 466 1307 633 1359; x_wconf 79' lang='lat' dir='ltr'>legendi</span> <span class='ocrx_word' id='word_1_170' title='bbox 674 1309 769 1348; x_wconf 86' lang='lat' dir='ltr'>sint.</span> <span class='ocrx_word' id='word_1_171' title='bbox 833 1308 899 1347; x_wconf 82' lang='lat' dir='ltr'><strong>Cf.</strong></span> <span class='ocrx_word' id='word_1_172' title='bbox 940 1308 974 1358; x_wconf 74' lang='lat'>§-</span> <span class='ocrx_word' id='word_1_173' title='bbox 1017 1309 1056 1347; x_wconf 77' lang='lat'><strong>7.</strong></span> <span class='ocrx_word' id='word_1_174' title='bbox 1096 1306 1271 1344; x_wconf 84' lang='lat' dir='ltr'>Beckeri</span> <span class='ocrx_word' id='word_1_175' title='bbox 1310 1306 1406 1344; x_wconf 83' lang='lat' dir='ltr'>Ant.</span> <span class='ocrx_word' id='word_1_176' title='bbox 1446 1318 1549 1344; x_wconf 84' lang='lat' dir='ltr'>rom.</span> 
     </span>
     <span class='ocr_line' id='line_1_22' title="bbox 88 1361 418 1415; baseline -0.003 -12"><span class='ocrx_word' id='word_1_177' title='bbox 88 1363 146 1414; x_wconf 89' lang='lat' dir='ltr'>ll,</span> <span class='ocrx_word' id='word_1_178' title='bbox 177 1365 217 1404; x_wconf 82' lang='lat'><strong>2.</strong></span> <span class='ocrx_word' id='word_1_179' title='bbox 248 1378 288 1415; x_wconf 90' lang='lat' dir='ltr'>p.</span> <span class='ocrx_word' id='word_1_180' title='bbox 322 1361 418 1403; x_wconf 67' lang='lat'><strong>304.</strong></span> 
     </span>
    </p>

    <p class='ocr_par' dir='ltr' id='par_1_7' title="bbox 89 1417 1548 1640">
     <span class='ocr_line' id='line_1_23' title="bbox 203 1417 1548 1469; baseline -0.001 -13"><span class='ocrx_word' id='word_1_181' title='bbox 203 1431 359 1469; x_wconf 86' lang='lat' dir='ltr'>exque</span> <span class='ocrx_word' id='word_1_182' title='bbox 403 1419 489 1469; x_wconf 89' lang='lat' dir='ltr'>iis]</span> <span class='ocrx_word' id='word_1_183' title='bbox 561 1420 628 1457; x_wconf 89' lang='lat' dir='ltr'>Sic</span> <span class='ocrx_word' id='word_1_184' title='bbox 660 1418 783 1456; x_wconf 89' lang='lat' dir='ltr'>malui</span> <span class='ocrx_word' id='word_1_185' title='bbox 816 1433 904 1458; x_wconf 91' lang='lat' dir='ltr'>cum</span> <span class='ocrx_word' id='word_1_186' title='bbox 939 1419 1048 1456; x_wconf 76' lang='lat' dir='ltr'>Uict.</span> <span class='ocrx_word' id='word_1_187' title='bbox 1083 1418 1151 1458; x_wconf 85' lang='lat' dir='ltr'>Or.</span> <span class='ocrx_word' id='word_1_188' title='bbox 1186 1417 1308 1455; x_wconf 85' lang='lat' dir='ltr'>Bakio</span> <span class='ocrx_word' id='word_1_189' title='bbox 1348 1417 1548 1466; x_wconf 87' lang='lat' dir='ltr'>scribere,</span> 
     </span>
     <span class='ocr_line' id='line_1_24' title="bbox 89 1472 1547 1528; baseline -0.002 -14"><span class='ocrx_word' id='word_1_190' title='bbox 89 1488 207 1527; x_wconf 86' lang='lat' dir='ltr'>quam</span> <span class='ocrx_word' id='word_1_191' title='bbox 240 1475 456 1513; x_wconf 87' lang='lat' dir='ltr'>c11n1Gzio</span> <span class='ocrx_word' id='word_1_192' title='bbox 490 1482 532 1512; x_wconf 91' lang='lat' dir='ltr'>et</span> <span class='ocrx_word' id='word_1_193' title='bbox 554 1476 716 1513; x_wconf 80' lang='lat' dir='ltr'>Mosero</span> <span class='ocrx_word' id='word_1_194' title='bbox 749 1488 912 1525; x_wconf 85' lang='lat' dir='ltr'>exque</span> <span class='ocrx_word' id='word_1_195' title='bbox 942 1475 1021 1512; x_wconf 86' lang='lat' dir='ltr'>his</span> <span class='ocrx_word' id='word_1_196' title='bbox 1054 1472 1222 1528; x_wconf 88' lang='lat' dir='ltr'>(Lamb.</span> <span class='ocrx_word' id='word_1_197' title='bbox 1259 1486 1393 1525; x_wconf 89' lang='lat' dir='ltr'>eque</span> <span class='ocrx_word' id='word_1_198' title='bbox 1424 1472 1547 1527; x_wconf 84' lang='lat' dir='ltr'>his).</span> 
     </span>
     <span class='ocr_line' id='line_1_25' title="bbox 90 1531 1548 1582; baseline -0.003 -11"><span class='ocrx_word' id='word_1_199' title='bbox 90 1532 232 1582; x_wconf 85' lang='lat' dir='ltr'>Steph.</span> <span class='ocrx_word' id='word_1_200' title='bbox 267 1532 366 1570; x_wconf 89' lang='lat' dir='ltr'>Dau.</span> <span class='ocrx_word' id='word_1_201' title='bbox 399 1531 500 1570; x_wconf 82' lang='lat' dir='ltr'>Ern.</span> <span class='ocrx_word' id='word_1_202' title='bbox 536 1532 571 1568; x_wconf 59' lang='grc' dir='ltr'>ἣ</span> <span class='ocrx_word' id='word_1_203' title='bbox 586 1545 674 1581; x_wconf 79' lang='lat' dir='ltr'>agn.</span> <span class='ocrx_word' id='word_1_204' title='bbox 709 1531 899 1571; x_wconf 78' lang='lat' dir='ltr'>Schuetz.</span> <span class='ocrx_word' id='word_1_205' title='bbox 943 1544 998 1568; x_wconf 81' lang='lat' dir='ltr'>ex</span> <span class='ocrx_word' id='word_1_206' title='bbox 1031 1534 1207 1581; x_wconf 87' lang='lat' dir='ltr'>quois,</span> <span class='ocrx_word' id='word_1_207' title='bbox 1249 1532 1458 1568; x_wconf 82' lang='lat' dir='ltr'>Manutius</span> <span class='ocrx_word' id='word_1_208' title='bbox 1491 1543 1548 1568; x_wconf 82' lang='lat' dir='ltr'>ex</span> 
     </span>
     <span class='ocr_line' id='line_1_26' title="bbox 91 1587 1546 1640; baseline -0.001 -14"><span class='ocrx_word' id='word_1_209' title='bbox 91 1590 220 1640; x_wconf 85' lang='lat' dir='ltr'>quiS.</span> <span class='ocrx_word' id='word_1_210' title='bbox 282 1589 336 1626; x_wconf 85' lang='lat' dir='ltr'>At</span> <span class='ocrx_word' id='word_1_211' title='bbox 362 1600 479 1638; x_wconf 88' lang='lat' dir='ltr'>pron.</span> <span class='ocrx_word' id='word_1_212' title='bbox 514 1588 632 1625; x_wconf 88' lang='lat' dir='ltr'>relat.</span> <span class='ocrx_word' id='word_1_213' title='bbox 667 1587 843 1625; x_wconf 81' lang='lat' dir='ltr'>alienum</span> <span class='ocrx_word' id='word_1_214' title='bbox 873 1592 937 1625; x_wconf 87' lang='lat' dir='ltr'>est</span> <span class='ocrx_word' id='word_1_215' title='bbox 960 1589 998 1624; x_wconf 92' lang='lat' dir='ltr'>in</span> <span class='ocrx_word' id='word_1_216' title='bbox 1023 1587 1289 1639; x_wconf 83' lang='lat' dir='ltr'>proponenda</span> <span class='ocrx_word' id='word_1_217' title='bbox 1311 1587 1403 1636; x_wconf 76' lang='lat' dir='ltr'>lege</span> <span class='ocrx_word' id='word_1_218' title='bbox 1428 1600 1546 1626; x_wconf 87' lang='lat' dir='ltr'>noua.</span> 
     </span>
    </p>

    <p class='ocr_par' dir='ltr' id='par_1_8' title="bbox 89 1644 1562 2823">
     <span class='ocr_line' id='line_1_27' title="bbox 206 1644 1551 1695; baseline -0.001 -14"><span class='ocrx_word' id='word_1_219' title='bbox 206 1648 289 1681; x_wconf 82' lang='lat' dir='ltr'>ast</span> <span class='ocrx_word' id='word_1_220' title='bbox 320 1645 592 1694; x_wconf 80' lang='lat' dir='ltr'>potestas]</span> <span class='ocrx_word' id='word_1_221' title='bbox 657 1645 733 1681; x_wconf 92' lang='lat' dir='ltr'>Pro</span> <span class='ocrx_word' id='word_1_222' title='bbox 767 1657 837 1693; x_wconf 75' lang='lat' dir='ltr'>co,</span> <span class='ocrx_word' id='word_1_223' title='bbox 879 1644 985 1695; x_wconf 91' lang='lat' dir='ltr'>quod</span> <span class='ocrx_word' id='word_1_224' title='bbox 1018 1645 1058 1681; x_wconf 92' lang='lat' dir='ltr'>in</span> <span class='ocrx_word' id='word_1_225' title='bbox 1093 1644 1182 1684; x_wconf 84' lang='lat' dir='ltr'>cod.</span> <span class='ocrx_word' id='word_1_226' title='bbox 1216 1644 1328 1681; x_wconf 87' lang='lat' dir='ltr'>arch.</span> <span class='ocrx_word' id='word_1_227' title='bbox 1362 1644 1440 1681; x_wconf 77' lang='lat' dir='ltr'>ruit</span> <span class='ocrx_word' id='word_1_228' title='bbox 1471 1649 1551 1680; x_wconf 83' lang='lat' dir='ltr'>ast</span> 
     </span>
     <span class='ocr_line' id='line_1_28' title="bbox 90 1700 1550 1752; baseline -0.001 -14"><span class='ocrx_word' id='word_1_229' title='bbox 90 1703 361 1752; x_wconf 89' lang='lat' dir='ltr'>potestas,</span> <span class='ocrx_word' id='word_1_230' title='bbox 403 1700 510 1740; x_wconf 72' lang='lat' dir='ltr'>[siet.</span> <span class='ocrx_word' id='word_1_231' title='bbox 551 1702 698 1751; x_wconf 79' lang='lat' dir='ltr'>Stepli.</span> <span class='ocrx_word' id='word_1_232' title='bbox 733 1701 871 1740; x_wconf 87' lang='lat' dir='ltr'>Lamb.</span> <span class='ocrx_word' id='word_1_233' title='bbox 907 1701 1007 1739; x_wconf 87' lang='lat' dir='ltr'>Dau.</span> <span class='ocrx_word' id='word_1_234' title='bbox 1039 1701 1140 1738; x_wconf 77' lang='lat' dir='ltr'>Ern.</span> <span class='ocrx_word' id='word_1_235' title='bbox 1175 1701 1212 1737; x_wconf 63' lang='lat' dir='ltr'>Vt</span> <span class='ocrx_word' id='word_1_236' title='bbox 1228 1713 1320 1749; x_wconf 78' lang='lat' dir='ltr'>agn.</span> <span class='ocrx_word' id='word_1_237' title='bbox 1351 1712 1550 1750; x_wconf 86' lang='lat' dir='ltr'>peruerse</span> 
     </span>
     <span class='ocr_line' id='line_1_29' title="bbox 90 1754 1548 1809; baseline -0.001 -14"><span class='ocrx_word' id='word_1_238' title='bbox 90 1757 347 1808; x_wconf 86' lang='lat' dir='ltr'>scripserunt</span> <span class='ocrx_word' id='word_1_239' title='bbox 378 1762 458 1794; x_wconf 87' lang='lat' dir='ltr'>ast</span> <span class='ocrx_word' id='word_1_240' title='bbox 488 1758 535 1795; x_wconf 91' lang='lat' dir='ltr'>ni</span> <span class='ocrx_word' id='word_1_241' title='bbox 567 1762 673 1808; x_wconf 91' lang='lat' dir='ltr'>pot.</span> <span class='ocrx_word' id='word_1_242' title='bbox 717 1754 832 1809; x_wconf 89' lang='lat' dir='ltr'>(nam</span> <span class='ocrx_word' id='word_1_243' title='bbox 861 1758 1015 1795; x_wconf 89' lang='lat' dir='ltr'>seruari</span> <span class='ocrx_word' id='word_1_244' title='bbox 1049 1759 1171 1795; x_wconf 89' lang='lat' dir='ltr'>etiam</span> <span class='ocrx_word' id='word_1_245' title='bbox 1206 1756 1395 1794; x_wconf 80' lang='lat' dir='ltr'>solebant</span> <span class='ocrx_word' id='word_1_246' title='bbox 1427 1769 1548 1794; x_wconf 89' lang='lat' dir='ltr'>sena-</span> 
     </span>
     <span class='ocr_line' id='line_1_30' title="bbox 90 1811 1553 1865; baseline -0.001 -14"><span class='ocrx_word' id='word_1_247' title='bbox 90 1819 156 1851; x_wconf 89' lang='lat' dir='ltr'>tus</span> <span class='ocrx_word' id='word_1_248' title='bbox 198 1813 491 1862; x_wconf 84' lang='lat' dir='ltr'>auctoritates,</span> <span class='ocrx_word' id='word_1_249' title='bbox 534 1827 612 1851; x_wconf 94' lang='lat' dir='ltr'>non</span> <span class='ocrx_word' id='word_1_250' title='bbox 656 1814 776 1851; x_wconf 87' lang='lat' dir='ltr'>modo</span> <span class='ocrx_word' id='word_1_251' title='bbox 820 1811 1039 1865; x_wconf 86' lang='lat' dir='ltr'>decreta);</span> <span class='ocrx_word' id='word_1_252' title='bbox 1081 1813 1227 1851; x_wconf 90' lang='lat' dir='ltr'>melius</span> <span class='ocrx_word' id='word_1_253' title='bbox 1267 1813 1319 1849; x_wconf 92' lang='lat' dir='ltr'>de</span> <span class='ocrx_word' id='word_1_254' title='bbox 1362 1813 1553 1863; x_wconf 68' lang='lat' dir='ltr'>wytten-</span> 
     </span>
     <span class='ocr_line' id='line_1_31' title="bbox 92 1868 1549 1920; baseline -0.001 -13"><span class='ocrx_word' id='word_1_255' title='bbox 92 1869 224 1907; x_wconf 86' lang='lat' dir='ltr'>bachii</span> <span class='ocrx_word' id='word_1_256' title='bbox 269 1869 503 1907; x_wconf 88' lang='lat' dir='ltr'>coniectura</span> <span class='ocrx_word' id='word_1_257' title='bbox 543 1871 732 1908; x_wconf 54' lang='lat' dir='ltr'>*Mose-rus</span> <span class='ocrx_word' id='word_1_258' title='bbox 775 1875 816 1907; x_wconf 91' lang='lat' dir='ltr'>et</span> <span class='ocrx_word' id='word_1_259' title='bbox 848 1868 1024 1907; x_wconf 87' lang='lat' dir='ltr'>Orellius</span> <span class='ocrx_word' id='word_1_260' title='bbox 1065 1875 1146 1907; x_wconf 90' lang='lat' dir='ltr'>ast</span> <span class='ocrx_word' id='word_1_261' title='bbox 1187 1871 1230 1907; x_wconf 87' lang='lat' dir='ltr'>si</span> <span class='ocrx_word' id='word_1_262' title='bbox 1271 1876 1398 1920; x_wconf 48' lang='lat' dir='ltr'>pot,</span> <span class='ocrx_word' id='word_1_263' title='bbox 1441 1868 1549 1919; x_wconf 88' lang='lat' dir='ltr'>quod</span> 
     </span>
     <span class='ocr_line' id='line_1_32' title="bbox 89 1923 1552 1977; baseline -0.001 -12"><span class='ocrx_word' id='word_1_264' title='bbox 89 1926 200 1965; x_wconf 91' lang='lat' dir='ltr'>idem</span> <span class='ocrx_word' id='word_1_265' title='bbox 240 1925 387 1962; x_wconf 77' lang='lat' dir='ltr'>Bakius</span> <span class='ocrx_word' id='word_1_266' title='bbox 426 1928 614 1976; x_wconf 90' lang='lat' dir='ltr'>probauit</span> <span class='ocrx_word' id='word_1_267' title='bbox 654 1932 936 1977; x_wconf 82' lang='lat' dir='ltr'>tentatunique</span> <span class='ocrx_word' id='word_1_268' title='bbox 976 1926 1134 1977; x_wconf 84' lang='lat' dir='ltr'>pridem</span> <span class='ocrx_word' id='word_1_269' title='bbox 1189 1930 1252 1963; x_wconf 87' lang='lat' dir='ltr'>est</span> <span class='ocrx_word' id='word_1_270' title='bbox 1297 1927 1334 1962; x_wconf 94' lang='lat' dir='ltr'>in</span> <span class='ocrx_word' id='word_1_271' title='bbox 1383 1925 1471 1965; x_wconf 71' lang='lat' dir='ltr'>cod,</span> <span class='ocrx_word' id='word_1_272' title='bbox 1516 1923 1552 1976; x_wconf 79' lang='grc' dir='ltr'>β</span> 
     </span>
     <span class='ocr_line' id='line_1_33' title="bbox 93 1980 1552 2036; baseline 0 -16"><span class='ocrx_word' id='word_1_273' title='bbox 93 1980 168 2036; x_wconf 89' lang='lat' dir='ltr'>(at</span> <span class='ocrx_word' id='word_1_274' title='bbox 199 1980 282 2034; x_wconf 88' lang='lat' dir='ltr'>si).</span> <span class='ocrx_word' id='word_1_275' title='bbox 343 1981 426 2019; x_wconf 81' lang='lat' dir='ltr'>Sed</span> <span class='ocrx_word' id='word_1_276' title='bbox 460 1996 597 2033; x_wconf 87' lang='lat' dir='ltr'>parum</span> <span class='ocrx_word' id='word_1_277' title='bbox 633 1981 829 2020; x_wconf 87' lang='lat' dir='ltr'>credibile</span> <span class='ocrx_word' id='word_1_278' title='bbox 853 1989 932 2032; x_wconf 90' lang='lat' dir='ltr'>est,</span> <span class='ocrx_word' id='word_1_279' title='bbox 964 1996 1179 2033; x_wconf 86' lang='lat' dir='ltr'>paucorum</span> <span class='ocrx_word' id='word_1_280' title='bbox 1210 1995 1399 2020; x_wconf 89' lang='lat' dir='ltr'>uersuum</span> <span class='ocrx_word' id='word_1_281' title='bbox 1423 1983 1552 2020; x_wconf 89' lang='lat' dir='ltr'>inter—</span> 
     </span>
     <span class='ocr_line' id='line_1_34' title="bbox 91 2038 1552 2092; baseline -0.001 -15"><span class='ocrx_word' id='word_1_282' title='bbox 91 2042 202 2077; x_wconf 87' lang='lat' dir='ltr'>iecto</span> <span class='ocrx_word' id='word_1_283' title='bbox 246 2038 378 2088; x_wconf 78' lang='lat' dir='ltr'>spatio</span> <span class='ocrx_word' id='word_1_284' title='bbox 416 2041 548 2076; x_wconf 91' lang='lat' dir='ltr'>tribus</span> <span class='ocrx_word' id='word_1_285' title='bbox 587 2040 784 2090; x_wconf 84' lang='lat' dir='ltr'>deinceps</span> <span class='ocrx_word' id='word_1_286' title='bbox 823 2038 926 2077; x_wconf 86' lang='lat' dir='ltr'>locis</span> <span class='ocrx_word' id='word_1_287' title='bbox 964 2038 1079 2092; x_wconf 89' lang='lat' dir='ltr'>(nam</span> <span class='ocrx_word' id='word_1_288' title='bbox 1124 2041 1246 2077; x_wconf 86' lang='lat' dir='ltr'>etiam</span> <span class='ocrx_word' id='word_1_289' title='bbox 1295 2044 1378 2076; x_wconf 89' lang='lat' dir='ltr'>aut</span> <span class='ocrx_word' id='word_1_290' title='bbox 1423 2038 1552 2089; x_wconf 88' lang='lat' dir='ltr'>quid</span> 
     </span>
     <span class='ocr_line' id='line_1_35' title="bbox 93 2093 1551 2148; baseline 0 -16"><span class='ocrx_word' id='word_1_291' title='bbox 93 2100 230 2132; x_wconf 89' lang='lat' dir='ltr'>natum</span> <span class='ocrx_word' id='word_1_292' title='bbox 275 2098 339 2130; x_wconf 82' lang='lat' dir='ltr'>est</span> <span class='ocrx_word' id='word_1_293' title='bbox 377 2106 425 2131; x_wconf 88' lang='lat' dir='ltr'>ex</span> <span class='ocrx_word' id='word_1_294' title='bbox 467 2101 544 2133; x_wconf 87' lang='lat' dir='ltr'>ast</span> <span class='ocrx_word' id='word_1_295' title='bbox 583 2095 726 2146; x_wconf 86' lang='lat' dir='ltr'>quid,</span> <span class='ocrx_word' id='word_1_296' title='bbox 767 2108 847 2132; x_wconf 92' lang='lat' dir='ltr'>non</span> <span class='ocrx_word' id='word_1_297' title='bbox 886 2108 942 2131; x_wconf 85' lang='lat' dir='ltr'>ex</span> <span class='ocrx_word' id='word_1_298' title='bbox 983 2102 1063 2132; x_wconf 86' lang='lat' dir='ltr'>ast</span> <span class='ocrx_word' id='word_1_299' title='bbox 1103 2098 1141 2132; x_wconf 94' lang='lat' dir='ltr'>si</span> <span class='ocrx_word' id='word_1_300' title='bbox 1185 2093 1334 2148; x_wconf 88' lang='lat' dir='ltr'>quid)</span> <span class='ocrx_word' id='word_1_301' title='bbox 1377 2096 1551 2132; x_wconf 88' lang='lat' dir='ltr'>eandem</span> 
     </span>
     <span class='ocr_line' id='line_1_36' title="bbox 96 2149 1551 2202; baseline 0 -14"><span class='ocrx_word' id='word_1_302' title='bbox 96 2149 336 2202; x_wconf 81' lang='lat' dir='ltr'>particulam</span> <span class='ocrx_word' id='word_1_303' title='bbox 370 2157 438 2188; x_wconf 89' lang='lat' dir='ltr'>aut</span> <span class='ocrx_word' id='word_1_304' title='bbox 468 2164 561 2189; x_wconf 79' lang='lat' dir='ltr'>casu</span> <span class='ocrx_word' id='word_1_305' title='bbox 595 2153 771 2202; x_wconf 78' lang='lat' dir='ltr'>periisse</span> <span class='ocrx_word' id='word_1_306' title='bbox 804 2156 873 2188; x_wconf 88' lang='lat' dir='ltr'>aut</span> <span class='ocrx_word' id='word_1_307' title='bbox 904 2150 956 2187; x_wconf 89' lang='lat' dir='ltr'>de</span> <span class='ocrx_word' id='word_1_308' title='bbox 987 2151 1191 2188; x_wconf 87' lang='lat' dir='ltr'>industria</span> <span class='ocrx_word' id='word_1_309' title='bbox 1223 2163 1315 2188; x_wconf 88' lang='lat' dir='ltr'>esse</span> <span class='ocrx_word' id='word_1_310' title='bbox 1338 2150 1551 2189; x_wconf 85' lang='lat' dir='ltr'>sublatam.</span> 
     </span>
     <span class='ocr_line' id='line_1_37' title="bbox 97 2206 1550 2258; baseline -0.001 -12"><span class='ocrx_word' id='word_1_311' title='bbox 97 2206 240 2258; x_wconf 86' lang='lat' dir='ltr'>ltaque</span> <span class='ocrx_word' id='word_1_312' title='bbox 282 2211 366 2243; x_wconf 88' lang='lat' dir='ltr'>ast</span> <span class='ocrx_word' id='word_1_313' title='bbox 405 2221 493 2244; x_wconf 88' lang='lat' dir='ltr'>cum</span> <span class='ocrx_word' id='word_1_314' title='bbox 534 2208 642 2247; x_wconf 79' lang='lat' dir='ltr'>Man.</span> <span class='ocrx_word' id='word_1_315' title='bbox 685 2208 811 2245; x_wconf 85' lang='lat' dir='ltr'>Goer.</span> <span class='ocrx_word' id='word_1_316' title='bbox 852 2207 1075 2245; x_wconf 84' lang='lat' dir='ltr'>Schuetzio</span> <span class='ocrx_word' id='word_1_317' title='bbox 1117 2207 1378 2245; x_wconf 88' lang='lat' dir='ltr'>retinendum</span> <span class='ocrx_word' id='word_1_318' title='bbox 1429 2215 1550 2258; x_wconf 89' lang='lat' dir='ltr'>puto,</span> 
     </span>
     <span class='ocr_line' id='line_1_38' title="bbox 96 2261 1551 2315; baseline 0.003 -17"><span class='ocrx_word' id='word_1_319' title='bbox 96 2276 175 2299; x_wconf 89' lang='lat' dir='ltr'>non</span> <span class='ocrx_word' id='word_1_320' title='bbox 219 2261 325 2312; x_wconf 89' lang='lat' dir='ltr'>quod</span> <span class='ocrx_word' id='word_1_321' title='bbox 363 2269 445 2300; x_wconf 90' lang='lat' dir='ltr'>ast</span> <span class='ocrx_word' id='word_1_322' title='bbox 486 2277 576 2301; x_wconf 91' lang='lat' dir='ltr'>cum</span> <span class='ocrx_word' id='word_1_323' title='bbox 617 2262 698 2301; x_wconf 84' lang='lat' dir='ltr'>illis</span> <span class='ocrx_word' id='word_1_324' title='bbox 748 2277 821 2315; x_wconf 89' lang='lat' dir='ltr'>pro</span> <span class='ocrx_word' id='word_1_325' title='bbox 867 2269 945 2301; x_wconf 88' lang='lat' dir='ltr'>ast</span> <span class='ocrx_word' id='word_1_326' title='bbox 995 2265 1037 2301; x_wconf 89' lang='lat' dir='ltr'>si</span> <span class='ocrx_word' id='word_1_327' title='bbox 1087 2265 1274 2315; x_wconf 86' lang='lat' dir='ltr'>usurpari</span> <span class='ocrx_word' id='word_1_328' title='bbox 1323 2265 1551 2302; x_wconf 79' lang='lat' dir='ltr'>existimem</span> 
     </span>
     <span class='ocr_line' id='line_1_39' title="bbox 98 2317 1553 2372; baseline 0.003 -18"><span class='ocrx_word' id='word_1_329' title='bbox 98 2317 226 2371; x_wconf 87' lang='lat' dir='ltr'>(nihil</span> <span class='ocrx_word' id='word_1_330' title='bbox 259 2318 366 2353; x_wconf 83' lang='lat' dir='ltr'>enim</span> <span class='ocrx_word' id='word_1_331' title='bbox 400 2321 534 2368; x_wconf 86' lang='lat' dir='ltr'>prisca</span> <span class='ocrx_word' id='word_1_332' title='bbox 560 2321 691 2357; x_wconf 84' lang='lat' dir='ltr'>forma</span> <span class='ocrx_word' id='word_1_333' title='bbox 722 2326 804 2357; x_wconf 86' lang='lat' dir='ltr'>ast</span> <span class='ocrx_word' id='word_1_334' title='bbox 835 2320 973 2357; x_wconf 77' lang='lat' dir='ltr'>differt</span> <span class='ocrx_word' id='word_1_335' title='bbox 1006 2333 1028 2358; x_wconf 91' lang='lat' dir='ltr'>a</span> <span class='ocrx_word' id='word_1_336' title='bbox 1067 2322 1300 2359; x_wconf 81' lang='lat' dir='ltr'>recentiore</span> <span class='ocrx_word' id='word_1_337' title='bbox 1343 2318 1440 2372; x_wconf 87' lang='lat' dir='ltr'>at),</span> <span class='ocrx_word' id='word_1_338' title='bbox 1479 2322 1553 2358; x_wconf 87' lang='lat' dir='ltr'>sed</span> 
     </span>
     <span class='ocr_line' id='line_1_40' title="bbox 99 2369 1552 2428; baseline 0.003 -18"><span class='ocrx_word' id='word_1_339' title='bbox 99 2376 191 2425; x_wconf 88' lang='lat' dir='ltr'>quia</span> <span class='ocrx_word' id='word_1_340' title='bbox 223 2373 394 2411; x_wconf 85' lang='lat' dir='ltr'>Romani</span> <span class='ocrx_word' id='word_1_341' title='bbox 428 2375 632 2412; x_wconf 85' lang='lat' dir='ltr'>interdum</span> <span class='ocrx_word' id='word_1_342' title='bbox 667 2374 765 2412; x_wconf 87' lang='lat' dir='ltr'>duas</span> <span class='ocrx_word' id='word_1_343' title='bbox 791 2369 1054 2426; x_wconf 70' lang='lat' dir='ltr'>sententias,</span> <span class='ocrx_word' id='word_1_344' title='bbox 1076 2390 1243 2428; x_wconf 88' lang='lat' dir='ltr'>quarum</span> <span class='ocrx_word' id='word_1_345' title='bbox 1285 2376 1414 2414; x_wconf 86' lang='lat' dir='ltr'>altera</span> <span class='ocrx_word' id='word_1_346' title='bbox 1446 2377 1552 2415; x_wconf 84' lang='lat' dir='ltr'>alte-</span> 
     </span>
     <span class='ocr_line' id='line_1_41' title="bbox 99 2428 1554 2484; baseline 0.002 -16"><span class='ocrx_word' id='word_1_347' title='bbox 99 2432 183 2468; x_wconf 86' lang='lat' dir='ltr'>rius</span> <span class='ocrx_word' id='word_1_348' title='bbox 224 2428 405 2468; x_wconf 83' lang='lat' dir='ltr'>conditio</span> <span class='ocrx_word' id='word_1_349' title='bbox 447 2438 536 2481; x_wconf 88' lang='lat' dir='ltr'>est,</span> <span class='ocrx_word' id='word_1_350' title='bbox 580 2430 845 2469; x_wconf 86' lang='lat' dir='ltr'>conditionali</span> <span class='ocrx_word' id='word_1_351' title='bbox 888 2433 1088 2483; x_wconf 83' lang='lat' dir='ltr'>particula</span> <span class='ocrx_word' id='word_1_352' title='bbox 1135 2434 1286 2471; x_wconf 87' lang='lat' dir='ltr'>omissa</span> <span class='ocrx_word' id='word_1_353' title='bbox 1330 2446 1378 2471; x_wconf 87' lang='lat' dir='ltr'>ex</span> <span class='ocrx_word' id='word_1_354' title='bbox 1425 2446 1554 2484; x_wconf 89' lang='lat' dir='ltr'>aequo</span> 
     </span>
     <span class='ocr_line' id='line_1_42' title="bbox 98 2487 1553 2542; baseline 0.003 -18"><span class='ocrx_word' id='word_1_355' title='bbox 98 2491 273 2540; x_wconf 89' lang='lat' dir='ltr'>ponunt,</span> <span class='ocrx_word' id='word_1_356' title='bbox 307 2499 399 2525; x_wconf 89' lang='lat' dir='ltr'>esse</span> <span class='ocrx_word' id='word_1_357' title='bbox 431 2494 499 2526; x_wconf 88' lang='lat' dir='ltr'>aut</span> <span class='ocrx_word' id='word_1_358' title='bbox 527 2489 616 2527; x_wconf 89' lang='lat' dir='ltr'>fieri</span> <span class='ocrx_word' id='word_1_359' title='bbox 648 2487 799 2538; x_wconf 81' lang='lat' dir='ltr'>aliquid</span> <span class='ocrx_word' id='word_1_360' title='bbox 830 2490 1050 2539; x_wconf 77' lang='lat' dir='ltr'>fingentes,</span> <span class='ocrx_word' id='word_1_361' title='bbox 1092 2490 1200 2541; x_wconf 91' lang='lat' dir='ltr'>quod</span> <span class='ocrx_word' id='word_1_362' title='bbox 1228 2491 1260 2527; x_wconf 91' lang='lat' dir='ltr'>si</span> <span class='ocrx_word' id='word_1_363' title='bbox 1294 2490 1447 2527; x_wconf 87' lang='lat' dir='ltr'>factum</span> <span class='ocrx_word' id='word_1_364' title='bbox 1484 2492 1553 2542; x_wconf 90' lang='lat' dir='ltr'>sit,</span> 
     </span>
     <span class='ocr_line' id='line_1_43' title="bbox 100 2541 1556 2594; baseline 0.003 -13"><span class='ocrx_word' id='word_1_365' title='bbox 100 2542 209 2581; x_wconf 85' lang='lat' dir='ltr'>aliud</span> <span class='ocrx_word' id='word_1_366' title='bbox 242 2549 447 2593; x_wconf 84' lang='lat' dir='ltr'>sequatur.</span> <span class='ocrx_word' id='word_1_367' title='bbox 510 2543 573 2583; x_wconf 81' lang='lat' dir='ltr'>Cf.</span> <span class='ocrx_word' id='word_1_368' title='bbox 606 2545 705 2583; x_wconf 86' lang='lat' dir='ltr'>Hor.</span> <span class='ocrx_word' id='word_1_369' title='bbox 739 2543 825 2582; x_wconf 86' lang='lat' dir='ltr'>Sat.</span> <span class='ocrx_word' id='word_1_370' title='bbox 858 2541 894 2594; x_wconf 94' lang='lat' dir='ltr'>I,</span> <span class='ocrx_word' id='word_1_371' title='bbox 926 2544 966 2584; x_wconf 89' lang='grc'>3.</span> <span class='ocrx_word' id='word_1_372' title='bbox 1006 2546 1068 2586; x_wconf 87' lang='grc'>15.</span> <span class='ocrx_word' id='word_1_373' title='bbox 1111 2546 1285 2585; x_wconf 87' lang='lat' dir='ltr'>decies</span> <span class='ocrx_word' id='word_1_374' title='bbox 1327 2551 1556 2585; x_wconf 89' lang='lat' dir='ltr'>centena</span> 
     </span>
     <span class='ocr_line' id='line_1_44' title="bbox 100 2598 1555 2652; baseline 0.003 -14"><span class='ocrx_word' id='word_1_375' title='bbox 100 2598 348 2638; x_wconf 81' lang='lat' dir='ltr'>dedisses</span> <span class='ocrx_word' id='word_1_376' title='bbox 380 2601 500 2638; x_wconf 90' lang='lat' dir='ltr'>huic</span> <span class='ocrx_word' id='word_1_377' title='bbox 529 2613 705 2651; x_wconf 88' lang='lat' dir='ltr'>parco,</span> <span class='ocrx_word' id='word_1_378' title='bbox 738 2602 972 2652; x_wconf 88' lang='lat' dir='ltr'>quinque</span> <span class='ocrx_word' id='word_1_379' title='bbox 1011 2602 1198 2641; x_wconf 89' lang='lat' dir='ltr'>diebus</span> <span class='ocrx_word' id='word_1_380' title='bbox 1239 2601 1311 2640; x_wconf 92' lang='lat' dir='ltr'>nil</span> <span class='ocrx_word' id='word_1_381' title='bbox 1352 2608 1463 2641; x_wconf 89' lang='lat' dir='ltr'>erat</span> <span class='ocrx_word' id='word_1_382' title='bbox 1504 2606 1555 2642; x_wconf 90' lang='lat' dir='ltr'>in</span> 
     </span>
     <span class='ocr_line' id='line_1_45' title="bbox 99 2653 1554 2710; baseline 0.003 -17"><span class='ocrx_word' id='word_1_383' title='bbox 99 2654 308 2696; x_wconf 84' lang='lat' dir='ltr'>loculis.</span> <span class='ocrx_word' id='word_1_384' title='bbox 371 2657 467 2696; x_wconf 84' lang='lat' dir='ltr'>Ter.</span> <span class='ocrx_word' id='word_1_385' title='bbox 511 2658 661 2695; x_wconf 86' lang='lat' dir='ltr'>lleaut.</span> <span class='ocrx_word' id='word_1_386' title='bbox 702 2653 791 2706; x_wconf 82' lang='grc' dir='ltr'>ΙΙΙ,</span> <span class='ocrx_word' id='word_1_387' title='bbox 834 2657 868 2697; x_wconf 87' lang='grc'><strong>1.</strong></span> <span class='ocrx_word' id='word_1_388' title='bbox 908 2657 974 2698; x_wconf 79' lang='grc'>78.</span> <span class='ocrx_word' id='word_1_389' title='bbox 1007 2658 1129 2697; x_wconf 88' lang='lat' dir='ltr'>dare</span> <span class='ocrx_word' id='word_1_390' title='bbox 1171 2659 1554 2710; x_wconf 83' lang='lat' dir='ltr'>denegaueris:</span> 
     </span>
     <span class='ocr_line' id='line_1_46' title="bbox 97 2712 1557 2767; baseline 0.003 -17"><span class='ocrx_word' id='word_1_391' title='bbox 97 2713 203 2750; x_wconf 85' lang='lat' dir='ltr'>ibit</span> <span class='ocrx_word' id='word_1_392' title='bbox 242 2712 300 2750; x_wconf 89' lang='lat' dir='ltr'>ad</span> <span class='ocrx_word' id='word_1_393' title='bbox 342 2712 482 2751; x_wconf 86' lang='lat' dir='ltr'>aliud</span> <span class='ocrx_word' id='word_1_394' title='bbox 521 2712 687 2752; x_wconf 88' lang='lat' dir='ltr'>illico.</span> <span class='ocrx_word' id='word_1_395' title='bbox 757 2713 946 2764; x_wconf 79' lang='lat' dir='ltr'>Magnam</span> <span class='ocrx_word' id='word_1_396' title='bbox 989 2716 1267 2767; x_wconf 87' lang='lat' dir='ltr'>exemplorum</span> <span class='ocrx_word' id='word_1_397' title='bbox 1311 2718 1468 2766; x_wconf 88' lang='lat' dir='ltr'>copiam</span> <span class='ocrx_word' id='word_1_398' title='bbox 1510 2728 1557 2754; x_wconf 69' lang='lat' dir='ltr'>ex</span> 
     </span>
     <span class='ocr_line' id='line_1_47' title="bbox 99 2768 1562 2823; baseline 0.002 -17"><span class='ocrx_word' id='word_1_399' title='bbox 99 2770 233 2821; x_wconf 68' lang='lat' dir='ltr'>poetis</span> <span class='ocrx_word' id='word_1_400' title='bbox 274 2768 530 2821; x_wconf 77' lang='lat' dir='ltr'>collegerunt</span> <span class='ocrx_word' id='word_1_401' title='bbox 570 2769 708 2810; x_wconf 78' lang='lat' dir='ltr'>Bentl.</span> <span class='ocrx_word' id='word_1_402' title='bbox 750 2768 800 2808; x_wconf 86' lang='lat' dir='ltr'>ad</span> <span class='ocrx_word' id='word_1_403' title='bbox 839 2771 940 2810; x_wconf 84' lang='lat' dir='ltr'>Hor.</span> <span class='ocrx_word' id='word_1_404' title='bbox 974 2771 1060 2811; x_wconf 80' lang='lat' dir='ltr'>Sat.</span> <span class='ocrx_word' id='word_1_405' title='bbox 1093 2773 1142 2823; x_wconf 84' lang='lat' dir='ltr'>ll,</span> <span class='ocrx_word' id='word_1_406' title='bbox 1176 2772 1215 2814; x_wconf 81' lang='grc'><strong>6.</strong></span> <span class='ocrx_word' id='word_1_407' title='bbox 1250 2771 1317 2812; x_wconf 52' lang='grc' dir='ltr'>ἐς.</span> <span class='ocrx_word' id='word_1_408' title='bbox 1354 2771 1562 2810; x_wconf 74' lang='lat' dir='ltr'>Heindorf</span> 
     </span>
    </p>
   </div>
   <div class='ocr_carea' id='block_1_4' title="bbox 1315 2848 1336 2861">
    <p class='ocr_par' dir='ltr' id='par_1_9' title="bbox 1315 2848 1336 2861">
     <span class='ocr_line' id='line_1_48' title="bbox 1315 2848 1336 2861; baseline 0 0"><span class='ocrx_word' id='word_1_409' title='bbox 1315 2848 1336 2861; x_wconf 63' lang='grc' dir='ltr'>Ἡ·</span> 
     </span>
    </p>
   </div>
  </div>
 </body>
</html>
