1781 3192
458 701 552 755 Μ.
591 701 940 756 Τιτιιιι
970 702 1486 758 mommolus

652 834 788 904 DE
836 835 1290 906 LEGIBUS

726 994 884 1034 LlBER
919 995 1224 1034 SECUNDUS.

901 1137 1036 1149 ...-

356 1244 404 1288 Ῑ.
465 1246 499 1297 ᾗ.
537 1247 573 1287 1.
633 1245 890 1297 Fibreno,
926 1260 1000 1299 pro
1043 1260 1121 1298 quo
1162 1243 1350 1285 nonnulli
1392 1245 1514 1285 codd.
1555 1246 1709 1284 habent

242 1299 505 1352 Fibrino,
557 1303 745 1342 codicum
802 1316 1003 1342 consensu
1054 1305 1338 1341 confirmatum
1392 1307 1456 1341 est
1508 1307 1550 1341 et
1601 1301 1708 1354 apud

243 1362 430 1395 nostrum
463 1359 513 1408 11,
547 1359 579 1409 ᾗ.
609 1359 650 1400 6.
683 1365 726 1397 et
765 1359 873 1410 apud
915 1358 984 1398 Sil.
1023 1355 1076 1398 It.
1123 1360 1238 1409 vul,
1271 1358 1369 1400 398.
1437 1360 1538 1397 Erat
1573 1364 1707 1397 autem

243 1413 451 1452 Fibrenus
485 1415 634 1452 fluuius
667 1415 778 1453 iuxta
809 1416 1004 1465 Arpinum
1038 1416 1079 1452 in
1110 1416 1246 1453 Lirem
1278 1417 1469 1454 influens.

357 1482 467 1508 nam
500 1469 554 1508 id
585 1470 791 1522 opinor]
860 1468 916 1509 Id
947 1473 1149 1509 correctio
1188 1473 1422 1509 necessaria
1462 1475 1550 1521 est,
1591 1483 1708 1522 quam

242 1529 338 1579 post
369 1525 526 1566 Manut.
558 1527 662 1566 Dau.
694 1527 796 1566 Ern.
830 1526 963 1565 denuo
997 1526 1230 1578 Maduigius
1263 1527 1521 1577 (Emendatt.
1554 1541 1596 1580 p.
1620 1526 1709 1574 58.)

245 1581 575 1634 commendauit,
615 1584 683 1635 qui
705 1580 905 1633 'Orellio,
945 1583 1085 1633 Bakio,
1116 1585 1312 1635 Zumptio
1344 1586 1566 1636 persuasit.
1627 1582 1709 1622 Sed

243 1637 391 1677 melius
433 1639 510 1678 hoc
551 1645 647 1678 ante
688 1642 878 1693 opinor
917 1640 1125 1679 Manutius
1159 1639 1392 1691 Bakiusque
1421 1642 1711 1690 restituerunt,

246 1708 363 1746 quam
423 1695 572 1748 reliqui
621 1701 715 1735 ante
770 1695 876 1736 illi.
925 1695 1122 1745 (Orellius
1170 1701 1261 1735 utro
1308 1695 1397 1734 loco
1443 1698 1709 1745 restitueret,

245 1752 501 1800 haesitauit).
563 1753 762 1791 Nimirum
805 1753 1028 1791 etiamtunc
1061 1752 1111 1790 ad
1143 1754 1277 1791 Lirem
1311 1751 1519 1790 ambulans
1559 1751 1609 1789 ad
1650 1750 1709 1789 al-

243 1814 376 1847 terum
404 1809 570 1847 fluuium
595 1809 732 1848 tendit
756 1810 995 1859 Fibrenum,
1020 1809 1072 1846 de
1096 1811 1226 1858 cuius,
1252 1813 1295 1847 ut
1316 1807 1507 1859 ignobilis
1530 1809 1711 1857 nomine,

248 1879 337 1903 cum
369 1866 532 1904 Atticus
563 1870 661 1904 tunc
688 1867 863 1917 primum
897 1878 944 1903 eo
977 1866 1178 1915 uenisset,
1209 1877 1404 1916 perquam
1436 1862 1569 1902 facilis
1598 1875 1712 1901 error

247 1925 347 1960 erat.
411 1921 546 1970 Quare
581 1923 755 1973 ueritus,
790 1934 843 1960 ne
871 1923 912 1960 in
943 1921 1064 1959 fluuio
1105 1919 1274 1971 ignobili
1314 1918 1562 1959 nominando
1600 1932 1712 1957 erra-

245 1979 369 2027 uerit,
401 1979 597 2029 opinione
620 1977 722 2017 illud
745 1980 822 2017 niti
854 1978 1053 2028 adiungit.
1105 1977 1238 2016 Praua
1271 1981 1335 2015 est
1358 1977 1451 2015 Gzii
1479 1977 1713 2014 coniectura

246 2049 267 2073 a
306 2034 528 2073 Schuetzio
566 2037 739 2087 probata
779 2048 888 2073 nam
933 2036 1119 2085 opinor
1157 2034 1263 2072 Liri
1302 2031 1463 2071 alteri
1502 2031 1710 2070 flumini

244 2104 433 2129 nomen
485 2104 603 2129 esse
651 2093 820 2141 eiusque
872 2089 1080 2128 simillima
1125 2090 1317 2128 Creuzeri
1369 2102 1477 2126 nam
1527 2090 1712 2139 opinor

243 2145 335 2185 illi
368 2145 528 2184 alteri
561 2145 773 2185 flumini
806 2147 914 2184 Liri
946 2157 1131 2183 nomen
1175 2158 1289 2183 esse
1331 2150 1373 2183 et
1409 2144 1566 2183 Moseri
1604 2158 1711 2183 nam

245 2203 360 2242 Liri
406 2203 592 2253 opinor
631 2202 718 2241 illi
759 2201 919 2239 alteri
960 2200 1163 2239 flumini
1206 2213 1388 2239 nomen
1432 2214 1576 2250 esse;
1609 2214 1712 2251 quae

246 2259 344 2297 hinc
377 2262 473 2296 nata
505 2263 592 2309 est,
636 2257 745 2309 quod
784 2257 961 2296 Atticum
1001 2271 1089 2296 cum
1134 2259 1274 2297 Marco
1310 2261 1352 2295 et
1389 2259 1539 2307 Quinto
1582 2256 1712 2296 adhuc

249 2314 298 2353 ad
317 2314 544 2352 Fibrenum
577 2312 851 2353 ambulauisse
885 2313 1124 2352 credebant.
1186 2315 1237 2352 At
1269 2313 1363 2364 quid
1394 2318 1492 2352 tunc
1524 2313 1576 2351 de
1607 2313 1712 2351 alte-

249 2372 333 2410 rius
366 2371 545 2408 fluminis
576 2373 742 2410 nomine
772 2383 968 2422 quaerere
1009 2372 1226 2421 attinebat,
1267 2383 1356 2408 cum
1387 2368 1561 2408 insulam
1592 2374 1711 2422 pete·
1778 2384 1781 2420 ξ

248 2431 343 2466 rent
380 2427 421 2465 in
462 2428 552 2478 ipso
588 2429 769 2467 Fibreno
815 2428 951 2465 sitam.
1024 2426 1181 2465 Deinde
1219 2427 1369 2465 retinui
1411 2426 1517 2477 quod
1545 2427 1586 2463 in
1619 2425 1711 2464 cod.

248 2483 356 2523 arch.
406 2483 485 2521 fuit
532 2496 679 2534 esse,
723 2497 797 2536 pro
846 2497 922 2534 quo
959 2483 1060 2521 Dau.
1108 2488 1150 2521 et
1184 2482 1326 2522 Madu.
1374 2481 1712 2521 commendarunt

249 2544 348 2579 est.
408 2540 529 2578 Licet
560 2542 668 2579 enim
704 2542 892 2592 opinor
923 2541 964 2578 in
995 2540 1213 2578 interiecta
1243 2542 1448 2578 sententia
1469 2537 1711 2590 plerumque

249 2595 421 2647 reliquis
454 2597 591 2635 uerbis
623 2598 912 2648 interiiciatur,
945 2595 1045 2634 nihil
1076 2601 1214 2635 tamen
1243 2595 1433 2648 impedit,
1466 2607 1542 2646 quo
1576 2595 1708 2631 minus
1777 2621 1781 2647 5

250 2653 316 2703 id,
374 2651 481 2703 quod
524 2655 616 2703 quis
665 2654 889 2706 opinetur,
938 2665 987 2691 ex
1031 2651 1280 2705 opinandi
1331 2652 1455 2690 uerbo
1502 2654 1710 2691 nectatur.
1777 2659 1781 2703 j

252 2721 453 2761 Similiter
484 2734 532 2760 ex
565 2720 822 2760 credendi
855 2721 1008 2770 uerbo,
1041 2719 1148 2771 quod
1178 2722 1219 2758 in
1246 2721 1375 2757 ironia
1397 2719 1487 2757 sere
1518 2723 1709 2767 παρδν-

250 2779 471 2825 τεὲυίῶς
510 2790 703 2842 ponitur,
744 2788 932 2828 uidemus
974 2789 1219 2827 infinitiuum
1262 2786 1460 2841 pendere.
1528 2786 1609 2826 Cic.
1637 2798 1710 2838 pro
