1781 3192
680 182 1038 225 FRAGMENTA.
1514 187 1599 226 143

334 290 392 338 V.
427 291 570 354 apud
606 291 755 338 Seru.
791 291 864 339 ad
909 292 1051 358 Ue'rg.
1087 293 1215 340 Aen.
1260 293 1317 351 V,
1354 295 1433 340 16.

231 381 386 425 Cicero
419 386 475 425 ait
497 385 533 426 in
556 385 671 427 libris
691 385 862 442 legum:
901 384 1065 441 Stipem
1088 387 1314 441 prohibe03
1349 400 1443 428 nam
1469 394 1599 447 auget

126 451 541 505 superstitionemet
579 451 775 493 exhaurit
818 450 978 493 domos.
1048 452 1198 510 Dignis
1236 454 1365 511 igitur
1400 454 1597 513 largien-

126 515 226 559 dum
263 520 342 558 est.

406 631 457 679 V
458 632 496 678 I.
530 633 674 697 apud
709 633 945 681 Macrob.
984 634 1098 681 Sal.
1134 634 1179 682 V
1180 635 1224 691 I,
1264 637 1315 682 4.

223 724 351 767 Uisne
373 725 527 783 igitur,
567 727 758 782 quoniam
790 727 853 770 sol
883 727 1113 783 paullulum
1137 741 1163 768 a
1194 729 1368 771 meridie
1397 730 1479 771 iam
1512 730 1593 772 de-

120 804 255 834 uexus
301 791 493 849 uidetur,
538 793 775 849 nequedum
820 795 921 836 satis
968 798 1018 835 ab
1058 793 1123 835 his
1158 794 1335 836 nouellis
1375 797 1593 839 arboribus

121 860 253 900 omnis
294 857 360 900 hic
398 858 516 900 locus
555 864 782 918 opacatur,
828 860 1132 903 descendamus
1171 861 1223 902 ad
1262 860 1405 904 Lirem
1443 876 1592 919 eaque,

121 938 228 980 quae
260 928 441 983 restant,
478 926 517 966 in
547 925 627 969 illis
661 927 851 970 alnorum
884 928 1138 969 umbraculis
1168 926 1505 984 persequamur?

114 1121 265 1154 ferenda
291 1132 370 1153 esse
396 1120 571 1154 uidentur.
626 1121 677 1152 Ad
698 1132 804 1162 quam
834 1120 910 1153 eius
935 1125 1074 1163 partem
1101 1122 1314 1164 pertineant,
1341 1122 1408 1165 ipsi
1436 1134 1503 1156 non
1527 1124 1589 1156 de-

113 1178 257 1210 finiunt.
308 1177 379 1210 Sed
402 1175 532 1209 merito
560 1177 709 1216 Bakius,
736 1188 815 1209 cum
839 1182 920 1210 ante
945 1177 1017 1210 iam
1045 1178 1205 1210 Orellius
1231 1178 1444 1219 dubitasset,
1471 1184 1589 1212 utrum

113 1233 234 1266 uerbis
259 1233 304 1265 in
333 1232 536 1275 legibus
563 1233 748 1267 Ciceronis
774 1234 817 1266 de
839 1234 984 1278 legibus
1010 1233 1107 1273 libri,
1134 1245 1177 1266 an
1203 1235 1306 1279 leges
1333 1246 1504 1269 romanae
1526 1237 1588 1268 de-

111 1289 354 1334 signarentur,
381 1290 473 1322 haec
494 1290 607 1322 uerba
629 1290 671 1322 ad
694 1290 806 1322 libros
832 1290 874 1322 de
900 1291 990 1332 Rep.
1021 1290 1109 1322 dixit
1134 1291 1324 1333 pertinere,
1351 1292 1412 1334 qui
1435 1294 1588 1325 multum

112 1346 156 1378 ab
194 1346 394 1390 Augustino
430 1350 550 1378 essent
584 1345 767 1388 usurpati,
802 1347 986 1389 uerbaque
1028 1347 1070 1379 in
1108 1347 1302 1391 legibus
1337 1348 1429 1381 nihil
1476 1350 1586 1390 aliud,

110 1415 217 1445 quam
244 1403 432 1435 duodecim
458 1402 601 1434 tabulas
626 1402 856 1446 significare,
881 1403 917 1435 in
946 1403 1076 1445 quibus
1102 1410 1181 1436 octo
1216 1415 1413 1447 poenarum
1451 1417 1587 1450 genera

110 1460 302 1492 constituta
328 1460 454 1492 Cicero
484 1459 681 1492 laudasset.

204 1528 264 1560 Fr.
280 1528 318 1560 V.
363 1526 532 1569 Repetita
568 1526 660 1558 haee
687 1537 765 1559 esse
790 1539 832 1559 ex
858 1527 903 1567 Il,
931 1526 986 1560 40,
1016 1537 1119 1559 nemo
1145 1538 1214 1560 non
1234 1527 1344 1562 uidet.
1379 1530 1459 1562 Hoc
1474 1541 1585 1563 unum

111 1584 310 1626 quaeritur,
339 1583 568 1617 Ciceronisne
584 1582 657 1614 sint
673 1583 784 1615 uerba
800 1588 982 1626 postrema
1000 1582 1175 1626 (dignis
1201 1583 1324 1627 igitu
1337 1597 1353 1617 r
1376 1586 1529 1630 largie
1543 1598 1583 1619 n-

110 1641 128 1672 d
144 1652 164 1672 u
177 1652 211 1672 m
240 1652 287 1672 es
301 1643 340 1681 t),
368 1652 411 1673 an
429 1639 560 1672 Seruii.
599 1640 712 1681 Atque
730 1639 872 1672 etiamsi
893 1651 913 1672 a
930 1639 1057 1672 Seruio
1073 1639 1163 1671 haec
1183 1640 1232 1672 ita
1252 1642 1436 1674 enunciari
1454 1654 1583 1674 conce-

110 1697 191 1737 das,
216 1697 320 1740 quasi
343 1695 528 1731 Ciceronis
549 1694 620 1726 sint
638 1699 743 1737 atque
770 1707 812 1727 ex
835 1696 935 1728 Lact.
961 1696 1020 1735 H,
1048 1694 1095 1729 12.
1121 1706 1333 1739 cognoscas,
1365 1708 1386 1730 a
1410 1699 1583 1732 Cicerone

109 1753 200 1786 haec
225 1753 339 1786 uerba
364 1763 442 1785 esse
465 1750 597 1784 alicubi
624 1755 816 1793 usurpata:
845 1755 980 1784 certum
1008 1758 1125 1783 tamen
1152 1756 1206 1783 est
1232 1750 1301 1785 hoe
1322 1756 1582 1788 consectarium

108 1811 153 1843 ab
180 1811 249 1842 hoc
276 1810 356 1842 loco
377 1809 535 1850 alienum
553 1819 647 1847 esse,
674 1807 842 1849 quoniam
865 1807 1019 1850 quidem,
1046 1808 1187 1850 quando
1209 1809 1286 1842 dari
1305 1811 1435 1854 stipem
1454 1813 1579 1852 uellet,

107 1867 179 1899 iam
204 1864 478 1909 significauerat
499 1875 607 1897 causa
622 1864 730 1896 simul
752 1864 885 1903 addita,
912 1874 974 1895 cur
994 1863 1086 1895 istud
1106 1866 1358 1908 praecepisset.
1412 1869 1580 1901 Ceterum

106 1921 223 1964 ipsum
249 1921 401 1952 uerbum
425 1920 660 1962 prohibeo
676 1945 685 1960 ,
721 1931 791 1963 quo
827 1920 978 1954 Seruius
1003 1920 1127 1959 utitur,
1156 1931 1236 1952 cum
1260 1922 1353 1964 apud
1368 1923 1579 1957 Ciceronem

107 1977 153 2009 sit
178 1975 487 2016 sustulimus,
515 1976 722 2008 memoriter
747 1976 837 2009 haec
866 1987 887 2008 a
913 1975 1041 2010 Seruio
1067 1975 1206 2008 laudari
1233 1977 1466 2012 demonstrat.

196 2044 252 2075 Fr.
279 2044 337 2076 VI.
387 2044 478 2082 Hoc,
507 2044 599 2085 quod
626 2044 769 2086 quidem
790 2048 933 2076 certum
958 2043 1015 2081 sit,
1042 2054 1151 2075 unum
1177 2050 1232 2076 est
1249 2045 1377 2078 horum
1403 2048 1576 2081 librorum

105 2098 364 2143 fragmentum.
413 2099 518 2141 Quod
544 2110 587 2131 ex
612 2100 879 2142 deperditorum
904 2100 1079 2132 librorum
1107 2099 1228 2141 aliquo
1251 2102 1476 2144 depromtum
1496 2116 1576 2136 esse

103 2154 306 2186 luculenter
331 2153 469 2186 indicat
495 2159 530 2187 et
557 2155 627 2187 loci
667 2159 701 2188 et
736 2155 907 2198 temporis
934 2155 1139 2198 descriptio.
1191 2159 1240 2190 Ex
1275 2170 1344 2201 quo
1372 2159 1575 2193 desumtum

102 2209 170 2249 sit,
208 2210 376 2253 quoniam
408 2221 474 2242 nec
509 2211 545 2242 in
581 2212 716 2252 altero,
754 2223 819 2244 nec
857 2212 892 2244 in
928 2212 1033 2245 tertio
1058 2213 1152 2245 libro
1183 2215 1354 2257 temporis
1379 2216 1573 2259 descriptio

102 2270 237 2306 exstat,
278 2271 375 2299 certo
411 2268 553 2301 definiri
587 2281 656 2301 non
697 2273 829 2311 potest.
878 2269 949 2301 Nec
986 2273 1105 2302 tamen
1156 2271 1278 2313 inepta
1314 2276 1368 2306 est
1397 2273 1572 2316 lVagneri

101 2322 223 2363 quinto
247 2322 338 2356 haec
375 2324 593 2369 assignantis
628 2325 770 2368 opinio,
805 2336 911 2368 quam
942 2325 1073 2369 reliqui
1099 2327 1313 2371 interpretes
1340 2332 1422 2361 sunt
1446 2330 1569 2363 secuti.
