1781 3192
191 175 249 214 20
746 170 816 209 DE
849 171 1077 210 LEGIBUS

197 298 286 324 res
324 298 443 323 esse
485 279 786 335 sacturum);
837 284 1023 335 opposita
1066 288 1129 321 est
1167 283 1275 320 enim
1308 284 1557 322 contentioni
1589 296 1656 322 re-

196 343 354 383 missio.
414 334 828 388 'lusc.11,23.54.
873 345 924 378 ιιι
963 352 1124 378 onera
1164 340 1431 378 contentis
1476 352 1656 392 corpo-

196 399 339 437 ribus
379 392 600 433 facilius
641 394 910 445 feruntur,
952 395 1192 434 remissis
1234 396 1539 462 opprimunt
1575 400 1658 436 cet.

197 455 323 504 Quint
363 451 431 501 XI,
463 449 505 491 3.
541 450 604 490 17.
646 455 745 490 tum
786 452 1017 490 intentis
1061 456 1160 490 tum
1191 452 1436 491 remissis
1473 450 1658 493 modis.

197 510 507 556 Leniuerat,
542 506 651 557 quod
681 507 734 547 G.
762 507 1021 547 Hermannus
1050 508 1091 546 in
1122 520 1264 559 opusc.
1302 504 1333 548 I
1362 521 1402 560 p.
1431 507 1529 548 300.
1561 520 1660 546 con-

196 566 294 619 iecit
324 568 366 603 et
396 561 630 602 Ellendtius
660 564 850 613 probauit
879 563 932 603 de
964 565 1076 603 Orat.
1106 577 1147 615 p.
1182 563 1276 606 150.
1289 592 1302 615 ,
1332 564 1376 602 id
1406 566 1541 603 minus
1570 562 1660 616 pla-

197 620 263 660 cet
296 624 540 672 propterea,
571 620 661 670 quia
691 618 912 659 lenitati
945 621 1133 673 opposita
1167 625 1231 659 est
1262 622 1549 672 asperitas,
1578 632 1659 659 non

197 677 497 718 contentio.
558 676 734 715 Roscius
765 680 899 716 autem
932 675 1152 715 comoedus
1176 675 1424 716 clarissimus
1448 681 1551 727 erat,
1583 688 1663 727 quo

197 734 361 774 Marcus
394 730 714 771 familiarissime
756 733 964 773 utebatur.
1024 733 1086 773 Cf.
1123 733 1176 772 de
1207 734 1279 773 Or.
1312 729 1349 785 I,
1381 732 1449 775 28.
1483 732 1579 774 136.
1626 728 1663 782 I,

194 791 262 833 61.
297 788 392 831 258.
426 789 540 828 Brut.
572 787 644 840 84,
675 787 774 830 280.

310 857 750 895 contentionibus
783 860 848 896 est
878 860 997 896 uetus
1026 856 1167 896 mendi
1207 859 1247 895 in
1287 856 1376 896 cod.
1414 858 1525 897 arch.
1568 870 1666 896 exa-

196 915 273 952 rati
320 910 708 967 (concionibus)
754 918 797 952 et
839 915 1072 953 necessaria
1116 915 1330 954 correctio.
1403 914 1551 952 Omnia
1595 913 1666 952 Ci-

198 982 392 1009 ceronem
431 966 738 1008 adolescentem
779 971 870 1009 sine
909 971 1177 1020 lemissione,
1227 972 1318 1008 sine
1355 972 1580 1021 uarietate,
1626 970 1667 1008 ui

197 1040 353 1065 summa
384 1026 496 1064 uocis
526 1029 568 1064 et
598 1027 727 1064 totius
758 1028 940 1079 corporis
972 1027 1240 1065 contentione
1269 1027 1439 1094 dixisse,
1471 1032 1517 1065 ut
1548 1026 1666 1065 amici

199 1089 242 1122 et
272 1081 424 1122 medici
456 1082 494 1120 ei
525 1081 765 1133 suaderent,
791 1096 845 1121 ne
877 1096 1019 1121 causas
1043 1095 1165 1133 agere
1186 1088 1396 1134 pergeret,
1426 1085 1515 1136 ipse
1537 1087 1667 1121 testa-

197 1145 264 1178 tur
293 1140 336 1178 in
366 1140 482 1177 Brut.
512 1136 582 1178 91.
642 1139 743 1177 Cum
775 1139 928 1178 deinde
954 1140 1102 1177 iterum
1145 1152 1310 1190 operam
1349 1138 1536 1178 dedisset
1571 1138 1668 1176 Μο-

196 1196 306 1247 loni,
345 1196 411 1246 qui
453 1207 546 1233 eum
583 1196 706 1233 nimis
741 1195 1043 1234 redundantem
1084 1196 1286 1246 repressit
1333 1200 1375 1232 et
1406 1196 1519 1245 quasi
1550 1197 1668 1233 coer-

201 1254 300 1302 cuit,
331 1252 456 1290 nimia
488 1252 604 1290 uocis
636 1252 901 1303 corporisque
935 1251 1147 1289 contentio
1184 1250 1343 1288 resedit
1374 1255 1495 1302 atque
1528 1251 1669 1289 defer-

200 1310 288 1349 buit
320 1309 434 1359 quasi
467 1309 623 1356 oratio3
667 1321 785 1358 quam
828 1308 1108 1345 maturitatem
1150 1306 1349 1357 quandam
1382 1312 1541 1346 nactam
1575 1319 1670 1345 esse

201 1380 246 1404 ac
281 1367 537 1403 senectutem
569 1368 670 1414 tum,
704 1376 795 1402 cum
827 1364 972 1402 turbae
995 1361 1141 1402 ciuiles
1164 1366 1460 1416 excitarentur,
1492 1365 1532 1402 in
1557 1364 1668 1403 Brut.

199 1422 240 1461 2.
273 1423 464 1459 testatur.

314 1490 370 1525 ut
401 1485 823 1537 quemadmodum
847 1510 900 1515 ——
928 1485 1138 1525 relaxes
1170 1486 1391 1538 aliquid]
1423 1487 1556 1526 Recte
1573 1486 1670 1538 quid

202 1544 392 1581 instituto
423 1555 530 1581 nouo
564 1542 730 1582 dicendi
764 1555 919 1594 genere
950 1543 1141 1582 effectum
1174 1544 1244 1594 sit,
1276 1541 1476 1596 particula
1513 1547 1567 1583 ut
1605 1544 1670 1582 in-

201 1600 373 1639 dicatur.
442 1599 585 1650 Itaque
625 1599 739 1638 Bakii
779 1601 1017 1639 coniectura
1057 1604 1109 1638 et
1150 1599 1577 1653 quemadmodum
1617 1623 1669 1629 —

199 1655 410 1694 relaxas
442 1655 663 1707 aliquid,
705 1669 822 1708 quam
863 1656 1019 1695 codicis
1050 1658 1082 1694 B
1125 1659 1372 1696 auctoritate
1412 1656 1472 1710 (is
1512 1655 1672 1695 scilicet

352 1717 370 1737 8

201 1746 402 1787 relaxis
442 1746 591 1802 habet)
631 1746 931 1799 quodammodo
970 1750 1122 1786 firmari
1167 1749 1380 1800 opinatur,
1428 1761 1509 1787 non
1548 1746 1669 1786 modo

203 1818 285 1843 non
314 1805 550 1843 necessaria
580 1810 660 1855 est,
692 1804 767 1842 sed
791 1805 912 1843 etiam
939 1806 1166 1843 orationem
1192 1804 1332 1842 reddit
1352 1802 1671 1854 languidiorem.

202 1862 288 1900 Nec
322 1872 420 1899 uero
440 1861 589 1899 iterata
611 1860 813 1913 particula
842 1865 893 1899 ut
932 1860 1118 1912 pluribus
1141 1861 1279 1899 uerbis
1301 1860 1532 1899 interiectis
1557 1861 1672 1911 quic-

203 1930 322 1968 quam
361 1915 579 1957 molestiae
618 1918 771 1957 habet:
814 1930 934 1968 quam
972 1931 1026 1956 ne
1063 1919 1104 1956 in
1145 1918 1337 1957 breuiore
1378 1917 1544 1968 quidem
1575 1930 1673 1957 uer-

203 1975 345 2012 borum
378 1972 591 2026 complexn
624 1973 772 2013 Cicero
802 1975 951 2014 uitauit
981 1974 1033 2013 de
1063 1974 1157 2013 Fin.
1191 1973 1241 2025 V,
1273 1973 1311 2014 2.
1344 1971 1383 2013 4.
1422 1975 1496 2013 ita
1537 1975 1671 2013 enim

203 2044 256 2069 se
285 2029 512 2070 Athenis
544 2029 866 2081 collocauit,
898 2035 948 2069 ut
980 2031 1050 2069 sit
1077 2043 1237 2083 paene
1269 2043 1402 2069 nnus
1440 2043 1497 2068 ex
1539 2031 1672 2069 Atti-

203 2088 306 2136 cis,
351 2090 406 2124 ut
457 2086 509 2124 id
554 2088 711 2125 etiam
752 2100 1037 2137 cognomen
1080 2086 1331 2125 uideatur
1373 2086 1672 2126 habiturus.

203 2143 398 2181 Ceterum
431 2142 597 2192 Euhius,
630 2143 699 2192 qui
730 2148 872 2180 contra
913 2142 1117 2180 Handium
1151 2138 1227 2180 III.
1261 2156 1299 2193 p.
1330 2140 1423 2182 139.
1457 2142 1672 2195 disputans

204 2201 320 2236 recte
360 2196 561 2250 particula
599 2198 696 2236 iam
735 2203 997 2249 praesentem
1031 2200 1090 2237 rei
1124 2203 1303 2249 statum,
1337 2198 1468 2250 qualis
1502 2213 1550 2238 ex
1582 2214 1673 2240 mu-

200 2258 286 2293 tato
324 2253 487 2293 dicendi
528 2266 682 2305 genere
713 2259 829 2293 ortus
870 2256 953 2305 sit,
995 2256 1216 2306 significari
1254 2254 1338 2305 ait,
1377 2269 1520 2308 parum
1559 2262 1673 2296 recte

205 2312 309 2350 haec
341 2316 551 2363 comparat
583 2323 671 2349 cum
706 2311 863 2350 eisdem
901 2313 1038 2350 uerbis
1063 2313 1093 2363 ᾗ.
1120 2311 1190 2353 23.
1249 2310 1420 2351 Scilicet
1441 2310 1527 2352 illic
1548 2314 1674 2352 uerba

205 2372 259 2406 ut
288 2369 382 2407 iam
415 2368 772 2418 consecutionem,
813 2369 891 2408 hoc
930 2367 1020 2407 loco
1061 2373 1255 2407 euentum
1287 2368 1484 2408 indicant.
1545 2369 1674 2410 Goer-

206 2436 253 2462 ex
289 2423 544 2463 deteriorum
582 2423 836 2475 quorundam
877 2424 1063 2465 codicum
1107 2424 1258 2464 mendo
1297 2426 1494 2464 utinam
1535 2423 1674 2480 (com-

207 2481 445 2519 menticium
478 2484 543 2519 est
573 2481 679 2519 enim
715 2481 821 2521 idem
854 2495 948 2522 esse
979 2483 1019 2520 in
1053 2481 1162 2522 Gud.
1197 2479 1264 2534 2.)
1298 2480 1545 2522 eliciendum
1578 2493 1672 2520 esse

204 2538 368 2607 putauit
396 2540 449 2576 ut
477 2537 692 2577 iamiam.

190 2609 208 2635 ,κ
320 2592 453 2644 quod
483 2593 611 2644 cum]
670 2593 812 2646 Quod
845 2594 896 2633 ad
915 2593 1070 2634 leniter
1091 2593 1256 2634 dicendi
1275 2594 1486 2633 notionem
1509 2597 1674 2646 spectat

206 2661 256 2688 ex
304 2650 443 2689 uerbis
487 2648 831 2701 praecedentibus
878 2650 1001 2690 facile
1045 2655 1185 2690 mente
1229 2649 1553 2702 concipiendam
1619 2650 1674 2689 Et

206 2718 330 2758 saepe
372 2706 431 2745 sic
469 2706 615 2745 Cicero
646 2719 872 2758 pronomen
915 2707 966 2746 ad
1008 2709 1243 2747 uniuersam
1283 2707 1342 2746 rei
1382 2708 1592 2746 notionem
1624 2718 1672 2745 ex

207 2764 287 2814 eis,
320 2774 422 2815 quae
453 2762 726 2816 praecedunt,
756 2763 876 2805 facile
908 2764 1165 2818 cogitandam
1188 2762 1252 2804 uel
1274 2763 1551 2816 praecedente
1575 2763 1672 2804 sub-
