<?xml version="1.0" encoding="UTF-8"?>
<!DOCTYPE html PUBLIC "-//W3C//DTD XHTML 1.0 Transitional//EN"
    "http://www.w3.org/TR/xhtml1/DTD/xhtml1-transitional.dtd">
<html xmlns="http://www.w3.org/1999/xhtml" xml:lang="en" lang="en">
 <head>
  <title>
</title>
<meta http-equiv="Content-Type" content="text/html;charset=utf-8" />
  <meta name='ocr-system' content='tesseract 3.04.00' />
  <meta name='ocr-capabilities' content='ocr_page ocr_carea ocr_par ocr_line ocrx_word'/>
</head>
<body>
  <div class='ocr_page' id='page_1' title='image "./delegibuslibritr0102ciceuoft_0535.png"; bbox 0 0 1781 3192; ppageno 0'>
   <div class='ocr_carea' id='block_1_1' title="bbox 447 193 1545 235">
    <p class='ocr_par' dir='ltr' id='par_1_1' title="bbox 447 193 1545 235">
     <span class='ocr_line' id='line_1_1' title="bbox 447 193 1545 235; baseline -0.001 0"><span class='ocrx_word' id='word_1_1' title='bbox 447 198 599 235; x_wconf 60' lang='lat' dir='ltr'><strong>121!thst</strong></span> <span class='ocrx_word' id='word_1_2' title='bbox 638 195 896 234; x_wconf 71' lang='lat' dir='ltr'><strong>&#39;1‘FJR.&#39;1‘¹US.</strong></span> <span class='ocrx_word' id='word_1_3' title='bbox 944 194 1045 233; x_wconf 74' lang='lat' dir='ltr'>CAP.</span> <span class='ocrx_word' id='word_1_4' title='bbox 1080 193 1166 232; x_wconf 72' lang='lat' dir='ltr'><strong>XX.</strong></span> <span class='ocrx_word' id='word_1_5' title='bbox 1453 195 1545 234; x_wconf 77' lang='lat'><strong>329</strong></span> 
     </span>
    </p>
   </div>
   <div class='ocr_carea' id='block_1_2' title="bbox 81 307 1555 1676">
    <p class='ocr_par' dir='ltr' id='par_1_2' title="bbox 81 307 1544 699">
     <span class='ocr_line' id='line_1_2' title="bbox 81 307 1541 357; baseline -0.003 -7"><span class='ocrx_word' id='word_1_6' title='bbox 81 324 161 350; x_wconf 90' lang='lat' dir='ltr'><strong>non</strong></span> <span class='ocrx_word' id='word_1_7' title='bbox 202 312 280 348; x_wconf 81' lang='lat' dir='ltr'><strong>iam</strong></span> <span class='ocrx_word' id='word_1_8' title='bbox 321 310 452 348; x_wconf 71' lang='lat' dir='ltr'><strong>fuisse</strong></span> <span class='ocrx_word' id='word_1_9' title='bbox 491 307 603 348; x_wconf 91' lang='lat' dir='ltr'><strong>nullo</strong></span> <span class='ocrx_word' id='word_1_10' title='bbox 646 309 883 346; x_wconf 79' lang='lat' dir='ltr'><strong>testimonio</strong></span> <span class='ocrx_word' id='word_1_11' title='bbox 922 311 1194 345; x_wconf 76' lang='lat' dir='ltr'><strong>contestatum</strong></span> <span class='ocrx_word' id='word_1_12' title='bbox 1226 307 1404 357; x_wconf 84' lang='lat' dir='ltr'><strong>reperio.</strong></span> <span class='ocrx_word' id='word_1_13' title='bbox 1466 308 1541 356; x_wconf 76' lang='lat' dir='ltr'><strong>Qui</strong></span> 
     </span>
     <span class='ocr_line' id='line_1_3' title="bbox 83 361 1543 419; baseline -0.004 -13"><span class='ocrx_word' id='word_1_14' title='bbox 83 372 126 406; x_wconf 89' lang='lat' dir='ltr'><strong>et</strong></span> <span class='ocrx_word' id='word_1_15' title='bbox 160 380 358 419; x_wconf 74' lang='lat' dir='ltr'><strong>praesens</strong></span> <span class='ocrx_word' id='word_1_16' title='bbox 393 371 435 404; x_wconf 84' lang='lat' dir='ltr'><strong>ct</strong></span> <span class='ocrx_word' id='word_1_17' title='bbox 466 366 707 417; x_wconf 72' lang='lat' dir='ltr'><strong>imperfecta</strong></span> <span class='ocrx_word' id='word_1_18' title='bbox 739 366 844 402; x_wconf 82' lang='lat' dir='ltr'><strong>tueri</strong></span> <span class='ocrx_word' id='word_1_19' title='bbox 879 363 1033 414; x_wconf 81' lang='lat' dir='ltr'><strong>uolent,</strong></span> <span class='ocrx_word' id='word_1_20' title='bbox 1065 366 1125 401; x_wconf 81' lang='lat' dir='ltr'><strong>sic</strong></span> <span class='ocrx_word' id='word_1_21' title='bbox 1156 363 1384 401; x_wconf 80' lang='lat' dir='ltr'><strong>defendere</strong></span> <span class='ocrx_word' id='word_1_22' title='bbox 1415 361 1543 401; x_wconf 88' lang='lat' dir='ltr'><strong>debe-</strong></span> 
     </span>
     <span class='ocr_line' id='line_1_4' title="bbox 81 421 1541 474; baseline -0.004 -11"><span class='ocrx_word' id='word_1_23' title='bbox 81 426 198 474; x_wconf 88' lang='lat' dir='ltr'><strong>bunt,</strong></span> <span class='ocrx_word' id='word_1_24' title='bbox 234 429 277 461; x_wconf 93' lang='lat' dir='ltr'><strong>ut</strong></span> <span class='ocrx_word' id='word_1_25' title='bbox 307 423 545 461; x_wconf 75' lang='lat' dir='ltr'><strong>Ciceronem</strong></span> <span class='ocrx_word' id='word_1_26' title='bbox 578 428 748 473; x_wconf 79' lang='lat' dir='ltr'><strong>propter</strong></span> <span class='ocrx_word' id='word_1_27' title='bbox 781 423 1039 459; x_wconf 75' lang='lat' dir='ltr'><strong>interiectum</strong></span> <span class='ocrx_word' id='word_1_28' title='bbox 1084 426 1244 471; x_wconf 80' lang='lat' dir='ltr'><strong>tempus</strong></span> <span class='ocrx_word' id='word_1_29' title='bbox 1276 421 1541 470; x_wconf 84' lang='lat' dir='ltr'><strong>praeteritum</strong></span> 
     </span>
     <span class='ocr_line' id='line_1_5' title="bbox 84 477 1542 531; baseline -0.004 -12"><span class='ocrx_word' id='word_1_30' title='bbox 84 484 200 520; x_wconf 83' lang='lat' dir='ltr'><strong>erat</strong></span> <span class='ocrx_word' id='word_1_31' title='bbox 230 493 252 517; x_wconf 88' lang='lat' dir='ltr'><strong>a</strong></span> <span class='ocrx_word' id='word_1_32' title='bbox 283 480 491 531; x_wconf 82' lang='lat' dir='ltr'><strong>praesenti</strong></span> <span class='ocrx_word' id='word_1_33' title='bbox 524 478 733 528; x_wconf 86' lang='lat' dir='ltr'><strong>delapsum</strong></span> <span class='ocrx_word' id='word_1_34' title='bbox 770 490 860 515; x_wconf 69' lang='lat' dir='ltr'><strong>csse</strong></span> <span class='ocrx_word' id='word_1_35' title='bbox 884 478 1022 515; x_wconf 67' lang='lat' dir='ltr'><strong>dicant</strong></span> <span class='ocrx_word' id='word_1_36' title='bbox 1041 477 1089 514; x_wconf 86' lang='lat' dir='ltr'><strong>ad</strong></span> <span class='ocrx_word' id='word_1_37' title='bbox 1113 478 1395 528; x_wconf 77' lang='lat' dir='ltr'><strong>praeteritum,</strong></span> <span class='ocrx_word' id='word_1_38' title='bbox 1428 477 1542 513; x_wconf 85' lang='lat' dir='ltr'><strong>cuius</strong></span> 
     </span>
     <span class='ocr_line' id='line_1_6' title="bbox 84 531 1544 585; baseline -0.003 -11"><span class='ocrx_word' id='word_1_39' title='bbox 84 538 160 575; x_wconf 84' lang='lat' dir='ltr'><strong>sibi</strong></span> <span class='ocrx_word' id='word_1_40' title='bbox 204 537 401 573; x_wconf 86' lang='lat' dir='ltr'><strong>memoria</strong></span> <span class='ocrx_word' id='word_1_41' title='bbox 445 541 557 572; x_wconf 79' lang='lat' dir='ltr'><strong>essct</strong></span> <span class='ocrx_word' id='word_1_42' title='bbox 596 535 789 585; x_wconf 74' lang='lat' dir='ltr'><strong>paratior.</strong></span> <span class='ocrx_word' id='word_1_43' title='bbox 863 535 962 572; x_wconf 73' lang='lat' dir='ltr'><strong>Post</strong></span> <span class='ocrx_word' id='word_1_44' title='bbox 1004 547 1097 571; x_wconf 86' lang='lat' dir='ltr'><strong>nec</strong></span> <span class='ocrx_word' id='word_1_45' title='bbox 1147 547 1235 571; x_wconf 88' lang='lat' dir='ltr'><strong>cum</strong></span> <span class='ocrx_word' id='word_1_46' title='bbox 1289 531 1376 570; x_wconf 89' lang='lat' dir='ltr'><strong>solo</strong></span> <span class='ocrx_word' id='word_1_47' title='bbox 1419 532 1544 570; x_wconf 82' lang='lat' dir='ltr'><strong>Bakio</strong></span> 
     </span>
     <span class='ocr_line' id='line_1_7' title="bbox 84 588 1544 641; baseline -0.003 -10"><span class='ocrx_word' id='word_1_48' title='bbox 84 594 277 631; x_wconf 83' lang='lat' dir='ltr'><strong>omittere</strong></span> <span class='ocrx_word' id='word_1_49' title='bbox 308 604 387 628; x_wconf 91' lang='lat' dir='ltr'><strong>non</strong></span> <span class='ocrx_word' id='word_1_50' title='bbox 422 590 543 628; x_wconf 84' lang='lat' dir='ltr'><strong>(lcbui</strong></span> <span class='ocrx_word' id='word_1_51' title='bbox 577 603 800 641; x_wconf 80' lang='lat' dir='ltr'><strong>pronomen</strong></span> <span class='ocrx_word' id='word_1_52' title='bbox 835 591 911 639; x_wconf 82' lang='lat' dir='ltr'><strong>hi,</strong></span> <span class='ocrx_word' id='word_1_53' title='bbox 943 590 1049 641; x_wconf 80' lang='lat' dir='ltr'><strong>quod</strong></span> <span class='ocrx_word' id='word_1_54' title='bbox 1082 591 1121 627; x_wconf 87' lang='lat' dir='ltr'><strong>in</strong></span> <span class='ocrx_word' id='word_1_55' title='bbox 1156 588 1392 627; x_wconf 82' lang='lat' dir='ltr'><strong>melioribus</strong></span> <span class='ocrx_word' id='word_1_56' title='bbox 1423 589 1544 627; x_wconf 83' lang='lat' dir='ltr'><strong>codd.</strong></span> 
     </span>
     <span class='ocr_line' id='line_1_8' title="bbox 83 646 1388 699; baseline -0.005 -11"><span class='ocrx_word' id='word_1_57' title='bbox 83 662 177 688; x_wconf 89' lang='lat' dir='ltr'><strong>casu</strong></span> <span class='ocrx_word' id='word_1_58' title='bbox 210 648 374 685; x_wconf 87' lang='lat' dir='ltr'><strong>uidetur</strong></span> <span class='ocrx_word' id='word_1_59' title='bbox 404 648 680 686; x_wconf 76' lang='lat' dir='ltr'><strong>intercidisse.</strong></span> <span class='ocrx_word' id='word_1_60' title='bbox 746 647 854 684; x_wconf 68' lang='grc' dir='ltr'><strong>[ῆι-ι.</strong></span> <span class='ocrx_word' id='word_1_61' title='bbox 889 648 1034 699; x_wconf 67' lang='lat' dir='ltr'><strong>Steph.</strong></span> <span class='ocrx_word' id='word_1_62' title='bbox 1069 647 1179 684; x_wconf 81' lang='lat' dir='ltr'><strong>Man.</strong></span> <span class='ocrx_word' id='word_1_63' title='bbox 1212 658 1304 683; x_wconf 91' lang='lat' dir='ltr'><strong>nec</strong></span> <span class='ocrx_word' id='word_1_64' title='bbox 1336 646 1388 682; x_wconf 90' lang='lat' dir='ltr'><strong>ii.</strong></span> 
     </span>
    </p>

    <p class='ocr_par' dir='ltr' id='par_1_3' title="bbox 197 709 1409 766">
     <span class='ocr_line' id='line_1_9' title="bbox 197 709 1409 766; baseline -0.002 -12"><span class='ocrx_word' id='word_1_65' title='bbox 197 715 229 765; x_wconf 53' lang='grc' dir='ltr'><strong>ᾗ.</strong></span> <span class='ocrx_word' id='word_1_66' title='bbox 262 713 331 754; x_wconf 68' lang='grc'><strong>47.</strong></span> <span class='ocrx_word' id='word_1_67' title='bbox 392 727 596 766; x_wconf 78' lang='lat' dir='ltr'><strong>semper</strong></span> <span class='ocrx_word' id='word_1_68' title='bbox 627 712 861 752; x_wconf 88' lang='lat' dir='ltr'><strong>uolumus</strong></span> <span class='ocrx_word' id='word_1_69' title='bbox 894 716 1029 766; x_wconf 76' lang='lat' dir='ltr'><strong>esse]</strong></span> <span class='ocrx_word' id='word_1_70' title='bbox 1092 714 1154 753; x_wconf 70' lang='lat' dir='ltr'><strong>(If.</strong></span> <span class='ocrx_word' id='word_1_71' title='bbox 1191 709 1267 753; x_wconf 87' lang='lat' dir='ltr'><strong>Ill.</strong></span> <span class='ocrx_word' id='word_1_72' title='bbox 1303 712 1337 762; x_wconf 74' lang='lat'><strong>§-</strong></span> <span class='ocrx_word' id='word_1_73' title='bbox 1371 711 1409 752; x_wconf 92' lang='grc'><strong>7.</strong></span> 
     </span>
    </p>

    <p class='ocr_par' dir='ltr' id='par_1_4' title="bbox 84 779 1549 1160">
     <span class='ocr_line' id='line_1_10' title="bbox 199 779 1546 832; baseline -0.001 -12"><span class='ocrx_word' id='word_1_74' title='bbox 199 783 302 820; x_wconf 87' lang='lat' dir='ltr'><strong>Hoc</strong></span> <span class='ocrx_word' id='word_1_75' title='bbox 354 782 398 819; x_wconf 90' lang='lat' dir='ltr'><strong>in</strong></span> <span class='ocrx_word' id='word_1_76' title='bbox 443 782 670 819; x_wconf 84' lang='lat' dir='ltr'><strong>Graecia</strong></span> <span class='ocrx_word' id='word_1_77' title='bbox 719 781 808 832; x_wconf 76' lang='lat' dir='ltr'><strong>sit]</strong></span> <span class='ocrx_word' id='word_1_78' title='bbox 879 783 1032 820; x_wconf 80' lang='lat' dir='ltr'><strong>Merito</strong></span> <span class='ocrx_word' id='word_1_79' title='bbox 1079 780 1260 819; x_wconf 84' lang='lat' dir='ltr'><strong>Orellius</strong></span> <span class='ocrx_word' id='word_1_80' title='bbox 1313 784 1355 818; x_wconf 87' lang='lat' dir='ltr'><strong>ct</strong></span> <span class='ocrx_word' id='word_1_81' title='bbox 1399 779 1546 818; x_wconf 80' lang='lat' dir='ltr'><strong>Bakius</strong></span> 
     </span>
     <span class='ocr_line' id='line_1_11' title="bbox 84 838 1548 889; baseline -0.001 -13"><span class='ocrx_word' id='word_1_82' title='bbox 84 838 441 889; x_wconf 59' lang='lat' dir='ltr'><strong>wyttenbachium</strong></span> <span class='ocrx_word' id='word_1_83' title='bbox 487 844 527 876; x_wconf 87' lang='lat' dir='ltr'><strong>et</strong></span> <span class='ocrx_word' id='word_1_84' title='bbox 569 839 634 889; x_wconf 86' lang='lat' dir='ltr'><strong>qui</strong></span> <span class='ocrx_word' id='word_1_85' title='bbox 679 840 802 875; x_wconf 76' lang='lat' dir='ltr'><strong>tacit(¹</strong></span> <span class='ocrx_word' id='word_1_86' title='bbox 836 838 940 875; x_wconf 85' lang='lat' dir='ltr'><strong>hunc</strong></span> <span class='ocrx_word' id='word_1_87' title='bbox 977 840 1187 889; x_wconf 86' lang='lat' dir='ltr'><strong>probauit,</strong></span> <span class='ocrx_word' id='word_1_88' title='bbox 1229 838 1437 875; x_wconf 73' lang='lat' dir='ltr'><strong>Moserum</strong></span> <span class='ocrx_word' id='word_1_89' title='bbox 1479 848 1548 874; x_wconf 88' lang='lat' dir='ltr'><strong>re-</strong></span> 
     </span>
     <span class='ocr_line' id='line_1_12' title="bbox 84 893 1546 946; baseline -0.002 -13"><span class='ocrx_word' id='word_1_90' title='bbox 84 895 322 946; x_wconf 76' lang='lat' dir='ltr'><strong>prehendit,</strong></span> <span class='ocrx_word' id='word_1_91' title='bbox 356 894 461 946; x_wconf 89' lang='lat' dir='ltr'><strong>quod</strong></span> <span class='ocrx_word' id='word_1_92' title='bbox 498 901 590 932; x_wconf 75' lang='lat' dir='ltr'><strong>autc</strong></span> <span class='ocrx_word' id='word_1_93' title='bbox 612 895 710 932; x_wconf 87' lang='lat' dir='ltr'><strong>hacc</strong></span> <span class='ocrx_word' id='word_1_94' title='bbox 735 893 830 931; x_wconf 84' lang='lat' dir='ltr'><strong>talia</strong></span> <span class='ocrx_word' id='word_1_95' title='bbox 856 895 1049 944; x_wconf 81' lang='lat' dir='ltr'><strong>quaedam</strong></span> <span class='ocrx_word' id='word_1_96' title='bbox 1076 895 1279 932; x_wconf 75' lang='lat' dir='ltr'><strong>excidisse</strong></span> <span class='ocrx_word' id='word_1_97' title='bbox 1303 893 1546 931; x_wconf 80' lang='lat' dir='ltr'><strong>crederent:</strong></span> 
     </span>
     <span class='ocr_line' id='line_1_13' title="bbox 84 950 1548 1004; baseline -0.002 -15"><span class='ocrx_word' id='word_1_98' title='bbox 84 951 496 1004; x_wconf 82' lang='lat' dir='ltr'><strong>praeiudicent,</strong></span> <span class='ocrx_word' id='word_1_99' title='bbox 542 953 612 988; x_wconf 87' lang='lat' dir='ltr'><strong>ita</strong></span> <span class='ocrx_word' id='word_1_100' title='bbox 654 958 824 988; x_wconf 85' lang='lat' dir='ltr'><strong>tamen</strong></span> <span class='ocrx_word' id='word_1_101' title='bbox 870 955 921 987; x_wconf 90' lang='lat' dir='ltr'><strong>ut</strong></span> <span class='ocrx_word' id='word_1_102' title='bbox 973 950 1102 988; x_wconf 83' lang='lat' dir='ltr'><strong>aliis</strong></span> <span class='ocrx_word' id='word_1_103' title='bbox 1156 952 1425 1000; x_wconf 78' lang='lat' dir='ltr'><strong>integrum</strong></span> <span class='ocrx_word' id='word_1_104' title='bbox 1479 950 1548 986; x_wconf 87' lang='lat' dir='ltr'><strong>sit</strong></span> 
     </span>
     <span class='ocr_line' id='line_1_14' title="bbox 86 1004 1546 1058; baseline -0.003 -13"><span class='ocrx_word' id='word_1_105' title='bbox 86 1021 172 1045; x_wconf 86' lang='lat' dir='ltr'><strong>eos</strong></span> <span class='ocrx_word' id='word_1_106' title='bbox 214 1009 259 1045; x_wconf 89' lang='lat' dir='ltr'><strong>iu</strong></span> <span class='ocrx_word' id='word_1_107' title='bbox 303 1007 555 1045; x_wconf 88' lang='lat' dir='ltr'><strong>iudicium</strong></span> <span class='ocrx_word' id='word_1_108' title='bbox 602 1020 811 1054; x_wconf 86' lang='lat' dir='ltr'><strong>uocare;</strong></span> <span class='ocrx_word' id='word_1_109' title='bbox 854 1007 974 1057; x_wconf 83' lang='lat' dir='ltr'><strong>idque</strong></span> <span class='ocrx_word' id='word_1_110' title='bbox 1013 1009 1101 1057; x_wconf 80' lang='lat' dir='ltr'><strong>ipso</strong></span> <span class='ocrx_word' id='word_1_111' title='bbox 1141 1004 1546 1058; x_wconf 66' lang='lat' dir='ltr'><strong>prat-iudicandi</strong></span> 
     </span>
     <span class='ocr_line' id='line_1_15' title="bbox 86 1062 1549 1114; baseline -0.003 -11"><span class='ocrx_word' id='word_1_112' title='bbox 86 1066 212 1103; x_wconf 88' lang='lat' dir='ltr'><strong>uerbo</strong></span> <span class='ocrx_word' id='word_1_113' title='bbox 246 1066 344 1101; x_wconf 76' lang='lat' dir='ltr'><strong>satis</strong></span> <span class='ocrx_word' id='word_1_114' title='bbox 377 1065 597 1114; x_wconf 78' lang='lat' dir='ltr'><strong>significari</strong></span> <span class='ocrx_word' id='word_1_115' title='bbox 632 1063 789 1113; x_wconf 76' lang='lat' dir='ltr'><strong>dicunt,</strong></span> <span class='ocrx_word' id='word_1_116' title='bbox 822 1064 1023 1114; x_wconf 79' lang='lat' dir='ltr'><strong>integram</strong></span> <span class='ocrx_word' id='word_1_117' title='bbox 1046 1066 1347 1101; x_wconf 77' lang='lat' dir='ltr'><strong>accusationem</strong></span> <span class='ocrx_word' id='word_1_118' title='bbox 1372 1062 1549 1113; x_wconf 86' lang='lat' dir='ltr'><strong>relinqui</strong></span> 
     </span>
     <span class='ocr_line' id='line_1_16' title="bbox 87 1122 326 1160; baseline -0.008 0"><span class='ocrx_word' id='word_1_119' title='bbox 87 1122 326 1160; x_wconf 76' lang='lat' dir='ltr'><strong>accusatori.</strong></span> 
     </span>
    </p>

    <p class='ocr_par' dir='ltr' id='par_1_5' title="bbox 87 1172 1555 1676">
     <span class='ocr_line' id='line_1_17' title="bbox 201 1172 1551 1228; baseline -0.004 -13"><span class='ocrx_word' id='word_1_120' title='bbox 201 1176 417 1228; x_wconf 88' lang='lat' dir='ltr'><strong>publice</strong></span> <span class='ocrx_word' id='word_1_121' title='bbox 449 1177 772 1214; x_wconf 88' lang='lat' dir='ltr'><strong>constitutis</strong></span> <span class='ocrx_word' id='word_1_122' title='bbox 805 1175 925 1225; x_wconf 74' lang='lat' dir='ltr'><strong>acc]</strong></span> <span class='ocrx_word' id='word_1_123' title='bbox 987 1173 1155 1212; x_wconf 76' lang='lat' dir='ltr'><strong>Scilicet</strong></span> <span class='ocrx_word' id='word_1_124' title='bbox 1192 1172 1368 1225; x_wconf 73' lang='lat' dir='ltr'><strong>logistae</strong></span> <span class='ocrx_word' id='word_1_125' title='bbox 1403 1178 1445 1211; x_wconf 90' lang='lat' dir='ltr'><strong>et</strong></span> <span class='ocrx_word' id='word_1_126' title='bbox 1476 1186 1551 1211; x_wconf 89' lang='lat' dir='ltr'><strong>eu-</strong></span> 
     </span>
     <span class='ocr_line' id='line_1_18' title="bbox 89 1228 1551 1283; baseline -0.003 -12"><span class='ocrx_word' id='word_1_127' title='bbox 89 1234 221 1283; x_wconf 58' lang='lat' dir='ltr'><strong>thy-ni,</strong></span> <span class='ocrx_word' id='word_1_128' title='bbox 257 1232 363 1283; x_wconf 88' lang='lat' dir='ltr'><strong>apud</strong></span> <span class='ocrx_word' id='word_1_129' title='bbox 397 1245 496 1282; x_wconf 88' lang='lat' dir='ltr'><strong>quos</strong></span> <span class='ocrx_word' id='word_1_130' title='bbox 529 1233 791 1281; x_wconf 67' lang='lat' dir='ltr'><strong>magistratus</strong></span> <span class='ocrx_word' id='word_1_131' title='bbox 823 1243 994 1268; x_wconf 90' lang='lat' dir='ltr'><strong>munere</strong></span> <span class='ocrx_word' id='word_1_132' title='bbox 1019 1231 1201 1268; x_wconf 81' lang='lat' dir='ltr'><strong>defuncti</strong></span> <span class='ocrx_word' id='word_1_133' title='bbox 1230 1233 1430 1268; x_wconf 83' lang='lat' dir='ltr'><strong>rationem</strong></span> <span class='ocrx_word' id='word_1_134' title='bbox 1453 1228 1551 1266; x_wconf 86' lang='lat' dir='ltr'><strong>red-</strong></span> 
     </span>
     <span class='ocr_line' id='line_1_19' title="bbox 88 1289 1552 1338; baseline -0.002 -12"><span class='ocrx_word' id='word_1_135' title='bbox 88 1290 188 1326; x_wconf 87' lang='lat' dir='ltr'><strong>dere</strong></span> <span class='ocrx_word' id='word_1_136' title='bbox 232 1289 439 1325; x_wconf 84' lang='lat' dir='ltr'><strong>‹lehebant</strong></span> <span class='ocrx_word' id='word_1_137' title='bbox 477 1300 614 1325; x_wconf 87' lang='lat' dir='ltr'><strong>rerum</strong></span> <span class='ocrx_word' id='word_1_138' title='bbox 657 1292 862 1337; x_wconf 80' lang='lat' dir='ltr'><strong>gestarum</strong></span> <span class='ocrx_word' id='word_1_139' title='bbox 896 1292 938 1324; x_wconf 90' lang='lat' dir='ltr'><strong>et</strong></span> <span class='ocrx_word' id='word_1_140' title='bbox 967 1289 1230 1338; x_wconf 80' lang='lat' dir='ltr'><strong>pecuniarum</strong></span> <span class='ocrx_word' id='word_1_141' title='bbox 1264 1298 1552 1338; x_wconf 83' lang='lat' dir='ltr'><strong>expensarum,</strong></span> 
     </span>
     <span class='ocr_line' id='line_1_20' title="bbox 87 1342 1550 1394; baseline -0.003 -11"><span class='ocrx_word' id='word_1_142' title='bbox 87 1345 232 1383; x_wconf 89' lang='lat' dir='ltr'><strong>decem</strong></span> <span class='ocrx_word' id='word_1_143' title='bbox 268 1348 525 1381; x_wconf 69' lang='lat' dir='ltr'><strong>accusatores</strong></span> <span class='ocrx_word' id='word_1_144' title='bbox 558 1342 744 1394; x_wconf 88' lang='lat' dir='ltr'><strong>publicos</strong></span> <span class='ocrx_word' id='word_1_145' title='bbox 777 1345 946 1381; x_wconf 84' lang='lat' dir='ltr'><strong>sortitos</strong></span> <span class='ocrx_word' id='word_1_146' title='bbox 979 1344 1054 1380; x_wconf 82' lang='lat' dir='ltr'><strong>sibi</strong></span> <span class='ocrx_word' id='word_1_147' title='bbox 1087 1342 1299 1380; x_wconf 88' lang='lat' dir='ltr'><strong>adiunctos</strong></span> <span class='ocrx_word' id='word_1_148' title='bbox 1329 1343 1550 1391; x_wconf 82' lang='lat' dir='ltr'><strong>habebant,</strong></span> 
     </span>
     <span class='ocr_line' id='line_1_21' title="bbox 88 1399 1551 1452; baseline -0.003 -13"><span class='ocrx_word' id='word_1_149' title='bbox 88 1414 188 1452; x_wconf 90' lang='lat' dir='ltr'><strong>quos</strong></span> <span class='ocrx_word' id='word_1_150' title='bbox 213 1401 338 1437; x_wconf 88' lang='lat' dir='ltr'><strong>Gzius</strong></span> <span class='ocrx_word' id='word_1_151' title='bbox 370 1413 460 1437; x_wconf 91' lang='lat' dir='ltr'><strong>cum</strong></span> <span class='ocrx_word' id='word_1_152' title='bbox 492 1401 590 1450; x_wconf 87' lang='lat' dir='ltr'><strong>ipsis</strong></span> <span class='ocrx_word' id='word_1_153' title='bbox 623 1399 781 1449; x_wconf 77' lang='lat' dir='ltr'><strong>logistis</strong></span> <span class='ocrx_word' id='word_1_154' title='bbox 815 1406 857 1437; x_wconf 90' lang='lat' dir='ltr'><strong>et</strong></span> <span class='ocrx_word' id='word_1_155' title='bbox 889 1400 1081 1450; x_wconf 64' lang='lat' dir='ltr'><strong>euthynis</strong></span> <span class='ocrx_word' id='word_1_156' title='bbox 1113 1399 1316 1449; x_wconf 81' lang='lat' dir='ltr'><strong>confudit,</strong></span> <span class='ocrx_word' id='word_1_157' title='bbox 1348 1399 1497 1436; x_wconf 86' lang='lat' dir='ltr'><strong>merito</strong></span> <span class='ocrx_word' id='word_1_158' title='bbox 1530 1411 1551 1434; x_wconf 87' lang='lat' dir='ltr'><strong>a</strong></span> 
     </span>
     <span class='ocr_line' id='line_1_22' title="bbox 87 1452 1554 1507; baseline -0.003 -12"><span class='ocrx_word' id='word_1_159' title='bbox 87 1457 216 1495; x_wconf 85' lang='lat' dir='ltr'><strong>Bakio</strong></span> <span class='ocrx_word' id='word_1_160' title='bbox 247 1455 539 1507; x_wconf 69' lang='lat' dir='ltr'><strong>reprehensum.</strong></span> <span class='ocrx_word' id='word_1_161' title='bbox 604 1452 664 1492; x_wconf 86' lang='lat' dir='ltr'><strong>llli</strong></span> <span class='ocrx_word' id='word_1_162' title='bbox 697 1456 822 1503; x_wconf 66' lang='lat' dir='ltr'><strong>igitur</strong></span> <span class='ocrx_word' id='word_1_163' title='bbox 852 1462 1125 1505; x_wconf 76' lang='lat' dir='ltr'><strong>accusatores,</strong></span> <span class='ocrx_word' id='word_1_164' title='bbox 1157 1456 1188 1493; x_wconf 88' lang='lat' dir='ltr'><strong>si</strong></span> <span class='ocrx_word' id='word_1_165' title='bbox 1223 1468 1301 1493; x_wconf 93' lang='lat' dir='ltr'><strong>non</strong></span> <span class='ocrx_word' id='word_1_166' title='bbox 1326 1457 1423 1493; x_wconf 87' lang='lat' dir='ltr'><strong>satis</strong></span> <span class='ocrx_word' id='word_1_167' title='bbox 1446 1456 1554 1492; x_wconf 90' lang='lat' dir='ltr'><strong>iusta</strong></span> 
     </span>
     <span class='ocr_line' id='line_1_23' title="bbox 87 1510 1555 1563; baseline -0.003 -12"><span class='ocrx_word' id='word_1_168' title='bbox 87 1514 194 1551; x_wconf 81' lang='lat' dir='ltr'><strong>ratio</strong></span> <span class='ocrx_word' id='word_1_169' title='bbox 219 1512 489 1562; x_wconf 76' lang='lat' dir='ltr'><strong>reddebatur,</strong></span> <span class='ocrx_word' id='word_1_170' title='bbox 525 1513 623 1563; x_wconf 85' lang='lat' dir='ltr'><strong>ipsis</strong></span> <span class='ocrx_word' id='word_1_171' title='bbox 649 1510 808 1561; x_wconf 76' lang='lat' dir='ltr'><strong>logistis</strong></span> <span class='ocrx_word' id='word_1_172' title='bbox 833 1513 1064 1550; x_wconf 83' lang='lat' dir='ltr'><strong>auctoribus</strong></span> <span class='ocrx_word' id='word_1_173' title='bbox 1089 1511 1195 1563; x_wconf 87' lang='lat' dir='ltr'><strong>apud</strong></span> <span class='ocrx_word' id='word_1_174' title='bbox 1219 1510 1313 1549; x_wconf 88' lang='lat' dir='ltr'><strong>illos</strong></span> <span class='ocrx_word' id='word_1_175' title='bbox 1340 1511 1555 1561; x_wconf 75' lang='lat' dir='ltr'><strong>magistra-</strong></span> 
     </span>
     <span class='ocr_line' id='line_1_24' title="bbox 91 1566 1553 1619; baseline -0.003 -12"><span class='ocrx_word' id='word_1_176' title='bbox 91 1574 175 1607; x_wconf 87' lang='lat' dir='ltr'><strong>tum</strong></span> <span class='ocrx_word' id='word_1_177' title='bbox 207 1568 448 1606; x_wconf 86' lang='lat' dir='ltr'><strong>defunctum</strong></span> <span class='ocrx_word' id='word_1_178' title='bbox 483 1569 748 1616; x_wconf 86' lang='lat' dir='ltr'><strong>accusabant;</strong></span> <span class='ocrx_word' id='word_1_179' title='bbox 780 1581 859 1605; x_wconf 88' lang='lat' dir='ltr'><strong>non</strong></span> <span class='ocrx_word' id='word_1_180' title='bbox 895 1574 1012 1605; x_wconf 87' lang='lat' dir='ltr'><strong>erant</strong></span> <span class='ocrx_word' id='word_1_181' title='bbox 1039 1571 1165 1619; x_wconf 81' lang='lat' dir='ltr'><strong>igitur</strong></span> <span class='ocrx_word' id='word_1_182' title='bbox 1196 1566 1432 1606; x_wconf 87' lang='lat' dir='ltr'><strong>uoluntarii.</strong></span> <span class='ocrx_word' id='word_1_183' title='bbox 1486 1566 1553 1604; x_wconf 85' lang='lat' dir='ltr'><strong>Cf.</strong></span> 
     </span>
     <span class='ocr_line' id='line_1_25' title="bbox 91 1621 1471 1676; baseline -0.003 -11"><span class='ocrx_word' id='word_1_184' title='bbox 91 1626 283 1665; x_wconf 86' lang='lat' dir='ltr'><strong>Schoem.</strong></span> <span class='ocrx_word' id='word_1_185' title='bbox 315 1627 406 1664; x_wconf 84' lang='lat' dir='ltr'><strong>Ant.</strong></span> <span class='ocrx_word' id='word_1_186' title='bbox 444 1626 519 1662; x_wconf 91' lang='lat' dir='ltr'><strong>iur.</strong></span> <span class='ocrx_word' id='word_1_187' title='bbox 552 1624 664 1676; x_wconf 89' lang='lat' dir='ltr'><strong>publ.</strong></span> <span class='ocrx_word' id='word_1_188' title='bbox 699 1637 736 1674; x_wconf 89' lang='lat' dir='ltr'><strong>p.</strong></span> <span class='ocrx_word' id='word_1_189' title='bbox 771 1623 867 1663; x_wconf 67' lang='lat'><strong>‘24&#39;0.</strong></span> <span class='ocrx_word' id='word_1_190' title='bbox 902 1626 1048 1663; x_wconf 86' lang='lat' dir='ltr'><strong>Ilerm.</strong></span> <span class='ocrx_word' id='word_1_191' title='bbox 1081 1627 1177 1663; x_wconf 83' lang='lat' dir='ltr'><strong>Ant.</strong></span> <span class='ocrx_word' id='word_1_192' title='bbox 1211 1638 1271 1675; x_wconf 80' lang='lat' dir='ltr'><strong>gr.</strong></span> <span class='ocrx_word' id='word_1_193' title='bbox 1306 1621 1471 1674; x_wconf 73' lang='lat'>§.154-</span> 
     </span>
    </p>
   </div>
   <div class='ocr_carea' id='block_1_3' title="bbox 91 1689 1558 2069">
    <p class='ocr_par' dir='ltr' id='par_1_6' title="bbox 91 1689 1558 2069">
     <span class='ocr_line' id='line_1_26' title="bbox 206 1689 1556 1743; baseline -0.003 -13"><span class='ocrx_word' id='word_1_194' title='bbox 206 1694 468 1742; x_wconf 79' lang='lat' dir='ltr'><strong>integram</strong></span> <span class='ocrx_word' id='word_1_195' title='bbox 513 1696 684 1729; x_wconf 88' lang='lat' dir='ltr'><strong>tamen</strong></span> <span class='ocrx_word' id='word_1_196' title='bbox 724 1691 910 1742; x_wconf 77' lang='lat' dir='ltr'><strong>legem]</strong></span> <span class='ocrx_word' id='word_1_197' title='bbox 979 1689 1072 1743; x_wconf 85' lang='lat' dir='ltr'><strong>Ipsa</strong></span> <span class='ocrx_word' id='word_1_198' title='bbox 1113 1692 1178 1730; x_wconf 84' lang='lat' dir='ltr'><strong>lex</strong></span> <span class='ocrx_word' id='word_1_199' title='bbox 1216 1693 1377 1741; x_wconf 80' lang='lat' dir='ltr'><strong>integra</strong></span> <span class='ocrx_word' id='word_1_200' title='bbox 1417 1701 1556 1727; x_wconf 86' lang='lat' dir='ltr'><strong>serua-</strong></span> 
     </span>
     <span class='ocr_line' id='line_1_27' title="bbox 92 1745 1558 1800; baseline -0.004 -12"><span class='ocrx_word' id='word_1_201' title='bbox 92 1751 212 1788; x_wconf 84' lang='lat' dir='ltr'><strong>batur</strong></span> <span class='ocrx_word' id='word_1_202' title='bbox 242 1751 267 1788; x_wconf 88' lang='lat' dir='ltr'><strong>i.</strong></span> <span class='ocrx_word' id='word_1_203' title='bbox 300 1760 336 1789; x_wconf 81' lang='lat' dir='ltr'><strong>e.</strong></span> <span class='ocrx_word' id='word_1_204' title='bbox 369 1747 440 1786; x_wconf 92' lang='lat' dir='ltr'><strong>illo</strong></span> <span class='ocrx_word' id='word_1_205' title='bbox 473 1762 686 1786; x_wconf 78' lang='lat' dir='ltr'><strong>censorum</strong></span> <span class='ocrx_word' id='word_1_206' title='bbox 721 1748 971 1800; x_wconf 82' lang='lat' dir='ltr'><strong>praeiudicio</strong></span> <span class='ocrx_word' id='word_1_207' title='bbox 1003 1748 1106 1786; x_wconf 84' lang='lat' dir='ltr'><strong>nihil</strong></span> <span class='ocrx_word' id='word_1_208' title='bbox 1137 1749 1395 1786; x_wconf 86' lang='lat' dir='ltr'><strong>minuebatur</strong></span> <span class='ocrx_word' id='word_1_209' title='bbox 1427 1745 1479 1783; x_wconf 89' lang='lat' dir='ltr'><strong>de</strong></span> <span class='ocrx_word' id='word_1_210' title='bbox 1510 1759 1558 1782; x_wconf 87' lang='lat' dir='ltr'><strong>ea</strong></span> 
     </span>
     <span class='ocr_line' id='line_1_28' title="bbox 91 1802 1556 1856; baseline -0.002 -14"><span class='ocrx_word' id='word_1_211' title='bbox 91 1804 211 1856; x_wconf 81' lang='lat' dir='ltr'><strong>lege,</strong></span> <span class='ocrx_word' id='word_1_212' title='bbox 247 1817 348 1856; x_wconf 88' lang='lat' dir='ltr'><strong>quae</strong></span> <span class='ocrx_word' id='word_1_213' title='bbox 379 1806 616 1843; x_wconf 84' lang='lat' dir='ltr'><strong>criminibus</strong></span> <span class='ocrx_word' id='word_1_214' title='bbox 647 1803 727 1842; x_wconf 88' lang='lat' dir='ltr'><strong>illis</strong></span> <span class='ocrx_word' id='word_1_215' title='bbox 759 1818 929 1856; x_wconf 88' lang='lat' dir='ltr'><strong>poenam</strong></span> <span class='ocrx_word' id='word_1_216' title='bbox 963 1807 1105 1842; x_wconf 84' lang='lat' dir='ltr'><strong>noxiae</strong></span> <span class='ocrx_word' id='word_1_217' title='bbox 1138 1817 1277 1856; x_wconf 80' lang='lat' dir='ltr'><strong>parem</strong></span> <span class='ocrx_word' id='word_1_218' title='bbox 1311 1815 1401 1840; x_wconf 85' lang='lat' dir='ltr'><strong>esse</strong></span> <span class='ocrx_word' id='word_1_219' title='bbox 1437 1802 1556 1840; x_wconf 81' lang='lat' dir='ltr'><strong>iube-</strong></span> 
     </span>
     <span class='ocr_line' id='line_1_29' title="bbox 93 1860 1556 1912; baseline -0.002 -12"><span class='ocrx_word' id='word_1_220' title='bbox 93 1864 177 1911; x_wconf 80' lang='lat' dir='ltr'><strong>bat,</strong></span> <span class='ocrx_word' id='word_1_221' title='bbox 210 1863 267 1898; x_wconf 86' lang='lat' dir='ltr'><strong>ita</strong></span> <span class='ocrx_word' id='word_1_222' title='bbox 301 1867 344 1898; x_wconf 88' lang='lat' dir='ltr'><strong>ut</strong></span> <span class='ocrx_word' id='word_1_223' title='bbox 370 1867 513 1912; x_wconf 84' lang='lat' dir='ltr'><strong>posset</strong></span> <span class='ocrx_word' id='word_1_224' title='bbox 545 1867 756 1899; x_wconf 81' lang='lat' dir='ltr'><strong>accusator</strong></span> <span class='ocrx_word' id='word_1_225' title='bbox 788 1860 855 1898; x_wconf 87' lang='lat' dir='ltr'><strong>uel</strong></span> <span class='ocrx_word' id='word_1_226' title='bbox 887 1862 1088 1912; x_wconf 84' lang='lat' dir='ltr'><strong>priuatum</strong></span> <span class='ocrx_word' id='word_1_227' title='bbox 1116 1863 1154 1899; x_wconf 90' lang='lat' dir='ltr'><strong>in</strong></span> <span class='ocrx_word' id='word_1_228' title='bbox 1181 1860 1373 1899; x_wconf 83' lang='lat' dir='ltr'><strong>iudicium</strong></span> <span class='ocrx_word' id='word_1_229' title='bbox 1399 1871 1556 1897; x_wconf 88' lang='lat' dir='ltr'><strong>uocare.</strong></span> 
     </span>
     <span class='ocr_line' id='line_1_30' title="bbox 92 1913 1558 1967; baseline -0.005 -10"><span class='ocrx_word' id='word_1_230' title='bbox 92 1919 161 1957; x_wconf 84' lang='lat' dir='ltr'><strong>Sic</strong></span> <span class='ocrx_word' id='word_1_231' title='bbox 184 1918 349 1956; x_wconf 87' lang='lat' dir='ltr'><strong>Bakius.</strong></span> <span class='ocrx_word' id='word_1_232' title='bbox 373 1918 502 1955; x_wconf 83' lang='lat' dir='ltr'><strong>Turn.</strong></span> <span class='ocrx_word' id='word_1_233' title='bbox 527 1922 568 1955; x_wconf 88' lang='lat' dir='ltr'><strong>et</strong></span> <span class='ocrx_word' id='word_1_234' title='bbox 588 1918 698 1957; x_wconf 82' lang='lat' dir='ltr'><strong>Man.</strong></span> <span class='ocrx_word' id='word_1_235' title='bbox 734 1915 856 1967; x_wconf 72' lang='lat' dir='ltr'><strong>legi,</strong></span> <span class='ocrx_word' id='word_1_236' title='bbox 889 1918 950 1955; x_wconf 88' lang='lat' dir='ltr'><strong>cui</strong></span> <span class='ocrx_word' id='word_1_237' title='bbox 970 1919 1117 1955; x_wconf 84' lang='lat' dir='ltr'><strong>rationi</strong></span> <span class='ocrx_word' id='word_1_238' title='bbox 1140 1917 1204 1955; x_wconf 88' lang='lat' dir='ltr'><strong>uel</strong></span> <span class='ocrx_word' id='word_1_239' title='bbox 1236 1913 1433 1967; x_wconf 83' lang='lat' dir='ltr'><strong>particula</strong></span> <span class='ocrx_word' id='word_1_240' title='bbox 1466 1927 1558 1964; x_wconf 87' lang='lat' dir='ltr'><strong>que</strong></span> 
     </span>
     <span class='ocr_line' id='line_1_31' title="bbox 93 1973 1555 2021; baseline -0.004 -8"><span class='ocrx_word' id='word_1_241' title='bbox 93 1976 232 2013; x_wconf 87' lang='lat' dir='ltr'><strong>obstat</strong></span> <span class='ocrx_word' id='word_1_242' title='bbox 262 1974 448 2012; x_wconf 87' lang='lat' dir='ltr'><strong>iudicii</strong></span> <span class='ocrx_word' id='word_1_243' title='bbox 483 1973 679 2012; x_wconf 90' lang='lat' dir='ltr'><strong>uocabulo</strong></span> <span class='ocrx_word' id='word_1_244' title='bbox 703 1973 906 2012; x_wconf 88' lang='lat' dir='ltr'><strong>adiuncta.</strong></span> <span class='ocrx_word' id='word_1_245' title='bbox 967 1975 1067 2014; x_wconf 91' lang='lat' dir='ltr'><strong>Dau.</strong></span> <span class='ocrx_word' id='word_1_246' title='bbox 1091 1975 1268 2013; x_wconf 83' lang='lat' dir='ltr'><strong>coniecit</strong></span> <span class='ocrx_word' id='word_1_247' title='bbox 1291 1974 1555 2021; x_wconf 80' lang='lat' dir='ltr'><strong>integram</strong></span> 
     </span>
     <span class='ocr_line' id='line_1_32' title="bbox 91 2030 466 2069; baseline -0.003 0"><span class='ocrx_word' id='word_1_248' title='bbox 91 2035 268 2069; x_wconf 85' lang='lat' dir='ltr'><strong>tamen</strong></span> <span class='ocrx_word' id='word_1_249' title='bbox 300 2030 466 2068; x_wconf 82' lang='lat' dir='ltr'><strong>litem.</strong></span> 
     </span>
    </p>
   </div>
   <div class='ocr_carea' id='block_1_4' title="bbox 93 2094 1566 2656">
    <p class='ocr_par' dir='ltr' id='par_1_7' title="bbox 93 2094 1566 2656">
     <span class='ocr_line' id='line_1_33' title="bbox 210 2094 1561 2149; baseline -0.001 -13"><span class='ocrx_word' id='word_1_250' title='bbox 210 2096 365 2149; x_wconf 78' lang='lat' dir='ltr'><strong>quid?</strong></span> <span class='ocrx_word' id='word_1_251' title='bbox 398 2099 439 2135; x_wconf 89' lang='lat' dir='ltr'><strong>si</strong></span> <span class='ocrx_word' id='word_1_252' title='bbox 473 2110 562 2135; x_wconf 91' lang='lat' dir='ltr'><strong>nos</strong></span> <span class='ocrx_word' id='word_1_253' title='bbox 589 2103 851 2145; x_wconf 81' lang='lat' dir='ltr'><strong>tacemus,</strong></span> <span class='ocrx_word' id='word_1_254' title='bbox 883 2095 1026 2135; x_wconf 90' lang='lat' dir='ltr'><strong>locus</strong></span> <span class='ocrx_word' id='word_1_255' title='bbox 1051 2098 1160 2148; x_wconf 83' lang='lat' dir='ltr'><strong>ipsc</strong></span> <span class='ocrx_word' id='word_1_256' title='bbox 1182 2101 1232 2135; x_wconf 74' lang='lat' dir='ltr'><strong>te</strong></span> <span class='ocrx_word' id='word_1_257' title='bbox 1253 2110 1276 2134; x_wconf 88' lang='lat' dir='ltr'><strong>n</strong></span> <span class='ocrx_word' id='word_1_258' title='bbox 1296 2111 1354 2135; x_wconf 91' lang='lat' dir='ltr'><strong>on</strong></span> <span class='ocrx_word' id='word_1_259' title='bbox 1378 2094 1561 2146; x_wconf 77' lang='lat' dir='ltr'><strong>adm.?]</strong></span> 
     </span>
     <span class='ocr_line' id='line_1_34' title="bbox 94 2153 1561 2206; baseline -0.003 -14"><span class='ocrx_word' id='word_1_260' title='bbox 94 2154 162 2193; x_wconf 82' lang='lat' dir='ltr'><strong>Sic</strong></span> <span class='ocrx_word' id='word_1_261' title='bbox 193 2154 342 2206; x_wconf 82' lang='lat' dir='ltr'><strong>Steph.</strong></span> <span class='ocrx_word' id='word_1_262' title='bbox 374 2155 488 2192; x_wconf 83' lang='lat' dir='ltr'><strong>Man.</strong></span> <span class='ocrx_word' id='word_1_263' title='bbox 521 2153 668 2190; x_wconf 83' lang='lat' dir='ltr'><strong>Bakius</strong></span> <span class='ocrx_word' id='word_1_264' title='bbox 698 2155 880 2203; x_wconf 83' lang='lat' dir='ltr'><strong>itemque</strong></span> <span class='ocrx_word' id='word_1_265' title='bbox 912 2154 1146 2203; x_wconf 53' lang='lat' dir='ltr'><strong>Uim-torius,</strong></span> <span class='ocrx_word' id='word_1_266' title='bbox 1187 2153 1260 2190; x_wconf 84' lang='lat' dir='ltr'><strong>sed</strong></span> <span class='ocrx_word' id='word_1_267' title='bbox 1301 2155 1367 2192; x_wconf 88' lang='lat' dir='ltr'><strong>hic</strong></span> <span class='ocrx_word' id='word_1_268' title='bbox 1398 2157 1561 2190; x_wconf 79' lang='lat' dir='ltr'><strong>retento</strong></span> 
     </span>
     <span class='ocr_line' id='line_1_35' title="bbox 93 2210 1565 2249; baseline -0.003 0"><span class='ocrx_word' id='word_1_269' title='bbox 93 2210 246 2249; x_wconf 90' lang='lat' dir='ltr'><strong>mendo</strong></span> <span class='ocrx_word' id='word_1_270' title='bbox 280 2224 376 2248; x_wconf 90' lang='lat' dir='ltr'><strong>non</strong></span> <span class='ocrx_word' id='word_1_271' title='bbox 410 2214 512 2248; x_wconf 88' lang='lat' dir='ltr'><strong>tac.</strong></span> <span class='ocrx_word' id='word_1_272' title='bbox 576 2210 808 2247; x_wconf 85' lang='lat' dir='ltr'><strong>Pronomen</strong></span> <span class='ocrx_word' id='word_1_273' title='bbox 850 2214 899 2246; x_wconf 89' lang='lat' dir='ltr'><strong>te</strong></span> <span class='ocrx_word' id='word_1_274' title='bbox 940 2211 1038 2247; x_wconf 86' lang='lat' dir='ltr'><strong>satis</strong></span> <span class='ocrx_word' id='word_1_275' title='bbox 1075 2210 1177 2248; x_wconf 89' lang='lat' dir='ltr'><strong>illud</strong></span> <span class='ocrx_word' id='word_1_276' title='bbox 1209 2211 1491 2248; x_wconf 85' lang='lat' dir='ltr'><strong>confirmatum</strong></span> <span class='ocrx_word' id='word_1_277' title='bbox 1522 2213 1565 2246; x_wconf 87' lang='lat' dir='ltr'><strong>et</strong></span> 
     </span>
     <span class='ocr_line' id='line_1_36' title="bbox 96 2262 1564 2318; baseline -0.002 -14"><span class='ocrx_word' id='word_1_278' title='bbox 96 2266 220 2305; x_wconf 84' lang='lat' dir='ltr'><strong>codd.</strong></span> <span class='ocrx_word' id='word_1_279' title='bbox 254 2266 496 2304; x_wconf 87' lang='lat' dir='ltr'><strong>melioribus</strong></span> <span class='ocrx_word' id='word_1_280' title='bbox 530 2270 573 2303; x_wconf 87' lang='lat' dir='ltr'><strong>et</strong></span> <span class='ocrx_word' id='word_1_281' title='bbox 595 2265 745 2304; x_wconf 85' lang='lat' dir='ltr'><strong>mendo</strong></span> <span class='ocrx_word' id='word_1_282' title='bbox 771 2265 1021 2304; x_wconf 89' lang='lat' dir='ltr'><strong>deteriorum</strong></span> <span class='ocrx_word' id='word_1_283' title='bbox 1051 2262 1165 2318; x_wconf 84' lang='lat' dir='ltr'><strong>(nam</strong></span> <span class='ocrx_word' id='word_1_284' title='bbox 1189 2265 1242 2305; x_wconf 70' lang='lat' dir='ltr'><strong>tsi</strong></span> <span class='ocrx_word' id='word_1_285' title='bbox 1273 2268 1300 2305; x_wconf 87' lang='lat' dir='ltr'><strong>i.</strong></span> <span class='ocrx_word' id='word_1_286' title='bbox 1325 2279 1362 2305; x_wconf 87' lang='lat' dir='ltr'><strong>e.</strong></span> <span class='ocrx_word' id='word_1_287' title='bbox 1394 2270 1564 2303; x_wconf 85' lang='lat' dir='ltr'><strong>tamen</strong></span> 
     </span>
     <span class='ocr_line' id='line_1_37' title="bbox 97 2321 1563 2375; baseline 0.001 -16"><span class='ocrx_word' id='word_1_288' title='bbox 97 2326 238 2359; x_wconf 84' lang='lat' dir='ltr'><strong>natum</strong></span> <span class='ocrx_word' id='word_1_289' title='bbox 278 2326 342 2359; x_wconf 84' lang='lat' dir='ltr'><strong>est</strong></span> <span class='ocrx_word' id='word_1_290' title='bbox 375 2334 423 2358; x_wconf 85' lang='lat' dir='ltr'><strong>ex</strong></span> <span class='ocrx_word' id='word_1_291' title='bbox 464 2322 603 2359; x_wconf 83' lang='lat' dir='ltr'><strong>uerbis</strong></span> <span class='ocrx_word' id='word_1_292' title='bbox 635 2323 723 2359; x_wconf 81' lang='lat' dir='ltr'><strong>teii</strong></span> <span class='ocrx_word' id='word_1_293' title='bbox 754 2322 783 2359; x_wconf 83' lang='lat' dir='ltr'><strong>i.</strong></span> <span class='ocrx_word' id='word_1_294' title='bbox 818 2334 855 2359; x_wconf 85' lang='lat' dir='ltr'><strong>e.</strong></span> <span class='ocrx_word' id='word_1_295' title='bbox 888 2327 936 2359; x_wconf 85' lang='lat' dir='ltr'><strong>te</strong></span> <span class='ocrx_word' id='word_1_296' title='bbox 966 2322 1089 2375; x_wconf 91' lang='lat' dir='ltr'><strong>nou)</strong></span> <span class='ocrx_word' id='word_1_297' title='bbox 1130 2324 1263 2362; x_wconf 77' lang='lat' dir='ltr'><strong>Gebli.</strong></span> <span class='ocrx_word' id='word_1_298' title='bbox 1301 2323 1424 2361; x_wconf 79' lang='lat' dir='ltr'><strong>Goer.</strong></span> <span class='ocrx_word' id='word_1_299' title='bbox 1467 2321 1563 2361; x_wconf 86' lang='lat' dir='ltr'><strong>Sch.</strong></span> 
     </span>
     <span class='ocr_line' id='line_1_38' title="bbox 97 2377 1565 2428; baseline -0.002 -11"><span class='ocrx_word' id='word_1_300' title='bbox 97 2379 209 2417; x_wconf 85' lang='lat' dir='ltr'><strong>Mos.</strong></span> <span class='ocrx_word' id='word_1_301' title='bbox 243 2378 317 2416; x_wconf 90' lang='lat' dir='ltr'><strong>Or.</strong></span> <span class='ocrx_word' id='word_1_302' title='bbox 355 2377 597 2417; x_wconf 86' lang='lat' dir='ltr'><strong>omiserunt.</strong></span> <span class='ocrx_word' id='word_1_303' title='bbox 670 2378 883 2415; x_wconf 79' lang='lat' dir='ltr'><strong>Dauisius:</strong></span> <span class='ocrx_word' id='word_1_304' title='bbox 927 2378 1074 2428; x_wconf 84' lang='lat' dir='ltr'><strong>quid?</strong></span> <span class='ocrx_word' id='word_1_305' title='bbox 1116 2381 1157 2416; x_wconf 86' lang='lat' dir='ltr'><strong>si</strong></span> <span class='ocrx_word' id='word_1_306' title='bbox 1198 2391 1287 2417; x_wconf 88' lang='lat' dir='ltr'><strong>nos</strong></span> <span class='ocrx_word' id='word_1_307' title='bbox 1328 2401 1383 2406; x_wconf 83' lang='lat'><strong>-—</strong></span> <span class='ocrx_word' id='word_1_308' title='bbox 1420 2377 1565 2415; x_wconf 84' lang='lat' dir='ltr'><strong>locus</strong></span> 
     </span>
     <span class='ocr_line' id='line_1_39' title="bbox 94 2432 1566 2486; baseline -0.001 -13"><span class='ocrx_word' id='word_1_309' title='bbox 94 2436 209 2486; x_wconf 86' lang='lat' dir='ltr'><strong>ipse</strong></span> <span class='ocrx_word' id='word_1_310' title='bbox 240 2438 416 2472; x_wconf 89' lang='lat' dir='ltr'><strong>tamen</strong></span> <span class='ocrx_word' id='word_1_311' title='bbox 450 2432 579 2471; x_wconf 89' lang='lat' dir='ltr'><strong>adm.</strong></span> <span class='ocrx_word' id='word_1_312' title='bbox 637 2434 693 2471; x_wconf 84' lang='lat' dir='ltr'><strong>At</strong></span> <span class='ocrx_word' id='word_1_313' title='bbox 722 2446 947 2484; x_wconf 85' lang='lat' dir='ltr'><strong>pronomen</strong></span> <span class='ocrx_word' id='word_1_314' title='bbox 989 2432 1146 2486; x_wconf 88' lang='lat' dir='ltr'><strong>quid?</strong></span> <span class='ocrx_word' id='word_1_315' title='bbox 1182 2436 1281 2473; x_wconf 79' lang='lat' dir='ltr'><strong>satis</strong></span> <span class='ocrx_word' id='word_1_316' title='bbox 1319 2435 1566 2486; x_wconf 81' lang='lat' dir='ltr'><strong>interrogari</strong></span> 
     </span>
     <span class='ocr_line' id='line_1_40' title="bbox 96 2489 1565 2541; baseline -0.001 -12"><span class='ocrx_word' id='word_1_317' title='bbox 96 2490 250 2529; x_wconf 86' lang='lat' dir='ltr'><strong>deinde</strong></span> <span class='ocrx_word' id='word_1_318' title='bbox 284 2490 452 2529; x_wconf 83' lang='lat' dir='ltr'><strong>indicat.</strong></span> <span class='ocrx_word' id='word_1_319' title='bbox 514 2489 607 2528; x_wconf 87' lang='lat' dir='ltr'><strong>Car.</strong></span> <span class='ocrx_word' id='word_1_320' title='bbox 630 2490 775 2541; x_wconf 89' lang='lat' dir='ltr'><strong>Steph.</strong></span> <span class='ocrx_word' id='word_1_321' title='bbox 801 2493 844 2527; x_wconf 87' lang='lat' dir='ltr'><strong>et</strong></span> <span class='ocrx_word' id='word_1_322' title='bbox 860 2490 1024 2529; x_wconf 85' lang='lat' dir='ltr'><strong>Lamb.:</strong></span> <span class='ocrx_word' id='word_1_323' title='bbox 1058 2493 1101 2530; x_wconf 92' lang='lat' dir='ltr'><strong>si</strong></span> <span class='ocrx_word' id='word_1_324' title='bbox 1128 2504 1225 2529; x_wconf 88' lang='lat' dir='ltr'><strong>non</strong></span> <span class='ocrx_word' id='word_1_325' title='bbox 1253 2496 1480 2529; x_wconf 83' lang='lat' dir='ltr'><strong>tacemus</strong></span> <span class='ocrx_word' id='word_1_326' title='bbox 1513 2514 1565 2520; x_wconf 87' lang='lat'><strong>--</strong></span> 
     </span>
     <span class='ocr_line' id='line_1_41' title="bbox 94 2545 1566 2599; baseline 0 -14"><span class='ocrx_word' id='word_1_327' title='bbox 94 2545 251 2585; x_wconf 85' lang='lat' dir='ltr'><strong>locus</strong></span> <span class='ocrx_word' id='word_1_328' title='bbox 281 2550 460 2584; x_wconf 89' lang='lat' dir='ltr'><strong>tamen</strong></span> <span class='ocrx_word' id='word_1_329' title='bbox 489 2546 603 2596; x_wconf 87' lang='lat' dir='ltr'><strong>ipse</strong></span> <span class='ocrx_word' id='word_1_330' title='bbox 633 2546 894 2595; x_wconf 82' lang='lat' dir='ltr'><strong>admonet3</strong></span> <span class='ocrx_word' id='word_1_331' title='bbox 922 2546 1023 2586; x_wconf 88' lang='lat' dir='ltr'><strong>Ern.</strong></span> <span class='ocrx_word' id='word_1_332' title='bbox 1053 2553 1096 2587; x_wconf 90' lang='lat' dir='ltr'><strong>et</strong></span> <span class='ocrx_word' id='word_1_333' title='bbox 1114 2548 1260 2598; x_wconf 77' lang='lat' dir='ltr'><strong>Wagn.</strong></span> <span class='ocrx_word' id='word_1_334' title='bbox 1289 2549 1439 2585; x_wconf 86' lang='lat' dir='ltr'><strong>omisso</strong></span> <span class='ocrx_word' id='word_1_335' title='bbox 1467 2561 1566 2599; x_wconf 86' lang='lat' dir='ltr'><strong>pro-</strong></span> 
     </span>
     <span class='ocr_line' id='line_1_42' title="bbox 99 2599 1564 2656; baseline 0.002 -15"><span class='ocrx_word' id='word_1_336' title='bbox 99 2604 267 2641; x_wconf 84' lang='lat' dir='ltr'><strong>nomine</strong></span> <span class='ocrx_word' id='word_1_337' title='bbox 303 2602 449 2653; x_wconf 89' lang='lat' dir='ltr'><strong>quid:</strong></span> <span class='ocrx_word' id='word_1_338' title='bbox 482 2604 526 2639; x_wconf 91' lang='lat' dir='ltr'><strong>si</strong></span> <span class='ocrx_word' id='word_1_339' title='bbox 559 2614 652 2639; x_wconf 91' lang='lat' dir='ltr'><strong>nos</strong></span> <span class='ocrx_word' id='word_1_340' title='bbox 686 2608 949 2653; x_wconf 86' lang='lat' dir='ltr'><strong>tacemus,</strong></span> <span class='ocrx_word' id='word_1_341' title='bbox 975 2601 1124 2643; x_wconf 90' lang='lat' dir='ltr'><strong>locus</strong></span> <span class='ocrx_word' id='word_1_342' title='bbox 1158 2606 1279 2656; x_wconf 88' lang='lat' dir='ltr'><strong>ipse</strong></span> <span class='ocrx_word' id='word_1_343' title='bbox 1309 2599 1564 2644; x_wconf 74' lang='lat' dir='ltr'><strong>admonet.</strong></span> 
     </span>
    </p>
   </div>
   <div class='ocr_carea' id='block_1_5' title="bbox 98 2664 1582 2779">
    <p class='ocr_par' dir='ltr' id='par_1_8' title="bbox 98 2664 1582 2779">
     <span class='ocr_line' id='line_1_43' title="bbox 217 2664 1582 2723; baseline 0.001 -14"><span class='ocrx_word' id='word_1_344' title='bbox 217 2668 251 2719; x_wconf 61' lang='grc' dir='ltr'><strong>ξ.</strong></span> <span class='ocrx_word' id='word_1_345' title='bbox 285 2667 359 2710; x_wconf 77' lang='grc'><strong>48.</strong></span> <span class='ocrx_word' id='word_1_346' title='bbox 430 2669 489 2707; x_wconf 87' lang='lat' dir='ltr'><strong>de</strong></span> <span class='ocrx_word' id='word_1_347' title='bbox 537 2670 648 2707; x_wconf 85' lang='lat' dir='ltr'><strong>iure</strong></span> <span class='ocrx_word' id='word_1_348' title='bbox 697 2667 881 2722; x_wconf 89' lang='lat' dir='ltr'><strong>populi</strong></span> <span class='ocrx_word' id='word_1_349' title='bbox 927 2671 1067 2722; x_wconf 73' lang='lat' dir='ltr'><strong>rom]</strong></span> <span class='ocrx_word' id='word_1_350' title='bbox 1138 2671 1244 2710; x_wconf 87' lang='lat' dir='ltr'><strong>Ante</strong></span> <span class='ocrx_word' id='word_1_351' title='bbox 1288 2671 1452 2723; x_wconf 86' lang='lat' dir='ltr'><strong>quidem</strong></span> <span class='ocrx_word' id='word_1_352' title='bbox 1503 2664 1582 2710; x_wconf 28' lang='lat' dir='ltr'><strong>ius-</strong></span> 
     </span>
     <span class='ocr_line' id='line_1_44' title="bbox 98 2723 1569 2779; baseline 0.004 -18"><span class='ocrx_word' id='word_1_353' title='bbox 98 2725 234 2776; x_wconf 87' lang='lat' dir='ltr'><strong>ipsum</strong></span> <span class='ocrx_word' id='word_1_354' title='bbox 278 2723 499 2764; x_wconf 85' lang='lat' dir='ltr'><strong>constituit</strong></span> <span class='ocrx_word' id='word_1_355' title='bbox 549 2727 751 2774; x_wconf 81' lang='lat' dir='ltr'><strong>ciuitatis3</strong></span> <span class='ocrx_word' id='word_1_356' title='bbox 799 2727 879 2763; x_wconf 85' lang='lat' dir='ltr'><strong>iam</strong></span> <span class='ocrx_word' id='word_1_357' title='bbox 917 2727 1076 2765; x_wconf 83' lang='lat' dir='ltr'><strong>Atticus</strong></span> <span class='ocrx_word' id='word_1_358' title='bbox 1124 2726 1274 2766; x_wconf 85' lang='lat' dir='ltr'><strong>disseri</strong></span> <span class='ocrx_word' id='word_1_359' title='bbox 1324 2727 1442 2778; x_wconf 88' lang='lat' dir='ltr'><strong>uult,</strong></span> <span class='ocrx_word' id='word_1_360' title='bbox 1488 2742 1569 2779; x_wconf 86' lang='lat' dir='ltr'><strong>quo</strong></span> 
     </span>
    </p>
   </div>
   <div class='ocr_carea' id='block_1_6' title="bbox 97 2782 1568 2876">
    <p class='ocr_par' dir='ltr' id='par_1_9' title="bbox 97 2782 1568 2876">
     <span class='ocr_line' id='line_1_45' title="bbox 97 2782 1568 2839; baseline 0.004 -21"><span class='ocrx_word' id='word_1_361' title='bbox 97 2782 188 2819; x_wconf 88' lang='lat' dir='ltr'><strong>iure</strong></span> <span class='ocrx_word' id='word_1_362' title='bbox 239 2785 282 2819; x_wconf 84' lang='lat' dir='ltr'><strong>et</strong></span> <span class='ocrx_word' id='word_1_363' title='bbox 328 2783 483 2834; x_wconf 85' lang='lat' dir='ltr'><strong>priuati</strong></span> <span class='ocrx_word' id='word_1_364' title='bbox 538 2788 582 2820; x_wconf 92' lang='lat' dir='ltr'><strong>et</strong></span> <span class='ocrx_word' id='word_1_365' title='bbox 627 2783 891 2833; x_wconf 81' lang='lat' dir='ltr'><strong>magistratus</strong></span> <span class='ocrx_word' id='word_1_366' title='bbox 942 2788 1108 2823; x_wconf 85' lang='lat' dir='ltr'><strong>utantur</strong></span> <span class='ocrx_word' id='word_1_367' title='bbox 1151 2783 1230 2839; x_wconf 86' lang='lat' dir='ltr'><strong>(cf.</strong></span> <span class='ocrx_word' id='word_1_368' title='bbox 1279 2784 1342 2823; x_wconf 87' lang='lat' dir='ltr'><strong>de</strong></span> <span class='ocrx_word' id='word_1_369' title='bbox 1386 2788 1568 2838; x_wconf 73' lang='lat' dir='ltr'><strong>potes-</strong></span> 
     </span>
     <span class='ocr_line' id='line_1_46' title="bbox 1321 2853 1346 2876; baseline 0 0"><span class='ocrx_word' id='word_1_370' title='bbox 1321 2853 1346 2876; x_wconf 52' lang='grc' dir='ltr'><strong><em>φ</em></strong></span> 
     </span>
    </p>
   </div>
  </div>
 </body>
</html>
