1781 3192
447 194 601 232 Lunam
636 192 858 231 lews,
913 192 1013 231 (ΣΛν.
1050 191 1169 229 xxu.
1459 190 1533 226 111

189 310 223 358 ξ.
257 309 326 347 55.
389 307 482 343 lest
512 305 667 342 huius
701 305 845 354 uero]
907 302 1018 342 Male
1061 316 1108 341 ex
1139 303 1414 340 deterioribus
1449 304 1536 352 qui-

76 363 245 403 busdam
286 361 495 401 codicibus
537 362 635 398 Dau.
676 362 865 411 scripsit:
908 361 1142 399 daturum
1174 371 1311 397 esse.
1364 359 1536 403 ¹Huius

77 435 202 460 uero
232 419 371 470 disp.
391 420 440 467 Q.
466 418 731 468 proprium
756 422 835 454 est
857 417 933 465 i‹l;
966 430 1041 454 nec
1063 414 1332 468 probabiliter
1354 415 1536 453 Manut.:

76 478 310 515 daturum
355 486 484 512 esse.
544 473 641 511 Est
679 474 829 511 huius
874 487 1007 511 uero.
1071 474 1256 521 Languet
1296 483 1418 508 esse
1463 484 1534 509 ex-

75 539 229 572 tremae
261 532 493 570 sententiae
525 542 749 579 annexuin3
792 542 868 567 nec
910 535 991 567 est
1022 531 1060 566 in
1096 529 1272 566 mediam
1306 529 1532 566 orationem

77 591 189 627 reiici
234 591 394 638 potest,
449 588 542 636 quin
592 586 856 624 asseuerandi
904 587 1082 637 grauitas
1123 585 1326 622 eleuetur.
1406 584 1535 622 Recte

76 647 201 683 Gzius
250 642 490 694 particulam
543 655 665 680 uero
717 642 873 680 duobus
926 644 1061 680 uerbis
1113 643 1382 693 postpositam
1441 653 1534 678 esse

74 700 193 748 dixit,
227 701 317 750 quia
349 712 427 735 non
461 697 592 736 solnm
625 711 769 748 esse,
810 697 884 737 sed
915 700 1061 737 huius
1093 710 1208 735 esse
1241 696 1532 747 disputationis

72 757 314 794 confirmare
348 754 560 795 uoluisset.

187 814 259 849 ita
290 812 384 859 sit,
416 812 486 862 ut]
548 812 647 861 Lex,
682 825 784 861 quae
817 818 911 850 ante
943 813 1151 849 nominata
1193 814 1272 859 est,
1314 813 1378 847 est
1418 813 1532 846 recta

73 869 302 906 Stoicorum
335 869 454 916 ratio,
488 881 603 918 quam
640 868 811 905 eandem
846 870 877 918 ξ.
920 866 982 908 19.
1015 867 1372 919 prudentiam,
1404 866 1437 915 ᾇ.
1462 865 1531 914 22.

74 925 401 976 sapientiam
434 924 549 962 dixit.
610 925 725 962 Hine·
749 924 940 974 procliuis
973 937 1072 961 sane
1105 937 1126 960 a
1157 922 1249 974 lege
1274 922 1320 959 ad
1346 921 1532 973 philoso-

73 981 195 1031 phiae
235 980 396 1018 laudem
440 982 637 1018 transitus
688 981 779 1019 suit.
850 981 991 1019 Mendi
1034 980 1186 1017 codicis
1228 979 1468 1030 archetypi,
1511 992 1533 1016 a

73 1050 150 1087 quo
190 1039 260 1074 sit
299 1038 376 1073 iam
418 1038 601 1073 abfuisse
644 1036 829 1086 uidetur,
868 1040 979 1074 narie
1016 1038 1094 1073 iam
1135 1041 1294 1073 tentata
1337 1039 1402 1072 est
1441 1047 1532 1072 cor-

69 1095 198 1130 rectio
239 1094 278 1129 in
319 1092 607 1131 deterioribus,
678 1093 859 1130 Restitui
896 1091 999 1130 illud
1037 1096 1230 1142 oportere
1268 1091 1531 1142 perspicuum

69 1154 145 1187 est.
209 1149 310 1187 Utro
340 1146 430 1185 loco
468 1150 734 1197 restituatur,
775 1152 870 1186 ante
905 1162 955 1186 an
988 1153 1082 1199 post
1113 1148 1400 1199 sapientia,
1449 1160 1528 1184 non

70 1217 319 1257 magnopere
365 1203 510 1243 refert.
582 1204 671 1241 Hoc
720 1203 841 1242 modo
891 1206 1033 1243 Lamb.
1072 1204 1172 1243 Ern.
1214 1204 1359 1254 Wagn.
1404 1203 1531 1241 Goer.

68 1262 187 1311 Sch.;
223 1261 297 1299 sit
330 1261 596 1311 sapientia
626 1259 736 1299 Mos.
763 1261 834 1299 Or.
859 1262 1024 1299 Bakius.
1086 1261 1275 1299 Dauisius
1308 1259 1531 1297 deteriori-

68 1320 141 1356 bus
181 1316 421 1369 quibusdam
472 1316 593 1354 codd.
643 1316 840 1368 deceptus
894 1317 1095 1371 particula
1145 1321 1197 1355 nt
1243 1317 1394 1354 omissa
1441 1329 1531 1353 cum

69 1376 214 1427 Steph.
255 1379 298 1413 et
336 1375 444 1412 Man.
489 1374 678 1423 scripsit:
723 1375 799 1412 lta
828 1373 895 1413 fit
927 1379 1092 1412 mater
1124 1375 1341 1412 omnium
1374 1374 1529 1410 bona-

67 1445 171 1470 rum
204 1443 373 1468 rerum
404 1442 506 1479 sap.
569 1431 825 1468 Bonarum
859 1433 1072 1480 artium,
1112 1430 1219 1481 quod
1259 1443 1333 1481 pro
1373 1430 1528 1466 bona-

68 1501 172 1526 rum
204 1499 373 1524 rerum
406 1486 658 1534 scripserunt
690 1486 828 1525 Lamb.
856 1487 958 1526 Ern.
980 1487 1139 1537 Wagn,
1172 1500 1193 1523 a
1225 1485 1314 1523 solo
1347 1485 1435 1523 cod.
1459 1482 1529 1524 39.

70 1547 97 1582 i.
130 1557 168 1582 e.
202 1541 352 1580 nullam
385 1544 672 1579 auctoritatem
696 1542 833 1581 habet.
894 1544 1005 1582 Dixit
1030 1557 1127 1581 sane
1150 1542 1454 1594 philosophiam
1479 1541 1531 1579 de

69 1601 142 1638 Or.
172 1600 209 1649 l,
243 1598 282 1638 3.
316 1597 354 1637 9.
396 1599 574 1635 omnium
615 1596 870 1636 laudatarum
922 1602 1066 1638 artium
1115 1600 1435 1651 procreatricem
1488 1602 1531 1635 et

70 1658 197 1695 Tusc.
228 1655 258 1705 l,
293 1654 360 1695 26.
395 1651 458 1694 64.
490 1659 660 1691 matrem
695 1656 839 1693 artium
872 1659 1074 1705 omnium;
1116 1655 1190 1693 sed
1220 1655 1296 1693 hoc
1333 1654 1440 1705 loco,
1488 1659 1532 1692 ut

68 1714 120 1751 de
152 1714 222 1751 Or.
268 1708 348 1760 Ill,
401 1709 462 1750 16.
504 1710 569 1750 60.
611 1708 806 1764 (omnis
849 1725 1019 1751 rerum
1057 1713 1371 1763 optimarum
1414 1724 1529 1761 cog-

68 1771 202 1808 nitio
243 1771 402 1818 atque
452 1767 503 1803 in
544 1767 614 1804 iis
665 1770 988 1807 exercitatio
1042 1765 1404 1820 philosophia)
1455 1780 1528 1817 ea,

68 1840 170 1877 quae
208 1824 364 1862 efficiat
395 1823 611 1873 sapientia,
643 1823 877 1873 generalius
909 1825 1110 1877 appellat3
1144 1824 1415 1875 similiterque
1435 1837 1527 1862 mox

67 1883 191 1920 dicit:
224 1894 327 1918 cuni
362 1885 573 1917 ceteras
605 1893 684 1917 res
716 1894 915 1931 omnes,
948 1888 1049 1921 tum
1081 1904 1134 1910 —-
1164 1882 1359 1920 docuit.

181 1950 202 1974 a
233 1936 400 1986 cuius]
461 1935 815 1986 Praepositionem
857 1939 897 1975 in
938 1939 1189 1978 deteriorum
1220 1936 1429 1989 plerisque
1461 1950 1530 1974 ex-

67 1996 257 2032 stinctam
298 1998 467 2031 tuentur
508 1992 625 2030 codd.
669 1992 878 2032 meliores.
940 1997 1073 2045 Atque
1104 1995 1250 2033 melius
1279 2008 1391 2044 sane,
1422 1993 1531 2031 unde

68 2051 232 2089 ductum
279 2050 332 2087 sit
378 2047 668 2098 philosophiae
711 2062 885 2099 nomen,
934 2051 1188 2101 declaratur,
1243 2064 1360 2101 quam
1410 2063 1530 2088 causa

68 2108 226 2157 accepti
268 2105 444 2144 nominis
487 2105 752 2154 significatur,
794 2111 838 2143 ut
867 2107 943 2145 Off.
974 2108 1041 2157 111,
1075 2108 1139 2148 31.
1176 2107 1269 2147 112.
1316 2105 1531 2160 (torque

68 2163 317 2200 detracto
367 2173 556 2197 nomen
605 2161 839 2212 inuenit,
884 2167 953 2201 aut
1002 2168 1181 2201 assumta
1220 2165 1530 2214 praepositione

69 2218 121 2257 de
158 2218 252 2259 Diu.
284 2217 335 2268 ll,
375 2215 442 2256 32.
481 2214 545 2257 69.
580 2213 660 2270 (ex
699 2230 752 2255 eo
794 2231 973 2257 nomen
1013 2217 1268 2273 inuenit).
1336 2219 1529 2257 Ceterum

65 2275 184 2313 huius
216 2274 394 2312 nominis
426 2269 758 2327 (philosophiae)
786 2276 1046 2314 inuentorem
1079 2277 1164 2315 Cic.
1190 2276 1312 2316 Tusc.
1339 2276 1389 2325 V,
1422 2275 1462 2315 3.
1490 2276 1530 2315 7.

66 2332 339 2382 Pythagoram
390 2331 598 2379 nominat,
648 2343 739 2368 cnm
787 2336 908 2370 antea
958 2334 1167 2371 nominata
1211 2334 1264 2371 sit
1305 2333 1529 2383 sapientia,

65 2389 247 2437 itemque
278 2383 515 2436 philosophi
555 2386 778 2436 sapientes.
838 2388 1071 2427 Pronomen
1108 2403 1204 2440 qua
1235 2390 1381 2427 mirum
1413 2393 1478 2426 est
1509 2401 1531 2425 a

69 2443 196 2481 Bakio
227 2442 375 2480 referri
407 2441 459 2479 ad
489 2442 795 2492 sapientia,
838 2457 928 2483 cum
966 2445 1018 2483 ad
1057 2445 1351 2498 philosophiae
1380 2457 1531 2483 nomen

68 2498 172 2537 illud
204 2497 473 2536 referendum
505 2510 598 2535 esse
639 2497 731 2537 luce
770 2498 917 2538 clarius
955 2503 1024 2540 sit.
1094 2502 1296 2541 Similiter
1336 2502 1459 2540 Tusc.
1500 2501 1531 2551 I,

68 2555 138 2597 26.
172 2553 242 2596 64.
276 2553 541 2606 philosophia
573 2555 786 2593 inuentum
820 2556 988 2597 deorum
1021 2564 1201 2597 uocatur.

181 2612 308 2649 haec
337 2611 474 2648 enim
507 2623 565 2648 un
582 2609 622 2660 a]
690 2612 878 2651 Dauisius
920 2616 1086 2666 proprio
1129 2613 1379 2667 quorundam
1418 2612 1534 2652 codi-

71 2680 160 2706 cum
203 2668 353 2706 mendo
397 2665 513 2720 (Par.
561 2667 661 2716 Reg.
696 2690 747 2695 —
780 2670 979 2709 accedunt
1018 2685 1126 2710 nunc
1158 2671 1238 2710 Gd.
1273 2671 1313 2711 2.
1352 2668 1439 2724 10.)
1471 2671 1535 2707 ηἰ-

71 2725 195 2763 mium
229 2725 414 2762 tribuens
455 2736 554 2762 una
597 2723 766 2775 expulit.
827 2726 899 2764 Sui
936 2729 1068 2779 ipsius
1108 2729 1385 2779 cognitionem
1418 2728 1535 2764 simi-

67 2777 164 2819 liter
195 2780 323 2820 tradit
358 2780 482 2821 Tusc.
519 2780 567 2832 V,
602 2780 666 2822 25.
702 2780 770 2822 70.
802 2785 913 2822 nasci
945 2797 993 2824 ex
1024 2783 1303 2838 philosophia.
