1781 3192
479 196 639 236 Limen
674 195 893 234 vntum.
940 195 1041 232 (λιν.
1075 193 1142 233 [V.
1490 193 1547 230 25

82 313 183 351 mim
227 312 303 350 suit
344 313 383 350 Ιι.
417 311 441 351 Ι.
484 326 504 348 a
548 308 731 348 codicum
775 306 990 346 meliorum
1022 307 1224 357 scriptura
1256 304 1422 355 quoad
1463 319 1548 356 po-

79 383 103 421 p
123 368 284 418 ulum,
317 381 432 419 quffln
465 367 562 406 inde
592 379 612 404 a
648 364 811 402 Dauisio
839 373 1006 415 praeter
1036 363 1272 414 Zumptium
1304 367 1351 400 et
1379 361 1545 399 Bakium

79 438 220 464 omnes
252 426 491 476 probarunt,
524 425 556 462 si
589 421 750 473 quidem
784 419 979 471 populu
995 434 1030 457 m
1075 423 1354 470 praestare
1386 424 1450 456 est
1481 433 1549 456 ca-

78 495 177 520 uere
211 481 262 519 de
293 480 442 532 populo
474 486 542 518 aut
572 477 698 527 nihil,
746 477 853 528 quod
899 476 1061 526 legibus
1094 477 1272 513 ciuitatis
1304 476 1548 513 contrarium

78 537 382 587 sit‚n1olituro
423 543 492 575 aut
532 536 573 574 id
614 540 777 583 actum,
822 533 931 584 quod
972 546 1094 583 agere
1138 533 1311 580 debeat3
1349 544 1426 569 nec
1469 531 1550 570 ullo

78 593 202 632 modo
235 606 324 631 eam
357 594 436 631 uim
470 594 624 642 habet,
666 603 783 642 quam
823 590 949 629 Goer.
980 595 1023 628 et
1053 589 1158 628 Mos.
1193 588 1229 625 ei
1262 588 1550 626 subiecerunt:

77 649 265 701 populi
294 654 480 700 partes
510 651 559 687 in
600 647 807 686 iudicio
844 659 1021 696 agere.
1083 645 1150 683 cf.
1196 644 1283 681 Cic.
1315 643 1365 681 ad
1397 645 1447 692 Q.
1478 645 1551 684 Fr.

79 704 114 755 I,
151 706 184 745 1.
222 705 261 745 3.
294 707 324 755 ᾗ.
364 706 423 745 lu.
460 707 512 744 ib.
545 706 579 756 ξ».
617 704 677 745 12.
710 703 784 753 111,
816 703 853 742 13.
888 702 927 742 53.
998 703 1128 741 Recte
1171 713 1266 738 uero
1311 712 1357 737 se
1395 700 1548 739 habere

78 761 242 801 uidetur
274 761 524 800 deteriorum
559 760 812 812 quorundam
847 760 1036 797 codicum
1070 759 1288 809 scriptura,
1322 768 1423 806 quae
1453 769 1544 794 εον·

77 820 261 857 rectione
294 820 494 856 translata
534 823 599 856 est
636 819 675 855 in
707 816 829 855 codd.
870 814 1126 856 ΑΒ11.65.
1168 820 1211 851 et
1247 813 1419 864 probata
1449 811 1547 850 olim

79 889 100 913 a
132 875 263 913 Turn.
296 875 406 914 Uict.
436 875 582 926 steph.
625 874 737 912 Man.
772 873 992 922 Lambino,
1034 884 1165 923 nuper
1198 883 1219 907 a
1249 870 1441 921 Zumptio
1483 874 1548 907 est

76 930 273 983 populo
306 937 577 982 praestare
611 945 669 969 sc.
704 932 764 968 ius
798 928 934 977 ciuile,
969 930 996 966 i.
1029 941 1068 967 e.
1100 939 1271 976 cauere,
1314 930 1358 963 ut
1395 927 1457 963 ius
1489 927 1549 963 ci·

79 986 179 1037 uile,
212 988 244 1024 si
277 988 436 1038 quaudo
470 989 555 1026 eius
587 1000 680 1026 usus
712 988 779 1035 sit,
812 985 962 1037 populo
989 986 1042 1022 sit
1067 990 1248 1035 paratum
1276 982 1389 1030 (dem
1418 980 1548 1021 Volke

77 1045 164 1082 sein
199 1044 333 1081 Recht
363 1046 590 1094 verbiirgen
624 1042 689 1082 uel
721 1044 925 1087 sichel-u).
957 1041 1022 1080 Cf.
1057 1041 1141 1081 Cic.
1181 1040 1231 1077 ad
1262 1040 1347 1078 Att.
1374 1039 1423 1088 X,
1444 1037 1484 1078 4.
1506 1039 1547 1079 5.

76 1100 261 1149 quibus
312 1106 391 1147 (sc.
438 1098 602 1152 pueris)
652 1098 915 1137 interdum
968 1097 1208 1135 uidemur
1267 1100 1550 1146 praestare

77 1156 237 1193 etiam
272 1168 374 1192 rem
408 1154 666 1207 publicam
705 1155 952 1192 debuisse
985 1155 1012 1191 i.
1047 1165 1084 1190 e.
1116 1162 1279 1201 cauere,
1313 1155 1357 1188 ut
1389 1152 1448 1189 eis
1480 1164 1549 1188 es-

77 1215 143 1249 set
191 1223 257 1249 res
297 1209 472 1263 publica.
515 1212 565 1249 ad
608 1207 932 1259 Fam.ll[,10.
966 1209 1003 1250 3.
1056 1208 1420 1259 Pomptinius,
1464 1208 1550 1257 qui

77 1281 95 1305 a
130 1272 182 1305 te
213 1272 482 1305 tractatus
514 1273 597 1306 est
628 1261 935 1319 praestanti
976 1280 1030 1304 ac
1062 1263 1329 1315 singulari
1362 1263 1548 1301 fide——

75 1328 327 1378 praestat
370 1325 469 1362 tibi
510 1326 807 1362 memoriam
860 1320 1402 1371 beneuolentiamque
1444 1322 1471 1357 i.
1511 1333 1548 1358 e.

77 1385 225 1430 canet,
271 1393 322 1418 ne
364 1394 437 1419 sua
477 1394 574 1431 erga
613 1386 656 1418 te
695 1380 986 1419 beneuolentia
1031 1379 1156 1416 desit.
1217 1377 1372 1426 Quodsi
1414 1376 1452 1414 in
1486 1375 1549 1414 his

76 1435 278 1488 exemplis
309 1442 592 1488 praestare
624 1450 715 1474 esse
747 1437 890 1475 dicunt
920 1447 1273 1484 conseruare,
1312 1433 1354 1471 id
1385 1434 1443 1470 ita
1474 1445 1547 1470 ue—

78 1505 167 1530 rum
193 1496 272 1543 est,
296 1495 330 1530 si
364 1499 543 1531 nostram
577 1493 784 1530 sentiendi
816 1492 1068 1543 dicendique
1096 1491 1296 1529 rationem
1325 1491 1544 1540 sequimur.

78 1549 251 1587 Romani
286 1549 448 1599 quidem
484 1562 555 1600 pro
589 1562 656 1599 eo,
690 1550 799 1600 quod
831 1562 878 1586 ex
909 1547 1159 1600 praestando
1191 1547 1388 1596 nascitur,
1421 1558 1544 1597 saepe

77 1606 205 1656 ipsam
226 1606 459 1656 praestandi
484 1607 689 1643 notionem
710 1607 976 1643 substituunt.
1013 1606 1071 1642 De
1091 1603 1289 1654 Maduigii
1308 1603 1545 1641 coniectura

77 1662 245 1712 quoad
274 1661 331 1698 ad
365 1661 606 1713 populum
646 1663 744 1700 iuris
783 1661 958 1700 consulti
998 1662 1061 1699 ius
1096 1659 1219 1698 ciuile
1262 1658 1312 1697 ad
1349 1659 1543 1712 populum

77 1721 234 1756 tantum
273 1718 299 1757 i.
333 1730 370 1756 e.
411 1720 451 1755 in
493 1717 632 1770 populi
677 1720 875 1756 concione
906 1723 1118 1770 praestare
1152 1715 1400 1754 dicerentur.
1462 1716 1547 1754 Te-

77 1775 251 1812 meraria
283 1787 380 1813 uero
412 1781 478 1813 est
504 1775 621 1813 Bakii
654 1776 889 1813 coniectura
927 1774 1096 1825 quoad
1135 1772 1326 1824 populo
1360 1772 1545 1811 deberi

76 1829 348 1870 uiderunt.

189 1886 242 1925 id
275 1892 442 1926 auten]
477 1888 528 1925 in
563 1887 893 1939 cognitione]
929 1885 1219 1926 correctiones
1237 1884 1546 1937 haudquaquam

80 1944 128 1981 ad
163 1945 411 1981 sententiam
457 1943 693 1996 probabiles
736 1950 832 1982 sunt
862 1959 957 1994 cae>
991 1958 1093 1996 quae
1123 1949 1217 1981 sunt
1248 1944 1288 1980 in
1320 1942 1440 1981 codd.
1473 1942 1550 1980 de-

78 2000 325 2038 terioribus:
379 2000 426 2038 id
470 2006 640 2039 autem
682 2002 1011 2051 incognitum
1053 2007 1133 2038 est
1166 2000 1448 2051 minusque
1480 1996 1546 2037 uel

79 2057 242 2094 minus
273 2069 410 2105 quam
439 2058 486 2094 iu
514 2071 599 2094 usu
631 2060 999 2096 necessarium.
1059 2058 1143 2095 Nec
1167 2058 1378 2107 quicquam
1404 2055 1545 2106 profe·-

79 2114 135 2151 cit
165 2118 234 2150 aut
262 2112 481 2151 Ernestius
507 2113 776 2152 coniectando
809 2113 944 2152 illud
969 2115 1145 2152 seruatis
1166 2111 1354 2163 reliquis,
1387 2118 1430 2150 ut
1449 2126 1546 2164 pro—

78 2182 228 2207 nomen
269 2168 318 2206 ad
357 2171 435 2208 ius
468 2171 722 2208 ciuitatis
755 2171 999 2220 referretur,
1033 2176 1102 2208 aut
1136 2168 1356 2208 Lambinus
1388 2167 1547 2216 (illud

78 2231 250 2264 autem
302 2227 636 2277 incognitum
687 2228 856 2264 miuus
908 2234 991 2265 est
1040 2228 1092 2264 in
1137 2239 1227 2264 usu
1275 2227 1548 2276 minusque

81 2285 484 2333 necessarium),
518 2291 587 2321 aut
605 2284 792 2321 Dauisius
820 2283 891 2331 (id
923 2290 1091 2321 autem
1117 2282 1444 2321 reconditum
1471 2288 1549 2320 est

81 2340 248 2376 minus
278 2352 483 2389 quoque
509 2340 556 2376 in
590 2353 680 2377 usu
710 2338 1118 2394 necessarium),
1147 2345 1216 2378 aut
1236 2340 1455 2391 Zumptius
1477 2338 1547 2386 (id

81 2398 256 2432 autem
289 2396 604 2444 cognitione
637 2400 718 2433 est
748 2398 944 2446 minus,
977 2410 1124 2446 quam
1171 2409 1259 2435 usu
1302 2408 1546 2434 necessa-

79 2446 254 2503 rium),
283 2456 353 2488 aut
371 2451 520 2489 Bakius
556 2451 733 2502 denique
758 2452 827 2500 (id
860 2458 1030 2491 autem
1063 2456 1113 2492 in
1140 2453 1452 2505 cognitione
1478 2458 1550 2490 te—

79 2508 171 2545 nui
193 2512 246 2545 et
277 2508 327 2545 in
353 2520 442 2546 usu
467 2505 758 2562 uersatur).
811 2509 1024 2548 Sententia
1043 2511 1235 2549 nimirum
1255 2508 1356 2548 haec
1372 2509 1550 2559 requiri-

80 2567 172 2602 tur:
202 2564 266 2601 ius
291 2562 429 2614 ciuile,
461 2563 568 2615 quod
597 2566 698 2603 iuris
739 2565 915 2604 consulti
949 2570 1106 2605 tantum
1147 2567 1199 2605 ad
1241 2579 1356 2605 usum
1398 2566 1550 2609 ciuium

82 2616 360 2658 exercuerunt
383 2634 460 2660 nec
485 2623 541 2659 ita
564 2626 806 2672 tractarunt,
828 2627 871 2661 ut
890 2625 1091 2662 rationem
1113 2625 1201 2663 eius
1218 2624 1551 2674 exquirerent.—

81 2690 176 2715 nam
207 2677 286 2716 hoc
320 2678 442 2716 modo
476 2679 508 2716 si
546 2678 607 2716 ius
642 2683 909 2729 tractassent,
938 2693 1019 2718 non
1050 2685 1173 2719 tenue
1207 2685 1321 2718 esset
1342 2680 1384 2717 in
1407 2679 1550 2730 cogui-

81 2734 195 2771 tione
227 2755 281 2762 —
323 2736 402 2773 etsi
434 2737 474 2772 in
509 2747 580 2772 usu
626 2737 905 2775 necessarium
939 2741 1027 2788 est,
1066 2738 1122 2780 in,
1141 2737 1377 2789 cognitione
1407 2740 1548 2773 tamen

83 2795 148 2827 est
185 2795 328 2829 tenue.
390 2790 614 2830 Declaraut
655 2792 730 2830 hoc
775 2798 817 2830 et
846 2806 893 2832 ea
935 2806 1036 2845 quae
1074 2793 1330 2847 praecedunt
1371 2796 1413 2829 et
1444 2802 1549 2841 quae

1283 2853 1305 2874 ἐξ·
