1781 3192
468 190 634 229 LlBER
666 189 886 229 PRIMUS.
933 191 1034 230 ΟΜ).
1070 190 1173 229 vm.
1492 188 1553 227 143

94 306 255 342 seruato
296 304 334 340 in
377 306 551 354 quatuor
590 299 711 341 codd.
750 300 1042 341 deterioribus.
1113 299 1272 341 Deinde
1313 313 1403 340 cum
1444 302 1550 338 anti-

92 360 298 409 quioribus
329 359 566 410 quibusdam
599 357 823 396 editoribus
856 358 1022 409 (steph.
1054 359 1197 398 Lamb.
1229 358 1349 406 Ern.)
1381 360 1423 394 et
1459 369 1549 394 cum

91 415 217 454 Bakio
251 428 299 453 ex
339 415 546 454 codicibus
586 413 827 452 melioribus
869 417 1055 452 reuocaui
1103 417 1174 454 ita
1212 427 1284 466 pro
1328 425 1402 462 eo,
1442 412 1548 463 quod

92 476 189 524 post
219 471 425 510 Dauisium
459 469 525 525 (et
555 469 627 508 ille
659 470 822 520 quidem
865 471 1031 521 scripsit
1067 477 1121 508 et
1162 471 1400 509 nimirum
1442 469 1551 506 ista

92 531 239 578 sunt,
273 534 322 565 ut
352 523 684 579 disputatur)
719 530 761 563 et
784 526 1056 564 Goerenzium
1091 526 1237 576 reliqui
1262 530 1553 577 expresserunt

91 586 215 624 ista.
283 585 335 622 At
376 585 408 621 si
451 584 613 635 probari
654 596 675 620 a
716 595 761 619 se
802 584 880 619 ista
923 582 1050 620 uellet
1089 584 1342 632 significare,
1384 582 1551 618 inuerso

91 639 259 688 ordine,
291 644 335 677 ut
367 642 488 678 etiam
523 641 646 680 Goer,
679 638 797 687 uidit,
831 638 969 676 dicere
1004 637 1181 676 debebat
1221 643 1272 676 et
1310 637 1550 674 nimirum

91 700 210 734 sunt
240 697 369 744 ista,
403 700 453 733 ut
485 695 845 746 disputantur.
901 695 967 733 Cf.
1011 694 1063 732 de
1099 694 1268 745 Rep.1‚
1314 692 1379 733 10.
1425 692 1551 742 Seyff.

90 750 141 789 ad
173 749 287 789 Lael.
322 750 363 800 2,
396 749 446 800 63
489 754 550 790 sin
591 755 726 789 autem
767 751 903 789 Stoica
941 765 962 788 a
1002 763 1048 789 se
1088 751 1289 802 proferri,
1332 761 1411 786 non
1462 761 1550 797 sua,

90 805 293 845 uoluisset
333 806 566 858 declarare,
606 819 658 845 ne
699 808 789 858 ipse
835 806 1051 845 admodum
1105 808 1279 858 probare
1326 804 1551 852 uideretur,

90 876 192 914 quae
225 863 421 915 deinceps
454 863 698 915 disputaret,
729 877 804 914 pro
842 863 1041 916 particula
1085 869 1136 901 ut
1177 864 1235 901 uti
1275 861 1415 900 debuit
1454 873 1552 911 pro-

90 922 255 959 nomine
295 919 471 958 relatiuo
512 920 643 972 (ista
681 925 803 958 sunt
841 933 969 971 quae
1008 920 1365 970 disputantur.
1405 917 1457 955 cf.
1501 915 1552 953 de

89 976 186 1027 Leg.
217 989 302 1027 agr·
338 972 394 1025 ll,
426 976 494 1017 26.
530 978 594 1017 70.
627 982 680 1014 et
708 977 943 1014 nimirum
991 976 1137 1014 istud
1176 980 1279 1024 est,
1322 972 1452 1024 quod
1495 974 1551 1010 ab

89 1032 184 1071 hoc
225 1033 440 1071 tribuno
482 1034 661 1084 plebis
703 1032 904 1071 dictum
947 1038 1030 1070 est
1069 1045 1118 1069 ιιι
1162 1027 1385 1082 senatu.)
1464 1030 1552 1067 Nec

90 1100 188 1127 uero
220 1090 472 1127 assensionis
506 1090 570 1126 his
602 1089 641 1126 in
673 1087 788 1126 libris
823 1088 1080 1126 cohibendae
1104 1087 1321 1125 admodum
1343 1085 1551 1123 studiosus

90 1149 164 1183 est.
215 1146 277 1183 Os.
309 1144 346 1193 l,
385 1143 450 1185 13.
490 1144 557 1185 35.
601 1149 643 1182 et
679 1157 781 1195 qnae
820 1144 901 1182 dixi
941 1145 972 1194 ᾖ.
1022 1142 1079 1184 19.
1149 1144 1287 1193 ltaque
1328 1141 1430 1179 nihil
1473 1143 1550 1179 iam

88 1213 163 1238 nos
188 1201 412 1239 morabitur
438 1201 688 1252 quorundam
723 1202 899 1238 uirorum
935 1201 1170 1249 doctorum,
1203 1199 1400 1247 Manutii,
1432 1198 1552 1248 wyt-

88 1258 311 1307 tenbacbii‚
334 1258 545 1295 Schuetzii
568 1258 746 1308 suspicio
769 1256 820 1294 de
844 1259 908 1296 his
934 1258 1069 1294 uerbis
1104 1262 1148 1294 ut
1179 1257 1330 1307 spuriis
1361 1255 1550 1303 excitata,

89 1326 166 1351 nec
196 1313 277 1352 ulla
306 1315 423 1351 nobis
457 1314 695 1365 probabitur
724 1315 975 1362 coniectura,
1006 1311 1129 1350 ueluti
1171 1325 1272 1363 quae
1311 1313 1350 1350 in
1384 1312 1476 1348 Asc.
1514 1309 1552 1349 1.

90 1375 132 1408 et
164 1370 201 1410 2.
234 1374 390 1408 tentata
421 1371 625 1421 W‘agnero
664 1369 818 1421 placuit
863 1375 905 1408 et
936 1370 1081 1408 Rathio
1121 1373 1244 1417 (cum
1278 1368 1339 1406 de
1370 1372 1553 1405 natura

90 1427 226 1464 omni
268 1425 878 1478 quaeritur„‹lisputari
918 1425 1098 1465 solent
1137 1426 1372 1464 nimirum
1421 1424 1552 1460 ista:

89 1484 371 1534 perpetuis
414 1484 654 1520 cursibus
695 1488 796 1530 cet.)
831 1488 898 1521 aut
927 1483 1085 1521 'Moseri
1115 1483 1186 1530 (et
1225 1481 1461 1518 nimirum
1504 1479 1551 1516 ni

91 1538 162 1575 ita
201 1544 342 1589 sunt,
386 1538 540 1589 [certe]
581 1540 653 1576 ita
702 1538 1041 1591 disputantur
1093 1537 1160 1576 uel
1214 1541 1265 1575 et
1311 1537 1552 1575 nimirum

89 1593 162 1632 ita
192 1596 292 1632 ista
325 1595 696 1646 disputantur).

201 1662 779 1713 conuersionibusque]
833 1662 1091 1712 Asyndeton,
1124 1661 1231 1712 quod
1256 1662 1293 1698 in
1320 1659 1409 1699 cod.
1441 1659 1552 1697 arch.

87 1717 182 1768 suit>
207 1718 307 1756 serri
332 1732 411 1756 non
435 1724 590 1771 potest,
615 1720 705 1770 quia
729 1718 1059 1757 caelestibus
1085 1719 1134 1755 ad
1158 1725 1373 1768 utrumque
1403 1728 1552 1753 nomen

89 1778 289 1822 (cursus
330 1780 372 1813 et
412 1777 814 1823 conuersiones)
863 1777 1062 1826 pertinet.
1138 1775 1289 1812 Merito
1330 1775 1454 1823 igitur
1502 1772 1554 1809 de

87 1831 270 1869 Ernestii
292 1833 530 1870 coniectura
546 1832 640 1870 Seli.
660 1833 763 1870 Mos.
781 1832 849 1872 Or.
869 1831 1016 1868 Bakius
1036 1835 1288 1882 receperunt
1311 1844 1367 1880 qu
1382 1842 1419 1877 e,
1441 1830 1553 1867 cuius

88 1892 184 1924 nota
224 1891 316 1924 aute
349 1888 379 1924 C
412 1887 534 1925 facile
566 1887 754 1925 excidere
786 1889 921 1939 potuit
953 1892 994 1925 et
1024 1886 1161 1924 multis
1194 1889 1313 1923 etiam
1342 1885 1429 1923 aliis
1451 1884 1553 1922 locis

87 1943 258 1980 interiit.
317 1942 381 1980 Cs.
416 1944 446 1993 1,
492 1943 556 1983 13.
600 1942 666 1983 35.
710 1956 1147 1994 communemque.
1190 1944 1220 1992 Ι,
1263 1941 1325 1982 13.
1368 1941 1437 1982 37.
1480 1954 1555 1978 sa-

43 2026 55 2035 .
90 1998 325 2050 nandosq
341 2013 361 2036 u
376 2012 409 2038 e.
470 2000 743 2050 (hierenzius,
777 2001 842 2050 qui
875 2012 1062 2037 cursus
1096 1999 1143 2037 ad
1181 1998 1394 2050 planetas,
1439 2010 1555 2035 con-

90 2057 370 2092 uersiones
405 2055 453 2092 ad
488 2055 732 2106 reliquarum
767 2055 977 2094 stellarum
1009 2069 1097 2093 cum
1131 2058 1220 2106 ipso
1254 2053 1368 2092 coelo
1400 2060 1554 2091 motum

87 2116 277 2162 spectare
320 2111 448 2161 dixit,
483 2119 594 2150 reete
637 2114 890 2164 uituperatus
930 2117 994 2150 est
1025 2126 1045 2149 a
1078 2112 1225 2160 Baldo,
1256 2124 1375 2161 quem
1416 2116 1553 2147 tamen

87 2174 128 2206 et
170 2169 303 2220 ipsum
355 2169 462 2219 fugit
522 2171 730 2217 (nimirum
774 2170 815 2206 in
858 2167 1137 2206 cumulatione
1176 2170 1256 2205 ista
1292 2167 1387 2217 poni
1431 2165 1554 2207 dixit)

47 2237 270 2265 ‚cursus
308 2237 399 2263 esse
442 2239 762 2277 progressus
803 2224 1013 2263 stellarum
1069 2225 1160 2273 (die
1203 2221 1556 2260 fortschreitende

86 2280 368 2334 Bewegung),
416 2285 800 2320 conuersiones
850 2286 983 2320 autem
1026 2286 1160 2319 motus
1199 2279 1409 2318 stellarum
1451 2281 1555 2317 circa

88 2350 219 2376 axem.
278 2339 367 2375 Non
408 2342 496 2376 erat
531 2340 672 2390 igitur,
704 2337 811 2389 quod
843 2339 1008 2377 Mosero
1042 2336 1279 2376 uocabulum
1312 2337 1554 2374 cursibus

85 2398 317 2447 suspectum
351 2399 479 2433 esset.

202 2464 493 2500 exstitisse
533 2462 924 2513 maturitatem]
993 2463 1119 2501 Stoici
1170 2461 1317 2511 deum,
1370 2472 1487 2510 quem
1535 2472 1556 2495 a

88 2518 242 2556 mundo
292 2532 371 2557 non
413 2520 683 2569 seiungebant
725 2518 800 2572 (ci'.
841 2520 959 2569 Diog.
1001 2521 1138 2558 Laert.
1185 2519 1278 2567 Vll,
1325 2514 1417 2555 148.
1467 2515 1556 2553 Cic.

88 2574 185 2612 Mt.
211 2574 335 2614 Deor.
369 2590 402 2614 c.
441 2574 501 2615 14.
531 2574 638 2630 112),
668 2578 881 2627 perpetuis
913 2579 1088 2615 motibus
1121 2580 1163 2614 et
1197 2574 1386 2614 homines
1419 2576 1461 2609 et
1491 2585 1557 2608 res

90 2644 236 2669 omnes
271 2645 319 2670 ex
353 2646 398 2671 se
428 2644 672 2684 procreasse
711 2634 925 2684 putabant,
965 2634 1095 2672 ueluti
1139 2647 1186 2671 ex
1230 2631 1405 2678 semine,
1449 2627 1556 2666 uude

87 2700 179 2750 ipse
213 2698 320 2740 ,deus
361 2684 710 2750 σπερματῖκός
747 2685 904 2748 λόγος
950 2703 1186 2740 uocabatur,
1258 2699 1373 2747 υἷος.
1418 2696 1555 2733 [δί’-Ν.

89 2764 323 2816 νῙῙκΊ36·
370 2759 559 2804 rofirov
615 2754 733 2810 (Τὸν
781 2754 936 2812 θεὸν)
993 2751 1345 2817 σπερματικὸν
1393 2748 1557 2809 λόγον
