1791 3192
228 189 376 222 XXVIII
824 190 1104 224 PRAEFATIO.

238 295 277 329 in
313 292 550 342 quaestione
591 290 641 327 de
683 295 867 342 tempore
906 294 1047 345 scripti
1091 296 1291 331 sermonis
1334 296 1608 347 profliganda,
1652 299 1697 335 ud

235 373 352 410 quam
382 361 460 397 iam
494 356 745 397 accedimus.

344 428 434 476 Quo
463 438 569 463 anno
602 426 644 463 hi
677 425 772 464 libri
804 428 946 477 scripti
979 434 1135 478 essent,
1170 442 1248 466 nou
1283 427 1455 467 dissscile
1485 435 1596 467 esset
1626 430 1699 467 de-

230 495 373 543 finire,
421 494 456 531 si
509 491 655 531 eodem
698 499 890 546 tempore
928 507 1101 533 necesse
1141 499 1254 533 esset
1295 500 1336 533 et
1375 496 1573 546 scriptum
1607 508 1701 534 esse

230 572 461 600 sermonem
495 564 537 598 et
566 560 768 600 habitum.
827 562 979 613 Scripti
1011 565 1121 602 enim
1153 566 1294 599 essent
1316 562 1427 601 haud
1449 563 1572 600 dubie
1595 575 1699 600 anno

231 628 325 668 702.
361 626 428 666 uel
458 629 627 666 ineunte
659 627 740 669 703
758 626 823 682 ἑὸ),
856 643 934 680 quo
958 644 1061 668 anno
1081 631 1160 668 iam
1185 631 1418 681 Turnebus,
1452 630 1698 682 WagneruS‚

236 697 428 746 Rathius,
461 696 735 748 Goerenzius,
766 698 973 746 Moserus,
995 696 1163 748 Bakius,
1188 700 1422 751 Zumptius,
1442 699 1702 737 Hormannus

241 765 420 815 scriptos
448 775 541 801 esse
576 762 641 802 uel
672 765 954 815 significarunt
985 764 1054 802 uel
1085 771 1378 816 exposuerunt.

349 842 404 880 Et
443 843 587 881 haberi
626 844 789 894 quidem
833 856 1057 882 sermorem
1097 857 1177 881 non
1218 846 1403 895 potuisse
1433 849 1526 882 ante
1555 858 1700 883 annum

237 909 335 949 702.
373 908 608 947 luculenter
653 908 867 948 declarant
907 922 979 961 ea,
1025 924 1127 961 quae
1169 909 1222 947 de
1253 909 1400 947 Clodio
1443 909 1705 948 disseruntur

235 973 295 1027 II,
327 974 395 1016 42.
434 990 479 1014 ac
511 975 708 1028 deinceps
740 975 818 1027 44,
855 978 890 1015 si
929 977 1093 1028 quidem
1136 978 1214 1015 ista
1257 977 1448 1015 dicuntur
1479 976 1531 1014 de
1561 975 1706 1014 Clodio

238 1045 479 1093 interemto,
500 1043 701 1082 Clodium
729 1049 866 1082 autem
899 1058 921 1082 a
951 1043 1109 1083 Milone
1142 1045 1404 1083 intersectum
1431 1057 1523 1082 esse
1547 1049 1707 1082 constat

240 1126 277 1150 a.
299 1109 397 1151 702.
426 1111 493 1148 die
512 1110 618 1150 XVI.
656 1116 750 1150 ante
781 1110 870 1150 Kal.
899 1111 1024 1149 Febr.
1090 1112 1176 1149 Nec
1205 1124 1302 1149 uero
1322 1114 1417 1163 post
1436 1123 1582 1148 annum
1609 1110 1706 1150 706.

243 1190 335 1215 eum
367 1178 552 1228 potuisse
585 1179 729 1217 haberi
760 1179 857 1217 hinc
879 1182 1064 1231 apparet,
1097 1178 1205 1228 quod
1228 1174 1287 1228 Il,
1311 1178 1380 1218 32.
1415 1183 1457 1217 ut
1487 1179 1566 1216 uiui
1594 1190 1708 1215 men·
1755 1229 1766 1234 Σ

238 1246 297 1282 tio
336 1245 520 1282 iniicitur
557 1247 677 1298 Appii
716 1245 901 1296 Claudii,
957 1247 1069 1283 cuius
1112 1252 1157 1283 ut
1194 1247 1343 1283 mortui
1376 1245 1563 1283 meminit
1592 1245 1708 1283 Brut.

240 1311 410 1363 77‚‘267.
449 1315 491 1350 et
528 1325 649 1363 quem
687 1318 780 1350 ante
825 1325 1000 1363 pugnam
1043 1311 1313 1363 pharsalicam
1357 1326 1392 1351 a.
1435 1311 1533 1352 706.
1577 1316 1709 1349 morte.

242 1381 469 1418 absumtum
504 1393 598 1419 esse
630 1381 750 1418 testis
782 1384 845 1417 est
876 1378 970 1419 Ual.
1003 1381 1111 1418 Max.
1144 1377 1179 1429 l,
1212 1382 1255 1419 ὃ.
1291 1380 1354 1422 10.
1416 1381 1504 1418 Non
1538 1385 1709 1431 possunt

244 1448 379 1497 enim,
422 1447 463 1485 id
503 1446 612 1497 quod
643 1446 818 1484 Peterus
858 1447 1094 1497 contendit,
1138 1448 1287 1496 uerba,
1328 1460 1429 1497 quae
1461 1448 1515 1485 ibi
1549 1448 1707 1498 posuit:

240 1513 333 1552 sed
366 1519 443 1552 est
474 1515 522 1551 in
554 1512 794 1564 collegio
827 1519 1004 1551 uestro
1037 1537 1090 1542 -—
1131 1527 1312 1564 magna
1342 1514 1612 1553 dissensio
1644 1514 1709 1551 in-

246 1581 380 1633 telligi
413 1582 465 1619 de
496 1580 629 1631 libris,
662 1595 711 1619 ex
743 1581 886 1631 quibus
917 1583 1036 1619 istam
1067 1581 1368 1620 dissensionem
1392 1582 1634 1633 cognouisse
1665 1593 1711 1618 se

247 1650 372 1700 dicat,
402 1652 435 1688 si
469 1649 633 1700 quidem
665 1662 837 1699 augures
869 1649 1036 1698 mortui,
1065 1649 1224 1686 etiamsi
1252 1647 1347 1686 libri
1381 1660 1520 1687 eorum
1545 1662 1710 1700 perma-

248 1722 391 1769 neant,
416 1718 613 1756 desinunt
645 1728 739 1754 esse
769 1717 809 1753 in
844 1714 1032 1766 collegio.
1094 1714 1286 1766 idemque
1306 1717 1555 1767 perspicitur
1575 1715 1710 1764 exiis,

247 1799 350 1836 quae
369 1782 448 1837 III,
468 1785 537 1825 22.
555 1783 608 1822 de
630 1784 828 1834 Pompeio
845 1782 945 1820 dicit
969 1784 1191 1821 etiamtunc
1218 1784 1312 1821 uiuo
1345 1788 1387 1821 et
1407 1796 1493 1820 rem
1506 1780 1708 1834 publicam

243 1858 432 1903 tenente,
463 1852 565 1891 licet
595 1852 674 1889 hoc
707 1864 866 1901 quoque
897 1850 1071 1888 Peterus
1101 1856 1241 1901 neget,
1274 1853 1364 1901 quia
1392 1849 1498 1889 nihil
1518 1851 1596 1888 nisi
1619 1849 1710 1887 lau-

243 1922 335 1959 dem
368 1920 556 1972 Pompeii
584 1920 664 1956 ista
692 1920 941 1956 contineant.
1002 1918 1057 1956 Et
1087 1917 1229 1955 laudat
1257 1930 1371 1968 sane,
1401 1916 1475 1955 sed
1502 1916 1613 1954 laudi
1644 1928 1710 1953 re—

241 1989 561 2040 prehensionem
595 1979 795 2037 {plaudam
822 1986 1062 2023 immiscens
1094 1990 1250 2023 tantam
1293 1984 1476 2023 declarat
1505 1996 1709 2022 uerecun-

244 2056 368 2106 diam,
402 2059 591 2106 quantam
624 2052 813 2104 profecto
846 2065 927 2089 non
959 2051 1279 2101 declarauisset‚
1320 2053 1353 2089 si
1385 2052 1583 2102 Pompeio
1614 2056 1711 2088 tunc

244 2124 468 2162 interfecto
502 2124 570 2159 aut
593 2120 746 2157 Caesar
775 2120 1047 2169 principatum
1081 2123 1245 2155 teneret
1290 2122 1358 2156 aut
1387 2120 1589 2156 triumuiri
1620 2131 1710 2156 mo-

244 2190 487 2228 derarentur
508 2200 592 2225 rem
618 2185 922 2238 p11blican1÷÷÷÷).
988 2185 1046 2222 Ex
1068 2186 1130 2223 his
1157 2187 1292 2236 igitur,
1323 2199 1424 2236 quae
1449 2185 1582 2223 adhuc
1609 2185 1711 2234 dixi,

246 2269 479 2294 sermonem
510 2257 618 2292 intra
650 2266 798 2290 annum
832 2251 924 2292 702.
959 2258 1001 2290 et
1032 2253 1129 2293 706.
1162 2252 1348 2291 habitum
1391 2266 1484 2291 esse
1515 2254 1710 2303 sequitur,

246 2325 328 2362 lam
362 2336 458 2361 uero
502 2336 534 2360 a.
569 2320 664 2360 703.
724 2320 834 2358 Maio
876 2332 1018 2358 mense
1061 2320 1204 2358 Cicero
1246 2322 1285 2359 in
1326 2322 1578 2372 prouinciam
1616 2333 1713 2372 pro-

246 2392 382 2429 fectus
434 2395 520 2440 est,
560 2387 668 2426 unde
710 2391 884 2426 exeunte
926 2386 1089 2425 demum
1131 2401 1235 2426 anno
1270 2386 1365 2428 704.
1411 2402 1502 2427 eum
1535 2387 1714 2427 rediisse

250 2463 425 2500 constat.
459 2458 505 2495 cf
531 2456 580 2495 ad
610 2457 694 2494 Att.
728 2456 774 2495 V.
809 2455 893 2495 Vll.
955 2456 1094 2506 Itaque
1126 2470 1201 2495 nec
1233 2471 1268 2494 a.
1303 2456 1395 2497 703.
1427 2456 1526 2495 inde
1559 2469 1580 2493 a
1602 2455 1711 2493 Maio

254 2539 396 2563 mense
442 2539 519 2563 uec
562 2539 598 2563 a.
640 2522 735 2565 70-1.
775 2525 909 2576 potuit
949 2525 1113 2574 haberi,
1167 2526 1258 2575 quia
1300 2530 1343 2562 et
1387 2525 1513 2561 otium
1555 2521 1713 2572 deerat,

346 2672 371 2708 ⁸)
421 2682 552 2713 sequor
579 2680 699 2704 acram
725 2669 984 2702 Uarroninnam
1011 2680 1079 2701 uno
1107 2679 1198 2702 anno
1224 2668 1423 2703 Catoniana
1449 2667 1669 2701 inferiorem.

345 2738 392 2780 ”)
419 2738 502 2770 hinc
527 2742 627 2781 patct
654 2750 708 2779 ca,
735 2747 823 2781 quac
853 2738 880 2770 1,
910 2737 941 2770 S.
973 2738 1015 2769 dc
1041 2738 1214 2781 Pompeio
1252 2738 1437 2775 dicuntur,
1469 2736 1552 2770 item
1580 2735 1648 2769 dici
1675 2737 1715 2768 (lc

253 2795 426 2839 Pompeio
449 2795 543 2828 uiuo.
