1781 3192
259 179 349 218 248
830 175 900 214 DE
930 175 1161 216 LEGIBUS

259 289 539 331 minuendum.
605 288 752 326 Natum
786 293 850 326 cst
891 288 1083 327 mendum
1125 303 1197 340 eo,
1241 289 1348 341 quod
1386 287 1541 330 librarii
1583 291 1723 331 oculus

261 363 280 386 a
315 347 458 386 uocula
498 346 723 395 quinque
766 346 904 396 priore
945 345 1037 383 loco
1075 348 1208 397 posita
1247 348 1452 385 aberrauit
1490 347 1538 385 ad
1580 355 1722 401 poste-

260 407 428 443 riorem.
499 402 639 452 ltaque
683 403 845 452 probari
895 414 975 440 non
1017 407 1158 453 potest
1198 404 1417 441 uerborum
1456 407 1722 455 transpositio

264 475 285 498 a
318 459 426 497 Man.
459 457 562 496 ΕΠ).
591 457 794 507 Wagnero
824 459 992 509 probata
1022 460 1253 510 quinque
1275 459 1721 500 diebushomines

261 516 509 567 quinque.
574 514 700 552 Goer.
733 519 775 551 et
807 515 1026 554 Schuetz:
1062 516 1205 566 quini
1239 518 1463 567 quinque
1493 516 1695 555 diebus.

373 579 624 633 amplius]
687 582 749 619 Ex
784 582 934 620 mendo
966 583 1058 622 cod.
1092 584 1200 624 arch.
1233 585 1381 636 prius
1404 584 1511 636 quod
1535 585 1722 623 Dauisius

260 640 398 680 effecit
442 639 747 690 probaruutque
793 639 916 679 Goer.
956 640 1049 680 Seli.
1095 641 1203 680 Mos.
1248 641 1392 679 Bakius
1444 639 1722 695 (amplius)
1766 650 1771 693 3

260 698 388 748 magis
433 696 585 747 probo,
638 708 754 746 quam
797 695 902 746 quod
940 696 1049 735 Uict.
1091 697 1204 736 Man.
1245 699 1385 738 Lamb.
1427 698 1529 736 Ern.
1579 698 1721 748 Wagn.
1770 699 1774 706 '

260 757 517 805 scrIpserunt
556 750 696 803 plus,
748 764 829 789 non
872 757 952 790 tam
995 753 1085 803 quia
1139 755 1277 792 statim
1322 753 1561 793 uocabulum
1609 753 1722 793 idem

261 810 445 861 sequitur
487 810 561 855 (ne
602 807 718 860 plns
758 812 1016 859 quatuor),
1055 808 1128 848 sed
1170 813 1262 860 quia
1295 810 1343 849 ad
1373 811 1623 849 sententiam
1655 824 1723 849 ac-

263 865 560 906 commodatior
602 869 666 903 est
708 866 957 916 ambitus,
998 879 1113 916 quam
1158 869 1339 918 copiae
1387 868 1632 918 significatio
1681 871 1725 906 et

260 934 366 987 apud
400 934 531 985 ipsum
559 930 772 969 Platonem
805 933 977 984 primum
996 922 1191 981 μδῖὃίΰ,
1227 934 1380 972 deinde
1403 923 1567 969 πλείω
1601 935 1722 986 poni-

261 994 342 1030 tur.
411 989 605 1027 Krausius
644 988 685 1026 in
726 1001 866 1040 progr.
905 1003 947 1041 p.
989 989 1049 1030 10.
1094 991 1269 1029 coniecit
1309 992 1497 1042 maius,
1544 990 1723 1030 Orellius

260 1044 555 1099 procerius,
627 1045 687 1082 De
738 1046 1015 1085 excitandi
1057 1048 1182 1086 uerbo
1223 1050 1391 1100 proprie
1431 1051 1626 1100 usurpato
1668 1047 1721 1087 cf.

259 1102 379 1142 Halm
412 1116 486 1154 pro
519 1103 627 1141 Sest.
661 1114 700 1153 p.
733 1100 801 1141 88.
1619 1117 1622 1121 ’

374 1169 520 1219 item]
582 1170 698 1207 IIanc
721 1166 912 1220 Wagneri
942 1171 1219 1210 coniecturam
1250 1183 1419 1223 prorsus
1449 1171 1725 1209 necessariam

263 1233 305 1266 et
345 1242 365 1265 a
407 1227 533 1265 Goer.
568 1226 661 1264 Sch.
695 1225 800 1264 Mos.
831 1227 900 1264 Or.
934 1229 1145 1276 probatam
1177 1228 1415 1279 repudiauit
1445 1227 1595 1266 Bakius
1626 1228 1725 1266 ite-

262 1296 366 1323 rum
403 1284 547 1320 mirum
581 1281 621 1320 in
653 1281 817 1319 modum
849 1295 1004 1333 porro
1037 1296 1129 1321 esse
1160 1283 1317 1323 dicens.

377 1350 435 1388 ad
479 1349 645 1400 unam]
715 1350 846 1386 Huius
888 1351 1155 1387 correctionis
1202 1362 1301 1388 sane
1347 1347 1602 1399 facillimae,
1649 1363 1726 1400 qua

263 1421 364 1459 opus
397 1418 488 1444 esse
520 1407 726 1456 putabam,
759 1409 803 1441 ut
830 1409 1001 1453 uterque
1032 1406 1233 1442 terminus
1266 1405 1469 1443 numerali
1502 1406 1725 1444 denotare-

262 1470 355 1514 tur,
395 1475 503 1500 nunc
542 1474 607 1498 me
646 1461 860 1512 poenitet,
908 1461 1000 1510 quia
1045 1473 1097 1497 ne
1141 1461 1259 1498 Plato
1310 1461 1475 1511 quidem
1516 1459 1727 1499 numerale

262 1521 402 1572 posuit
432 1532 470 1570 p.
503 1516 601 1558 959.
662 1515 840 1555 Orellius
873 1517 1050 1554 coniecit
1078 1519 1268 1554 minam
1300 1530 1458 1556 unam.

377 1589 640 1637 Deinceps
674 1583 805 1622 dicit
836 1606 887 1611 —-
923 1584 1227 1635 impiorum]
1288 1587 1319 1623 A
1345 1584 1485 1623 'l‘ullio
1517 1584 1618 1622 haec
1639 1583 1727 1636 pri-

261 1658 351 1684 mus
384 1643 634 1682 abiudicauit
664 1641 913 1690 Wagnerus,
960 1639 1114 1679 deinde
1156 1641 1281 1679 Gzius
1324 1646 1365 1678 et
1402 1641 1617 1690 Moserus,
1659 1640 1727 1690 qui

263 1701 395 1741 obelis
448 1703 673 1747 notarunt,
723 1698 906 1747 itemque
946 1696 1219 1746 SchuetziuS,
1268 1699 1334 1748 qui
1377 1696 1560 1746 deleuit,
1604 1701 1726 1747 atque

263 1758 429 1807 Bakius,
470 1757 536 1807 qui
571 1755 682 1793 istud
722 1751 1042 1791 immortalitatis
1083 1760 1367 1804 argumentum
1409 1755 1450 1791 in
1488 1754 1570 1791 fine
1605 1753 1726 1791 huius

262 1814 357 1852 libri
400 1814 640 1851 Ciceronem
692 1811 876 1848 ornatius
927 1822 1021 1847 esse
1068 1814 1330 1861 persecutum
1381 1809 1514 1847 credit
1560 1811 1728 1860 eiusque

264 1870 574 1922 disputationis,
606 1879 709 1918 quae
740 1865 929 1919 perierit,
962 1867 1127 1904 nonnisi
1158 1866 1237 1903 hoc
1259 1880 1306 1903 ex·
1330 1867 1512 1918 margine
1533 1865 1726 1903 indicium

264 1938 504 1978 superesse.
584 1924 667 1962 Sed
715 1922 1056 1973 quemadmodum
1118 1922 1221 1960 haec
1272 1922 1384 1960 Bakii
1432 1924 1568 1974 opinio
1626 1921 1728 1960 nihil

264 1984 414 2030 habet,
458 1995 534 2032 quo
577 1979 913 2018 commendetur:
953 1980 1008 2016 ita
1047 1991 1099 2016 ne
1138 1978 1384 2029 reliquorum
1426 1978 1591 2028 quidem
1632 1991 1728 2016 sen-

266 2040 395 2078 tentia
434 2040 533 2076 satis
570 2036 794 2088 probabilis
834 2040 920 2085 est,
972 2036 1065 2085 quia
1106 2037 1273 2073 inficete
1316 2037 1437 2073 uerba
1477 2036 1727 2073 habemus

263 2097 434 2147 igitur
474 2096 667 2132 continuo
701 2094 942 2143 exciperent
972 2090 1041 2128 illa
1073 2091 1277 2128 habetis
1310 2094 1502 2141 igitur,
1544 2096 1729 2129 statuere

263 2156 414 2200 autem,
445 2149 489 2187 id
521 2149 629 2199 quod
663 2149 791 2186 Goer.
826 2153 867 2184 et
898 2148 1007 2186 Mos.
1041 2147 1211 2195 faciunt,
1254 2147 1457 2184 excidisse
1490 2146 1568 2184 alia
1600 2159 1726 2196 quae-

265 2207 358 2246 dam
390 2206 640 2244 temeritatis
675 2209 752 2242 est.
817 2201 943 2240 Tullii
977 2204 1102 2253 igitur
1132 2204 1210 2240 ista
1250 2208 1348 2253 puto
1387 2202 1575 2240 habenda
1617 2215 1726 2253 esse,

266 2264 345 2302 etsi
375 2274 517 2314 parum
552 2265 645 2312 apta
675 2273 768 2298 esse
799 2259 981 2297 concedo
1014 2259 1065 2297 ad
1087 2259 1129 2296 id
1151 2264 1455 2308 argumentum,
1489 2259 1596 2309 quod
1618 2272 1725 2298 nunc

265 2320 546 2372 persequitur,
585 2322 761 2354 sumtum
796 2316 987 2353 funerum
1020 2329 1064 2353 ac
1098 2315 1395 2366 sepulcrorum.
1458 2315 1541 2354 Sed
1565 2320 1727 2354 constat

265 2383 402 2415 tamen
441 2376 683 2413 Ciceronem
735 2372 908 2410 aliorum
948 2374 1178 2409 sententias
1223 2377 1482 2410 enarrantem
1519 2372 1726 2410 interdum

263 2435 514 2480 immiscere,
547 2443 650 2481 quae
682 2443 760 2466 non
795 2430 1021 2467 arctissimo
1055 2428 1215 2467 uinculo
1246 2442 1337 2466 cum
1370 2443 1416 2467 ea
1447 2441 1516 2478 re,
1551 2441 1654 2479 quae
1679 2431 1724 2473 in

264 2502 386 2528 manu
429 2490 504 2538 sit,
539 2488 841 2525 contineantur.
905 2485 970 2523 Cs.
1013 2486 1101 2524 Cic.
1145 2487 1216 2524 Or.
1265 2488 1340 2535 122¹,
1378 2485 1444 2526 57.
1507 2486 1561 2523 Et
1592 2485 1726 2536 aliquo

263 2550 420 2595 tamen,
451 2556 690 2595 quamquam
724 2542 877 2580 laxiore
910 2541 1096 2592 uinculo,
1134 2543 1237 2587 haec
1267 2555 1358 2580 cum
1402 2540 1485 2579 illis
1524 2543 1727 2580 contineri

265 2603 356 2653 quis
384 2597 537 2651 neget?
568 2599 790 2637 Uideamus
822 2598 996 2650 reliqua,
1027 2611 1132 2651 quae
1165 2600 1416 2649 uituperant.
1478 2599 1601 2649 „Non
1638 2598 1726 2636 dis-

266 2659 368 2696 serit
408 2659 487 2695 ista
526 2655 644 2694 Plato
696 2657 735 2693 in
775 2656 1001 2706 Legibus“.
1070 2656 1123 2694 At
1168 2657 1333 2706 attingit
1369 2660 1506 2693 tamen
1544 2668 1584 2706 p.
1627 2653 1726 2695 959.

263 2713 407 2766 „Quid
437 2712 591 2751 deinde
622 2710 777 2763 reliqua
808 2716 903 2764 post
935 2716 1110 2750 mortem
1142 2708 1480 2762 tranquillitas?“
1511 2711 1590 2749 Est
1611 2716 1726 2750 tran·-

264 2770 460 2823 quinitas,
487 2782 589 2821 quae
608 2774 704 2823 post
725 2777 898 2807 mortem
923 2769 1061 2807 sutura
1085 2773 1160 2807 est.
1192 2770 1253 2810 Cf.
1269 2769 1439 2821 Cic.pr0
1451 2767 1642 2821 Sest.34,
1658 2767 1724 2809 73.
