<?xml version="1.0" encoding="UTF-8"?>
<!DOCTYPE html PUBLIC "-//W3C//DTD XHTML 1.0 Transitional//EN"
    "http://www.w3.org/TR/xhtml1/DTD/xhtml1-transitional.dtd">
<html xmlns="http://www.w3.org/1999/xhtml" xml:lang="en" lang="en">
 <head>
  <title>
</title>
<meta http-equiv="Content-Type" content="text/html;charset=utf-8" />
  <meta name='ocr-system' content='tesseract 3.04.00' />
  <meta name='ocr-capabilities' content='ocr_page ocr_carea ocr_par ocr_line ocrx_word'/>
</head>
<body>
  <div class='ocr_page' id='page_1' title='image "./delegibuslibritr0102ciceuoft_0293.png"; bbox 0 0 1781 3192; ppageno 0'>
   <div class='ocr_carea' id='block_1_1' title="bbox 416 206 1512 247">
    <p class='ocr_par' dir='ltr' id='par_1_1' title="bbox 416 206 1512 247">
     <span class='ocr_line' id='line_1_1' title="bbox 416 206 1512 247; baseline -0.004 0"><span class='ocrx_word' id='word_1_1' title='bbox 416 208 575 247; x_wconf 78' lang='lat' dir='ltr'>LIBER</span> <span class='ocrx_word' id='word_1_2' title='bbox 610 207 830 246; x_wconf 80' lang='lat' dir='ltr'>PRIMUS.</span> <span class='ocrx_word' id='word_1_3' title='bbox 883 207 982 247; x_wconf 79' lang='lat' dir='ltr'><strong>CAP.</strong></span> <span class='ocrx_word' id='word_1_4' title='bbox 1018 207 1144 246; x_wconf 74' lang='lat' dir='ltr'>xvii.</span> <span class='ocrx_word' id='word_1_5' title='bbox 1454 206 1512 243; x_wconf 88' lang='grc'>87</span> 
     </span>
    </p>
   </div>
   <div class='ocr_carea' id='block_1_2' title="bbox 49 319 1517 2738">
    <p class='ocr_par' dir='ltr' id='par_1_2' title="bbox 50 319 1517 1710">
     <span class='ocr_line' id='line_1_2' title="bbox 52 319 1516 373; baseline -0.003 -11"><span class='ocrx_word' id='word_1_6' title='bbox 52 329 180 371; x_wconf 83' lang='lat' dir='ltr'>turus,</span> <span class='ocrx_word' id='word_1_7' title='bbox 215 335 236 358; x_wconf 82' lang='lat' dir='ltr'>a</span> <span class='ocrx_word' id='word_1_8' title='bbox 267 322 371 359; x_wconf 93' lang='lat' dir='ltr'>bono</span> <span class='ocrx_word' id='word_1_9' title='bbox 403 321 677 373; x_wconf 70' lang='lat' dir='ltr'>proficiscitur</span> <span class='ocrx_word' id='word_1_10' title='bbox 705 319 914 369; x_wconf 80' lang='lat' dir='ltr'>laudabili,</span> <span class='ocrx_word' id='word_1_11' title='bbox 949 333 1026 370; x_wconf 87' lang='lat' dir='ltr'>quo</span> <span class='ocrx_word' id='word_1_12' title='bbox 1070 320 1235 358; x_wconf 86' lang='lat' dir='ltr'>nomine</span> <span class='ocrx_word' id='word_1_13' title='bbox 1266 319 1394 358; x_wconf 84' lang='lat' dir='ltr'>Stoici</span> <span class='ocrx_word' id='word_1_14' title='bbox 1437 320 1516 357; x_wconf 86' lang='lat' dir='ltr'>ho-</span> 
     </span>
     <span class='ocr_line' id='line_1_3' title="bbox 51 373 1515 430; baseline -0.003 -13"><span class='ocrx_word' id='word_1_15' title='bbox 51 384 255 418; x_wconf 81' lang='lat' dir='ltr'>nestatem</span> <span class='ocrx_word' id='word_1_16' title='bbox 300 377 562 429; x_wconf 80' lang='lat' dir='ltr'>appellabant</span> <span class='ocrx_word' id='word_1_17' title='bbox 603 374 682 430; x_wconf 89' lang='lat' dir='ltr'>(cs.</span> <span class='ocrx_word' id='word_1_18' title='bbox 724 376 776 415; x_wconf 85' lang='lat' dir='ltr'>(le</span> <span class='ocrx_word' id='word_1_19' title='bbox 813 377 904 415; x_wconf 81' lang='lat' dir='ltr'>Fin.</span> <span class='ocrx_word' id='word_1_20' title='bbox 950 373 1028 426; x_wconf 78' lang='grc' dir='ltr'>ΙΙΙ,</span> <span class='ocrx_word' id='word_1_21' title='bbox 1072 375 1114 415; x_wconf 79' lang='grc'>8.</span> <span class='ocrx_word' id='word_1_22' title='bbox 1157 376 1226 416; x_wconf 82' lang='grc'>27.</span> <span class='ocrx_word' id='word_1_23' title='bbox 1267 375 1394 427; x_wconf 84' lang='lat' dir='ltr'>quod</span> <span class='ocrx_word' id='word_1_24' title='bbox 1435 381 1515 414; x_wconf 82' lang='lat' dir='ltr'>est</span> 
     </span>
     <span class='ocr_line' id='line_1_4' title="bbox 53 431 1516 484; baseline -0.003 -11"><span class='ocrx_word' id='word_1_25' title='bbox 53 438 260 484; x_wconf 91' lang='lat' dir='ltr'>bonum,</span> <span class='ocrx_word' id='word_1_26' title='bbox 301 447 442 472; x_wconf 89' lang='lat' dir='ltr'>omne</span> <span class='ocrx_word' id='word_1_27' title='bbox 480 431 756 472; x_wconf 86' lang='lat' dir='ltr'>laudabile</span> <span class='ocrx_word' id='word_1_28' title='bbox 796 438 903 480; x_wconf 83' lang='lat' dir='ltr'>est3</span> <span class='ocrx_word' id='word_1_29' title='bbox 949 432 1082 484; x_wconf 86' lang='lat' dir='ltr'>quod</span> <span class='ocrx_word' id='word_1_30' title='bbox 1125 438 1294 471; x_wconf 88' lang='lat' dir='ltr'>autem</span> <span class='ocrx_word' id='word_1_31' title='bbox 1336 431 1516 470; x_wconf 83' lang='lat' dir='ltr'>lauda-</span> 
     </span>
     <span class='ocr_line' id='line_1_5' title="bbox 52 487 1517 540; baseline -0.002 -11"><span class='ocrx_word' id='word_1_32' title='bbox 52 491 161 530; x_wconf 84' lang='lat' dir='ltr'>bile</span> <span class='ocrx_word' id='word_1_33' title='bbox 194 497 304 540; x_wconf 88' lang='lat' dir='ltr'>est,</span> <span class='ocrx_word' id='word_1_34' title='bbox 337 503 486 528; x_wconf 90' lang='lat' dir='ltr'>omne</span> <span class='ocrx_word' id='word_1_35' title='bbox 517 495 600 528; x_wconf 88' lang='lat' dir='ltr'>est</span> <span class='ocrx_word' id='word_1_36' title='bbox 630 490 938 527; x_wconf 84' lang='lat' dir='ltr'>honestum:</span> <span class='ocrx_word' id='word_1_37' title='bbox 979 491 1157 527; x_wconf 89' lang='lat' dir='ltr'>bonum</span> <span class='ocrx_word' id='word_1_38' title='bbox 1192 490 1351 539; x_wconf 76' lang='lat' dir='ltr'>igitur</span> <span class='ocrx_word' id='word_1_39' title='bbox 1382 487 1517 540; x_wconf 82' lang='lat' dir='ltr'>quod</span> 
     </span>
     <span class='ocr_line' id='line_1_6' title="bbox 53 544 1516 598; baseline -0.003 -12"><span class='ocrx_word' id='word_1_40' title='bbox 53 553 164 598; x_wconf 89' lang='lat' dir='ltr'>est,</span> <span class='ocrx_word' id='word_1_41' title='bbox 196 548 478 585; x_wconf 89' lang='lat' dir='ltr'>honestum</span> <span class='ocrx_word' id='word_1_42' title='bbox 512 551 609 584; x_wconf 88' lang='lat' dir='ltr'>est.</span> <span class='ocrx_word' id='word_1_43' title='bbox 642 546 765 586; x_wconf 84' lang='lat' dir='ltr'>Tusc.</span> <span class='ocrx_word' id='word_1_44' title='bbox 798 546 848 595; x_wconf 82' lang='lat' dir='ltr'>V,</span> <span class='ocrx_word' id='word_1_45' title='bbox 886 545 947 585; x_wconf 78' lang='lat'>15.</span> <span class='ocrx_word' id='word_1_46' title='bbox 976 544 1084 597; x_wconf 79' lang='grc'>45..)</span> <span class='ocrx_word' id='word_1_47' title='bbox 1146 546 1244 583; x_wconf 86' lang='lat' dir='ltr'>Cum</span> <span class='ocrx_word' id='word_1_48' title='bbox 1284 551 1417 583; x_wconf 84' lang='lat' dir='ltr'>autem</span> <span class='ocrx_word' id='word_1_49' title='bbox 1453 547 1516 583; x_wconf 90' lang='lat' dir='ltr'>in-</span> 
     </span>
     <span class='ocr_line' id='line_1_7' title="bbox 53 601 1515 655; baseline -0.003 -12"><span class='ocrx_word' id='word_1_50' title='bbox 53 610 171 655; x_wconf 79' lang='lat' dir='ltr'>tegra</span> <span class='ocrx_word' id='word_1_51' title='bbox 204 602 433 654; x_wconf 73' lang='lat' dir='ltr'>syllogismi</span> <span class='ocrx_word' id='word_1_52' title='bbox 475 604 605 641; x_wconf 84' lang='lat' dir='ltr'>forma</span> <span class='ocrx_word' id='word_1_53' title='bbox 645 602 818 640; x_wconf 86' lang='lat' dir='ltr'>deberet</span> <span class='ocrx_word' id='word_1_54' title='bbox 857 603 960 640; x_wconf 83' lang='lat' dir='ltr'>haec</span> <span class='ocrx_word' id='word_1_55' title='bbox 1001 614 1114 640; x_wconf 87' lang='lat' dir='ltr'>esse:</span> <span class='ocrx_word' id='word_1_56' title='bbox 1156 601 1288 652; x_wconf 84' lang='lat' dir='ltr'>quod</span> <span class='ocrx_word' id='word_1_57' title='bbox 1333 601 1515 639; x_wconf 84' lang='lat' dir='ltr'>landa-</span> 
     </span>
     <span class='ocr_line' id='line_1_8' title="bbox 53 657 1514 709; baseline -0.002 -11"><span class='ocrx_word' id='word_1_58' title='bbox 53 660 156 698; x_wconf 82' lang='lat' dir='ltr'>bile</span> <span class='ocrx_word' id='word_1_59' title='bbox 187 661 376 697; x_wconf 88' lang='lat' dir='ltr'>bonum</span> <span class='ocrx_word' id='word_1_60' title='bbox 412 664 514 708; x_wconf 84' lang='lat' dir='ltr'>est,</span> <span class='ocrx_word' id='word_1_61' title='bbox 548 662 598 698; x_wconf 93' lang='lat' dir='ltr'>in</span> <span class='ocrx_word' id='word_1_62' title='bbox 631 672 681 696; x_wconf 90' lang='lat' dir='ltr'>se</span> <span class='ocrx_word' id='word_1_63' title='bbox 714 659 936 707; x_wconf 86' lang='lat' dir='ltr'>habeat,</span> <span class='ocrx_word' id='word_1_64' title='bbox 969 658 1099 709; x_wconf 87' lang='lat' dir='ltr'>quod</span> <span class='ocrx_word' id='word_1_65' title='bbox 1138 657 1393 696; x_wconf 88' lang='lat' dir='ltr'>laudetur</span> <span class='ocrx_word' id='word_1_66' title='bbox 1430 670 1514 695; x_wconf 91' lang='lat' dir='ltr'>ne-</span> 
     </span>
     <span class='ocr_line' id='line_1_9' title="bbox 53 714 1513 764; baseline -0.002 -10"><span class='ocrx_word' id='word_1_67' title='bbox 53 728 200 755; x_wconf 86' lang='lat' dir='ltr'>cesse</span> <span class='ocrx_word' id='word_1_68' title='bbox 233 721 342 763; x_wconf 83' lang='lat' dir='ltr'>est3</span> <span class='ocrx_word' id='word_1_69' title='bbox 377 721 430 753; x_wconf 89' lang='lat' dir='ltr'>et</span> <span class='ocrx_word' id='word_1_70' title='bbox 462 722 543 753; x_wconf 87' lang='lat' dir='ltr'>est</span> <span class='ocrx_word' id='word_1_71' title='bbox 573 716 823 753; x_wconf 85' lang='lat' dir='ltr'>honestas</span> <span class='ocrx_word' id='word_1_72' title='bbox 857 717 1031 753; x_wconf 91' lang='lat' dir='ltr'>bonum</span> <span class='ocrx_word' id='word_1_73' title='bbox 1063 714 1361 763; x_wconf 83' lang='lat' dir='ltr'>laudabile3</span> <span class='ocrx_word' id='word_1_74' title='bbox 1395 726 1513 764; x_wconf 78' lang='lat' dir='ltr'>ergo</span> 
     </span>
     <span class='ocr_line' id='line_1_10' title="bbox 53 769 1515 822; baseline -0.002 -12"><span class='ocrx_word' id='word_1_75' title='bbox 53 773 283 810; x_wconf 89' lang='lat' dir='ltr'>honesta</span> <span class='ocrx_word' id='word_1_76' title='bbox 315 785 511 822; x_wconf 86' lang='lat' dir='ltr'>quoque</span> <span class='ocrx_word' id='word_1_77' title='bbox 544 776 597 809; x_wconf 88' lang='lat' dir='ltr'>et</span> <span class='ocrx_word' id='word_1_78' title='bbox 627 773 804 822; x_wconf 82' lang='lat' dir='ltr'>turpia</span> <span class='ocrx_word' id='word_1_79' title='bbox 848 772 902 809; x_wconf 89' lang='lat' dir='ltr'>ad</span> <span class='ocrx_word' id='word_1_80' title='bbox 948 776 1181 809; x_wconf 84' lang='lat' dir='ltr'>naturam</span> <span class='ocrx_word' id='word_1_81' title='bbox 1221 769 1515 808; x_wconf 85' lang='lat' dir='ltr'>referenda</span> 
     </span>
     <span class='ocr_line' id='line_1_11' title="bbox 54 825 1514 878; baseline -0.003 -11"><span class='ocrx_word' id='word_1_82' title='bbox 54 832 202 878; x_wconf 88' lang='lat' dir='ltr'>sunt,</span> <span class='ocrx_word' id='word_1_83' title='bbox 245 833 312 865; x_wconf 88' lang='lat' dir='ltr'>aut</span> <span class='ocrx_word' id='word_1_84' title='bbox 353 830 604 867; x_wconf 81' lang='lat' dir='ltr'>assumtione</span> <span class='ocrx_word' id='word_1_85' title='bbox 644 831 796 866; x_wconf 85' lang='lat' dir='ltr'>omissa</span> <span class='ocrx_word' id='word_1_86' title='bbox 835 833 1117 878; x_wconf 77' lang='lat' dir='ltr'>argumentum</span> <span class='ocrx_word' id='word_1_87' title='bbox 1162 825 1350 865; x_wconf 89' lang='lat' dir='ltr'>concludi</span> <span class='ocrx_word' id='word_1_88' title='bbox 1391 840 1514 877; x_wconf 88' lang='lat' dir='ltr'>opor-</span> 
     </span>
     <span class='ocr_line' id='line_1_12' title="bbox 53 883 1514 935; baseline -0.001 -13"><span class='ocrx_word' id='word_1_89' title='bbox 53 890 164 923; x_wconf 85' lang='lat' dir='ltr'>teret</span> <span class='ocrx_word' id='word_1_90' title='bbox 201 897 250 922; x_wconf 82' lang='lat' dir='ltr'>ex</span> <span class='ocrx_word' id='word_1_91' title='bbox 292 886 380 935; x_wconf 87' lang='lat' dir='ltr'>ipsa</span> <span class='ocrx_word' id='word_1_92' title='bbox 430 887 632 922; x_wconf 78' lang='lat' dir='ltr'>sumtione</span> <span class='ocrx_word' id='word_1_93' title='bbox 673 884 826 934; x_wconf 82' lang='lat' dir='ltr'>(quod</span> <span class='ocrx_word' id='word_1_94' title='bbox 869 883 1143 922; x_wconf 86' lang='lat' dir='ltr'>laudabile</span> <span class='ocrx_word' id='word_1_95' title='bbox 1194 907 1248 911; x_wconf 89' lang='lat'><strong>—</strong></span> <span class='ocrx_word' id='word_1_96' title='bbox 1293 895 1514 921; x_wconf 87' lang='lat' dir='ltr'>necesse</span> 
     </span>
     <span class='ocr_line' id='line_1_13' title="bbox 54 938 1515 991; baseline -0.002 -12"><span class='ocrx_word' id='word_1_97' title='bbox 54 943 177 987; x_wconf 90' lang='lat' dir='ltr'>est):</span> <span class='ocrx_word' id='word_1_98' title='bbox 232 953 279 978; x_wconf 82' lang='lat' dir='ltr'>ea</span> <span class='ocrx_word' id='word_1_99' title='bbox 334 954 449 990; x_wconf 81' lang='lat' dir='ltr'>quam</span> <span class='ocrx_word' id='word_1_100' title='bbox 492 943 741 991; x_wconf 76' lang='lat' dir='ltr'>interposuit</span> <span class='ocrx_word' id='word_1_101' title='bbox 781 942 1036 979; x_wconf 80' lang='lat' dir='ltr'>confirmatio</span> <span class='ocrx_word' id='word_1_102' title='bbox 1076 941 1126 977; x_wconf 87' lang='lat' dir='ltr'>de</span> <span class='ocrx_word' id='word_1_103' title='bbox 1169 941 1255 991; x_wconf 84' lang='lat' dir='ltr'>ipso</span> <span class='ocrx_word' id='word_1_104' title='bbox 1308 941 1413 977; x_wconf 92' lang='lat' dir='ltr'>bono</span> <span class='ocrx_word' id='word_1_105' title='bbox 1463 938 1515 976; x_wconf 86' lang='lat' dir='ltr'>ad</span> 
     </span>
     <span class='ocr_line' id='line_1_14' title="bbox 52 994 1514 1047; baseline -0.002 -12"><span class='ocrx_word' id='word_1_106' title='bbox 52 1003 237 1035; x_wconf 87' lang='lat' dir='ltr'>naturam</span> <span class='ocrx_word' id='word_1_107' title='bbox 288 997 507 1035; x_wconf 78' lang='lat' dir='ltr'>referendo</span> <span class='ocrx_word' id='word_1_108' title='bbox 557 998 728 1046; x_wconf 82' lang='lat' dir='ltr'>effecit,</span> <span class='ocrx_word' id='word_1_109' title='bbox 785 1003 827 1035; x_wconf 89' lang='lat' dir='ltr'>ut</span> <span class='ocrx_word' id='word_1_110' title='bbox 877 1002 1157 1047; x_wconf 74' lang='lat' dir='ltr'>argumentum</span> <span class='ocrx_word' id='word_1_111' title='bbox 1208 1009 1287 1033; x_wconf 91' lang='lat' dir='ltr'>non</span> <span class='ocrx_word' id='word_1_112' title='bbox 1347 1009 1394 1033; x_wconf 82' lang='lat' dir='ltr'>ex</span> <span class='ocrx_word' id='word_1_113' title='bbox 1443 994 1514 1033; x_wconf 85' lang='lat' dir='ltr'>illa</span> 
     </span>
     <span class='ocr_line' id='line_1_15' title="bbox 53 1051 1512 1103; baseline -0.003 -11"><span class='ocrx_word' id='word_1_114' title='bbox 53 1055 289 1101; x_wconf 78' lang='lat' dir='ltr'>sumtione,</span> <span class='ocrx_word' id='word_1_115' title='bbox 342 1053 415 1090; x_wconf 84' lang='lat' dir='ltr'>sed</span> <span class='ocrx_word' id='word_1_116' title='bbox 466 1066 513 1091; x_wconf 84' lang='lat' dir='ltr'>ex</span> <span class='ocrx_word' id='word_1_117' title='bbox 558 1054 633 1091; x_wconf 85' lang='lat' dir='ltr'>hac</span> <span class='ocrx_word' id='word_1_118' title='bbox 672 1053 931 1103; x_wconf 78' lang='lat' dir='ltr'>generaliore</span> <span class='ocrx_word' id='word_1_119' title='bbox 972 1054 1178 1090; x_wconf 83' lang='lat' dir='ltr'>sententia</span> <span class='ocrx_word' id='word_1_120' title='bbox 1220 1051 1512 1090; x_wconf 77' lang='lat' dir='ltr'>concluderet:</span> 
     </span>
     <span class='ocr_line' id='line_1_16' title="bbox 52 1107 1513 1159; baseline -0.002 -12"><span class='ocrx_word' id='word_1_121' title='bbox 52 1112 235 1147; x_wconf 88' lang='lat' dir='ltr'>bonum</span> <span class='ocrx_word' id='word_1_122' title='bbox 270 1114 321 1145; x_wconf 88' lang='lat' dir='ltr'>et</span> <span class='ocrx_word' id='word_1_123' title='bbox 352 1107 534 1146; x_wconf 84' lang='lat' dir='ltr'>malum</span> <span class='ocrx_word' id='word_1_124' title='bbox 565 1114 745 1146; x_wconf 86' lang='lat' dir='ltr'>natura</span> <span class='ocrx_word' id='word_1_125' title='bbox 777 1114 871 1146; x_wconf 91' lang='lat' dir='ltr'>est.</span> <span class='ocrx_word' id='word_1_126' title='bbox 933 1111 1045 1157; x_wconf 80' lang='lat' dir='ltr'>Quae</span> <span class='ocrx_word' id='word_1_127' title='bbox 1072 1108 1234 1159; x_wconf 89' lang='lat' dir='ltr'>quidem</span> <span class='ocrx_word' id='word_1_128' title='bbox 1268 1121 1333 1145; x_wconf 86' lang='lat' dir='ltr'>res</span> <span class='ocrx_word' id='word_1_129' title='bbox 1366 1109 1513 1151; x_wconf 83' lang='lat' dir='ltr'>imme·-</span> 
     </span>
     <span class='ocr_line' id='line_1_17' title="bbox 52 1162 1513 1215; baseline -0.003 -11"><span class='ocrx_word' id='word_1_130' title='bbox 52 1168 130 1204; x_wconf 89' lang='lat' dir='ltr'>rito</span> <span class='ocrx_word' id='word_1_131' title='bbox 163 1163 419 1215; x_wconf 88' lang='lat' dir='ltr'>quibusdam,</span> <span class='ocrx_word' id='word_1_132' title='bbox 452 1170 496 1202; x_wconf 90' lang='lat' dir='ltr'>ut</span> <span class='ocrx_word' id='word_1_133' title='bbox 528 1166 748 1214; x_wconf 62' lang='lat' dir='ltr'>Wagznero,</span> <span class='ocrx_word' id='word_1_134' title='bbox 782 1165 1058 1215; x_wconf 74' lang='lat' dir='ltr'>suspicionem</span> <span class='ocrx_word' id='word_1_135' title='bbox 1091 1166 1219 1202; x_wconf 91' lang='lat' dir='ltr'>mouit</span> <span class='ocrx_word' id='word_1_136' title='bbox 1246 1162 1513 1201; x_wconf 77' lang='lat' dir='ltr'>laudabile</span> 
     </span>
     <span class='ocr_line' id='line_1_18' title="bbox 52 1219 1514 1270; baseline -0.003 -10"><span class='ocrx_word' id='word_1_137' title='bbox 52 1222 195 1261; x_wconf 87' lang='lat' dir='ltr'>deberi</span> <span class='ocrx_word' id='word_1_138' title='bbox 226 1221 486 1258; x_wconf 84' lang='lat' dir='ltr'>correctioni.</span> <span class='ocrx_word' id='word_1_139' title='bbox 557 1223 667 1270; x_wconf 75' lang='lat' dir='ltr'>Quos</span> <span class='ocrx_word' id='word_1_140' title='bbox 707 1226 821 1258; x_wconf 88' lang='lat' dir='ltr'>recte</span> <span class='ocrx_word' id='word_1_141' title='bbox 860 1221 1009 1258; x_wconf 83' lang='lat' dir='ltr'>Bakius</span> <span class='ocrx_word' id='word_1_142' title='bbox 1052 1233 1100 1258; x_wconf 87' lang='lat' dir='ltr'>eo</span> <span class='ocrx_word' id='word_1_143' title='bbox 1138 1220 1361 1269; x_wconf 87' lang='lat' dir='ltr'>refutauit,</span> <span class='ocrx_word' id='word_1_144' title='bbox 1404 1219 1514 1270; x_wconf 88' lang='lat' dir='ltr'>quod</span> 
     </span>
     <span class='ocr_line' id='line_1_19' title="bbox 54 1275 1513 1330; baseline -0.003 -13"><span class='ocrx_word' id='word_1_145' title='bbox 54 1281 140 1318; x_wconf 89' lang='lat' dir='ltr'>eius</span> <span class='ocrx_word' id='word_1_146' title='bbox 194 1279 322 1328; x_wconf 90' lang='lat' dir='ltr'>ipsius</span> <span class='ocrx_word' id='word_1_147' title='bbox 376 1276 560 1315; x_wconf 85' lang='lat' dir='ltr'>uocabuli</span> <span class='ocrx_word' id='word_1_148' title='bbox 613 1275 946 1330; x_wconf 85' lang='lat' dir='ltr'>(laudabile)</span> <span class='ocrx_word' id='word_1_149' title='bbox 1003 1279 1063 1315; x_wconf 88' lang='lat' dir='ltr'>uis</span> <span class='ocrx_word' id='word_1_150' title='bbox 1117 1282 1334 1327; x_wconf 74' lang='lat' dir='ltr'>urgeretur</span> <span class='ocrx_word' id='word_1_151' title='bbox 1376 1277 1513 1314; x_wconf 85' lang='lat' dir='ltr'>uerbis</span> 
     </span>
     <span class='ocr_line' id='line_1_20' title="bbox 50 1332 1513 1385; baseline -0.003 -11"><span class='ocrx_word' id='word_1_152' title='bbox 50 1336 246 1374; x_wconf 83' lang='lat' dir='ltr'>habeat</span> <span class='ocrx_word' id='word_1_153' title='bbox 277 1332 404 1383; x_wconf 88' lang='lat' dir='ltr'>quod</span> <span class='ocrx_word' id='word_1_154' title='bbox 436 1332 687 1372; x_wconf 86' lang='lat' dir='ltr'>laudetur</span> <span class='ocrx_word' id='word_1_155' title='bbox 717 1346 941 1371; x_wconf 89' lang='lat' dir='ltr'>necesse</span> <span class='ocrx_word' id='word_1_156' title='bbox 975 1339 1057 1371; x_wconf 89' lang='lat' dir='ltr'>est</span> <span class='ocrx_word' id='word_1_157' title='bbox 1099 1335 1304 1383; x_wconf 89' lang='lat' dir='ltr'>uerbaque</span> <span class='ocrx_word' id='word_1_158' title='bbox 1345 1334 1513 1385; x_wconf 89' lang='lat' dir='ltr'>ipsum</span> 
     </span>
     <span class='ocr_line' id='line_1_21' title="bbox 53 1386 1513 1443; baseline -0.003 -12"><span class='ocrx_word' id='word_1_159' title='bbox 53 1394 236 1431; x_wconf 90' lang='lat' dir='ltr'>bonum</span> <span class='ocrx_word' id='word_1_160' title='bbox 272 1389 379 1441; x_wconf 91' lang='lat' dir='ltr'>(Gut</span> <span class='ocrx_word' id='word_1_161' title='bbox 411 1402 458 1426; x_wconf 84' lang='lat' dir='ltr'>an</span> <span class='ocrx_word' id='word_1_162' title='bbox 493 1391 573 1428; x_wconf 88' lang='lat' dir='ltr'>und</span> <span class='ocrx_word' id='word_1_163' title='bbox 606 1390 675 1427; x_wconf 78' lang='lat' dir='ltr'>fiir</span> <span class='ocrx_word' id='word_1_164' title='bbox 706 1390 816 1438; x_wconf 83' lang='lat' dir='ltr'>sich,</span> <span class='ocrx_word' id='word_1_165' title='bbox 846 1389 931 1427; x_wconf 90' lang='lat' dir='ltr'>Gut</span> <span class='ocrx_word' id='word_1_166' title='bbox 961 1391 1015 1427; x_wconf 92' lang='lat' dir='ltr'>im</span> <span class='ocrx_word' id='word_1_167' title='bbox 1046 1386 1357 1443; x_wconf 78' lang='lat' dir='ltr'>Allgemeinen)</span> <span class='ocrx_word' id='word_1_168' title='bbox 1400 1389 1513 1427; x_wconf 91' lang='lat' dir='ltr'>indi-</span> 
     </span>
     <span class='ocr_line' id='line_1_22' title="bbox 53 1445 1512 1495; baseline -0.003 -8"><span class='ocrx_word' id='word_1_169' title='bbox 53 1452 209 1494; x_wconf 83' lang='lat' dir='ltr'>carent,</span> <span class='ocrx_word' id='word_1_170' title='bbox 249 1447 513 1495; x_wconf 83' lang='lat' dir='ltr'>compositam</span> <span class='ocrx_word' id='word_1_171' title='bbox 558 1447 688 1483; x_wconf 82' lang='lat' dir='ltr'>fuisse</span> <span class='ocrx_word' id='word_1_172' title='bbox 726 1448 936 1484; x_wconf 90' lang='lat' dir='ltr'>notionem</span> <span class='ocrx_word' id='word_1_173' title='bbox 979 1445 1115 1495; x_wconf 87' lang='lat' dir='ltr'>illam,</span> <span class='ocrx_word' id='word_1_174' title='bbox 1159 1459 1207 1483; x_wconf 80' lang='lat' dir='ltr'>ex</span> <span class='ocrx_word' id='word_1_175' title='bbox 1246 1459 1322 1495; x_wconf 83' lang='lat' dir='ltr'>qua</span> <span class='ocrx_word' id='word_1_176' title='bbox 1361 1447 1512 1483; x_wconf 90' lang='lat' dir='ltr'>bonum</span> 
     </span>
     <span class='ocr_line' id='line_1_23' title="bbox 54 1499 1511 1555; baseline -0.001 -14"><span class='ocrx_word' id='word_1_177' title='bbox 54 1509 195 1555; x_wconf 88' lang='lat' dir='ltr'>posset</span> <span class='ocrx_word' id='word_1_178' title='bbox 226 1503 450 1552; x_wconf 77' lang='lat' dir='ltr'>segregari.</span> <span class='ocrx_word' id='word_1_179' title='bbox 512 1499 672 1539; x_wconf 83' lang='lat' dir='ltr'>Inutilis</span> <span class='ocrx_word' id='word_1_180' title='bbox 706 1507 770 1538; x_wconf 88' lang='lat' dir='ltr'>est</span> <span class='ocrx_word' id='word_1_181' title='bbox 800 1503 982 1553; x_wconf 78' lang='lat' dir='ltr'>Zumptii</span> <span class='ocrx_word' id='word_1_182' title='bbox 1013 1504 1249 1540; x_wconf 86' lang='lat' dir='ltr'>coniectura</span> <span class='ocrx_word' id='word_1_183' title='bbox 1281 1515 1374 1552; x_wconf 90' lang='lat' dir='ltr'>quo</span> <span class='ocrx_word' id='word_1_184' title='bbox 1404 1500 1511 1539; x_wconf 86' lang='lat' dir='ltr'>lau-</span> 
     </span>
     <span class='ocr_line' id='line_1_24' title="bbox 54 1557 1513 1609; baseline -0.002 -11"><span class='ocrx_word' id='word_1_185' title='bbox 54 1560 222 1598; x_wconf 71' lang='lat' dir='ltr'>detur·</span> <span class='ocrx_word' id='word_1_186' title='bbox 286 1558 439 1595; x_wconf 81' lang='lat' dir='ltr'>Manut.</span> <span class='ocrx_word' id='word_1_187' title='bbox 476 1557 651 1608; x_wconf 87' lang='lat' dir='ltr'>denique</span> <span class='ocrx_word' id='word_1_188' title='bbox 684 1562 726 1594; x_wconf 90' lang='lat' dir='ltr'>et</span> <span class='ocrx_word' id='word_1_189' title='bbox 757 1557 909 1595; x_wconf 75' lang='lat' dir='ltr'>LbInus</span> <span class='ocrx_word' id='word_1_190' title='bbox 948 1559 998 1595; x_wconf 90' lang='lat' dir='ltr'>in</span> <span class='ocrx_word' id='word_1_191' title='bbox 1041 1559 1387 1609; x_wconf 87' lang='lat' dir='ltr'>opinionibus</span> <span class='ocrx_word' id='word_1_192' title='bbox 1420 1557 1513 1596; x_wconf 88' lang='lat' dir='ltr'>sed</span> 
     </span>
     <span class='ocr_line' id='line_1_25' title="bbox 53 1613 1512 1653; baseline -0.001 0"><span class='ocrx_word' id='word_1_193' title='bbox 53 1618 102 1653; x_wconf 90' lang='lat' dir='ltr'>in</span> <span class='ocrx_word' id='word_1_194' title='bbox 133 1619 319 1653; x_wconf 88' lang='lat' dir='ltr'>natura</span> <span class='ocrx_word' id='word_1_195' title='bbox 353 1620 395 1651; x_wconf 89' lang='lat' dir='ltr'>et</span> <span class='ocrx_word' id='word_1_196' title='bbox 427 1619 568 1652; x_wconf 85' lang='lat' dir='ltr'>contra</span> <span class='ocrx_word' id='word_1_197' title='bbox 599 1613 763 1652; x_wconf 87' lang='lat' dir='ltr'>codices</span> <span class='ocrx_word' id='word_1_198' title='bbox 794 1627 870 1652; x_wconf 90' lang='lat' dir='ltr'>nec</span> <span class='ocrx_word' id='word_1_199' title='bbox 903 1616 1198 1653; x_wconf 89' lang='lat' dir='ltr'>conuenienter</span> <span class='ocrx_word' id='word_1_200' title='bbox 1222 1614 1512 1653; x_wconf 89' lang='lat' dir='ltr'>consuetudini</span> 
     </span>
     <span class='ocr_line' id='line_1_26' title="bbox 51 1672 344 1710; baseline -0.003 0"><span class='ocrx_word' id='word_1_201' title='bbox 51 1672 344 1710; x_wconf 84' lang='lat' dir='ltr'>Romanorum.</span> 
     </span>
    </p>

    <p class='ocr_par' dir='ltr' id='par_1_3' title="bbox 51 1727 1513 2058">
     <span class='ocr_line' id='line_1_27' title="bbox 165 1727 1513 1780; baseline 0.001 -17"><span class='ocrx_word' id='word_1_202' title='bbox 165 1727 425 1778; x_wconf 85' lang='lat' dir='ltr'>principia</span> <span class='ocrx_word' id='word_1_203' title='bbox 455 1731 684 1766; x_wconf 80' lang='lat' dir='ltr'>naturae.</span> <span class='ocrx_word' id='word_1_204' title='bbox 755 1729 853 1767; x_wconf 88' lang='lat' dir='ltr'>Sine</span> <span class='ocrx_word' id='word_1_205' title='bbox 904 1742 1023 1767; x_wconf 83' lang='lat' dir='ltr'>causa</span> <span class='ocrx_word' id='word_1_206' title='bbox 1071 1729 1286 1780; x_wconf 87' lang='lat' dir='ltr'>Zumptius</span> <span class='ocrx_word' id='word_1_207' title='bbox 1334 1729 1513 1767; x_wconf 90' lang='lat' dir='ltr'>coniecit</span> 
     </span>
     <span class='ocr_line' id='line_1_28' title="bbox 51 1783 1512 1836; baseline -0.001 -12"><span class='ocrx_word' id='word_1_208' title='bbox 51 1789 250 1824; x_wconf 81' lang='lat' dir='ltr'>natura.</span> <span class='ocrx_word' id='word_1_209' title='bbox 314 1783 370 1820; x_wconf 92' lang='lat' dir='ltr'>Ut</span> <span class='ocrx_word' id='word_1_210' title='bbox 401 1785 476 1821; x_wconf 89' lang='lat' dir='ltr'>ius</span> <span class='ocrx_word' id='word_1_211' title='bbox 509 1789 728 1822; x_wconf 83' lang='lat' dir='ltr'>naturae</span> <span class='ocrx_word' id='word_1_212' title='bbox 761 1786 811 1834; x_wconf 51' lang='grc' dir='ltr'>(ᾧ.</span> <span class='ocrx_word' id='word_1_213' title='bbox 843 1783 930 1833; x_wconf 77' lang='grc'>40.)</span> <span class='ocrx_word' id='word_1_214' title='bbox 964 1791 1027 1823; x_wconf 87' lang='lat' dir='ltr'>est</span> <span class='ocrx_word' id='word_1_215' title='bbox 1058 1787 1118 1823; x_wconf 89' lang='lat' dir='ltr'>ius</span> <span class='ocrx_word' id='word_1_216' title='bbox 1151 1788 1191 1823; x_wconf 90' lang='lat' dir='ltr'>in</span> <span class='ocrx_word' id='word_1_217' title='bbox 1222 1789 1369 1823; x_wconf 84' lang='lat' dir='ltr'>natura</span> <span class='ocrx_word' id='word_1_218' title='bbox 1397 1786 1512 1836; x_wconf 89' lang='lat' dir='ltr'>posi-</span> 
     </span>
     <span class='ocr_line' id='line_1_29' title="bbox 51 1841 1513 1892; baseline -0.001 -13"><span class='ocrx_word' id='word_1_219' title='bbox 51 1848 156 1890; x_wconf 88' lang='lat' dir='ltr'>tum,</span> <span class='ocrx_word' id='word_1_220' title='bbox 190 1841 247 1876; x_wconf 81' lang='lat' dir='ltr'>ita</span> <span class='ocrx_word' id='word_1_221' title='bbox 277 1841 550 1890; x_wconf 91' lang='lat' dir='ltr'>principia</span> <span class='ocrx_word' id='word_1_222' title='bbox 590 1845 816 1878; x_wconf 85' lang='lat' dir='ltr'>naturae</span> <span class='ocrx_word' id='word_1_223' title='bbox 856 1854 903 1879; x_wconf 89' lang='lat' dir='ltr'>ea</span> <span class='ocrx_word' id='word_1_224' title='bbox 942 1847 1062 1891; x_wconf 91' lang='lat' dir='ltr'>sunt,</span> <span class='ocrx_word' id='word_1_225' title='bbox 1104 1854 1205 1892; x_wconf 85' lang='lat' dir='ltr'>quae</span> <span class='ocrx_word' id='word_1_226' title='bbox 1242 1843 1378 1892; x_wconf 86' lang='lat' dir='ltr'>posita</span> <span class='ocrx_word' id='word_1_227' title='bbox 1418 1846 1513 1879; x_wconf 88' lang='lat' dir='ltr'>sunt</span> 
     </span>
     <span class='ocr_line' id='line_1_30' title="bbox 52 1895 1511 1949; baseline -0.001 -14"><span class='ocrx_word' id='word_1_228' title='bbox 52 1901 94 1935; x_wconf 89' lang='lat' dir='ltr'>in</span> <span class='ocrx_word' id='word_1_229' title='bbox 145 1900 304 1933; x_wconf 80' lang='lat' dir='ltr'>natura.</span> <span class='ocrx_word' id='word_1_230' title='bbox 374 1895 587 1933; x_wconf 77' lang='lat' dir='ltr'>Sententia</span> <span class='ocrx_word' id='word_1_231' title='bbox 636 1897 737 1935; x_wconf 88' lang='lat' dir='ltr'>haec</span> <span class='ocrx_word' id='word_1_232' title='bbox 774 1902 862 1935; x_wconf 90' lang='lat' dir='ltr'>est:</span> <span class='ocrx_word' id='word_1_233' title='bbox 913 1900 1136 1949; x_wconf 86' lang='lat' dir='ltr'>principia,</span> <span class='ocrx_word' id='word_1_234' title='bbox 1183 1899 1326 1948; x_wconf 88' lang='lat' dir='ltr'>quibus</span> <span class='ocrx_word' id='word_1_235' title='bbox 1374 1902 1511 1935; x_wconf 85' lang='lat' dir='ltr'>utrum</span> 
     </span>
     <span class='ocr_line' id='line_1_31' title="bbox 55 1949 1510 2005; baseline 0 -15"><span class='ocrx_word' id='word_1_236' title='bbox 55 1951 152 2004; x_wconf 90' lang='lat' dir='ltr'>quid</span> <span class='ocrx_word' id='word_1_237' title='bbox 184 1949 348 1999; x_wconf 89' lang='lat' dir='ltr'>malum,</span> <span class='ocrx_word' id='word_1_238' title='bbox 381 1963 429 1988; x_wconf 89' lang='lat' dir='ltr'>an</span> <span class='ocrx_word' id='word_1_239' title='bbox 465 1953 609 1990; x_wconf 90' lang='lat' dir='ltr'>bonum</span> <span class='ocrx_word' id='word_1_240' title='bbox 641 1955 708 2002; x_wconf 91' lang='lat' dir='ltr'>sit,</span> <span class='ocrx_word' id='word_1_241' title='bbox 742 1953 959 2004; x_wconf 88' lang='lat' dir='ltr'>iudicatur,</span> <span class='ocrx_word' id='word_1_242' title='bbox 991 1956 1034 1992; x_wconf 92' lang='lat' dir='ltr'>in</span> <span class='ocrx_word' id='word_1_243' title='bbox 1062 1960 1204 1991; x_wconf 86' lang='lat' dir='ltr'>natura</span> <span class='ocrx_word' id='word_1_244' title='bbox 1236 1959 1332 1992; x_wconf 85' lang='lat' dir='ltr'>sunt</span> <span class='ocrx_word' id='word_1_245' title='bbox 1361 1955 1510 2005; x_wconf 87' lang='lat' dir='ltr'>posita.</span> 
     </span>
     <span class='ocr_line' id='line_1_32' title="bbox 55 2008 1273 2058; baseline 0 -10"><span class='ocrx_word' id='word_1_246' title='bbox 55 2008 143 2048; x_wconf 82' lang='lat' dir='ltr'>Alia</span> <span class='ocrx_word' id='word_1_247' title='bbox 167 2009 237 2044; x_wconf 68' lang='lat' dir='ltr'>‘est</span> <span class='ocrx_word' id='word_1_248' title='bbox 264 2010 370 2045; x_wconf 80' lang='lat' dir='ltr'>ratio</span> <span class='ocrx_word' id='word_1_249' title='bbox 403 2010 620 2046; x_wconf 87' lang='lat' dir='ltr'>uerborum</span> <span class='ocrx_word' id='word_1_250' title='bbox 653 2009 681 2058; x_wconf 52' lang='grc' dir='ltr'>ᾖ</span> <span class='ocrx_word' id='word_1_251' title='bbox 714 2010 781 2050; x_wconf 75' lang='grc'>36.</span> <span class='ocrx_word' id='word_1_252' title='bbox 815 2016 1000 2048; x_wconf 85' lang='lat' dir='ltr'>natura</span> <span class='ocrx_word' id='word_1_253' title='bbox 1029 2024 1150 2048; x_wconf 88' lang='lat' dir='ltr'>esse</span> <span class='ocrx_word' id='word_1_254' title='bbox 1180 2011 1273 2049; x_wconf 86' lang='lat' dir='ltr'>ius.</span> 
     </span>
    </p>

    <p class='ocr_par' dir='ltr' id='par_1_4' title="bbox 49 2061 1512 2398">
     <span class='ocr_line' id='line_1_33' title="bbox 169 2061 1512 2117; baseline 0.002 -17"><span class='ocrx_word' id='word_1_255' title='bbox 169 2064 202 2112; x_wconf 53' lang='grc' dir='ltr'>ᾗ.</span> <span class='ocrx_word' id='word_1_256' title='bbox 235 2061 302 2102; x_wconf 80' lang='grc'>47.</span> <span class='ocrx_word' id='word_1_257' title='bbox 363 2062 500 2102; x_wconf 90' lang='lat' dir='ltr'>idem</span> <span class='ocrx_word' id='word_1_258' title='bbox 543 2068 809 2117; x_wconf 79' lang='lat' dir='ltr'>contingit</span> <span class='ocrx_word' id='word_1_259' title='bbox 848 2068 899 2104; x_wconf 93' lang='lat' dir='ltr'>in</span> <span class='ocrx_word' id='word_1_260' title='bbox 943 2069 1188 2105; x_wconf 87' lang='lat' dir='ltr'>sensibus</span> <span class='ocrx_word' id='word_1_261' title='bbox 1232 2079 1291 2104; x_wconf 90' lang='lat' dir='ltr'>sc.</span> <span class='ocrx_word' id='word_1_262' title='bbox 1338 2070 1383 2103; x_wconf 90' lang='lat' dir='ltr'>ut</span> <span class='ocrx_word' id='word_1_263' title='bbox 1420 2070 1512 2104; x_wconf 88' lang='lat' dir='ltr'>tan-</span> 
     </span>
     <span class='ocr_line' id='line_1_34' title="bbox 53 2119 1512 2172; baseline 0 -13"><span class='ocrx_word' id='word_1_264' title='bbox 53 2126 197 2172; x_wconf 84' lang='lat' dir='ltr'>topere</span> <span class='ocrx_word' id='word_1_265' title='bbox 228 2119 338 2156; x_wconf 80' lang='lat' dir='ltr'>inter</span> <span class='ocrx_word' id='word_1_266' title='bbox 369 2132 413 2156; x_wconf 93' lang='lat' dir='ltr'>se</span> <span class='ocrx_word' id='word_1_267' title='bbox 445 2120 702 2161; x_wconf 80' lang='lat' dir='ltr'>dissentiant.</span> <span class='ocrx_word' id='word_1_268' title='bbox 764 2120 874 2160; x_wconf 80' lang='lat' dir='ltr'>Male</span> <span class='ocrx_word' id='word_1_269' title='bbox 912 2123 1061 2161; x_wconf 82' lang='lat' dir='ltr'>Bakius</span> <span class='ocrx_word' id='word_1_270' title='bbox 1105 2122 1318 2160; x_wconf 87' lang='lat' dir='ltr'>fortuitum</span> <span class='ocrx_word' id='word_1_271' title='bbox 1358 2122 1512 2160; x_wconf 88' lang='lat' dir='ltr'>codicis</span> 
     </span>
     <span class='ocr_line' id='line_1_35' title="bbox 49 2174 1511 2230; baseline 0.001 -16"><span class='ocrx_word' id='word_1_272' title='bbox 49 2177 84 2214; x_wconf 88' lang='grc' dir='ltr'><strong>Ε</strong></span> <span class='ocrx_word' id='word_1_273' title='bbox 119 2174 311 2213; x_wconf 89' lang='lat' dir='ltr'>mendum</span> <span class='ocrx_word' id='word_1_274' title='bbox 342 2179 392 2212; x_wconf 91' lang='lat' dir='ltr'>et</span> <span class='ocrx_word' id='word_1_275' title='bbox 422 2176 514 2215; x_wconf 90' lang='lat' dir='ltr'>hos</span> <span class='ocrx_word' id='word_1_276' title='bbox 546 2178 751 2228; x_wconf 87' lang='lat' dir='ltr'>probauit,</span> <span class='ocrx_word' id='word_1_277' title='bbox 785 2184 830 2216; x_wconf 89' lang='lat' dir='ltr'>ut</span> <span class='ocrx_word' id='word_1_278' title='bbox 861 2179 1055 2230; x_wconf 87' lang='lat' dir='ltr'>apodosis</span> <span class='ocrx_word' id='word_1_279' title='bbox 1080 2180 1280 2230; x_wconf 84' lang='lat' dir='ltr'>inciperet</span> <span class='ocrx_word' id='word_1_280' title='bbox 1304 2192 1325 2216; x_wconf 89' lang='lat' dir='ltr'>a</span> <span class='ocrx_word' id='word_1_281' title='bbox 1350 2180 1511 2216; x_wconf 86' lang='lat' dir='ltr'>uerbis:</span> 
     </span>
     <span class='ocr_line' id='line_1_36' title="bbox 50 2231 1511 2286; baseline 0.001 -15"><span class='ocrx_word' id='word_1_282' title='bbox 50 2231 146 2271; x_wconf 81' lang='lat' dir='ltr'>illa</span> <span class='ocrx_word' id='word_1_283' title='bbox 181 2243 307 2282; x_wconf 89' lang='lat' dir='ltr'>quae</span> <span class='ocrx_word' id='word_1_284' title='bbox 349 2236 428 2271; x_wconf 84' lang='lat' dir='ltr'>cet.</span> <span class='ocrx_word' id='word_1_285' title='bbox 498 2234 774 2285; x_wconf 90' lang='lat' dir='ltr'>Opponuntur</span> <span class='ocrx_word' id='word_1_286' title='bbox 812 2236 887 2273; x_wconf 90' lang='lat' dir='ltr'>sibi</span> <span class='ocrx_word' id='word_1_287' title='bbox 929 2249 1124 2275; x_wconf 84' lang='lat' dir='ltr'>sensuum</span> <span class='ocrx_word' id='word_1_288' title='bbox 1169 2240 1211 2273; x_wconf 89' lang='lat' dir='ltr'>et</span> <span class='ocrx_word' id='word_1_289' title='bbox 1251 2236 1376 2273; x_wconf 86' lang='lat' dir='ltr'>animi</span> <span class='ocrx_word' id='word_1_290' title='bbox 1414 2247 1511 2286; x_wconf 89' lang='lat' dir='ltr'>per-</span> 
     </span>
     <span class='ocr_line' id='line_1_37' title="bbox 52 2290 1511 2344; baseline 0.001 -17"><span class='ocrx_word' id='word_1_291' title='bbox 52 2290 287 2341; x_wconf 79' lang='lat' dir='ltr'>ceptiones3</span> <span class='ocrx_word' id='word_1_292' title='bbox 320 2300 400 2326; x_wconf 94' lang='lat' dir='ltr'>non</span> <span class='ocrx_word' id='word_1_293' title='bbox 432 2291 525 2340; x_wconf 81' lang='lat' dir='ltr'>quia</span> <span class='ocrx_word' id='word_1_294' title='bbox 549 2292 652 2328; x_wconf 81' lang='lat' dir='ltr'>certi</span> <span class='ocrx_word' id='word_1_295' title='bbox 678 2294 762 2329; x_wconf 91' lang='lat' dir='ltr'>sint</span> <span class='ocrx_word' id='word_1_296' title='bbox 782 2304 927 2331; x_wconf 88' lang='lat' dir='ltr'>sensus</span> <span class='ocrx_word' id='word_1_297' title='bbox 953 2305 1174 2343; x_wconf 86' lang='lat' dir='ltr'>eorumque</span> <span class='ocrx_word' id='word_1_298' title='bbox 1202 2293 1511 2344; x_wconf 87' lang='lat' dir='ltr'>perceptiones,</span> 
     </span>
     <span class='ocr_line' id='line_1_38' title="bbox 56 2346 1263 2398; baseline 0.002 -14"><span class='ocrx_word' id='word_1_299' title='bbox 56 2358 120 2394; x_wconf 79' lang='lat' dir='ltr'>ea,</span> <span class='ocrx_word' id='word_1_300' title='bbox 152 2355 254 2395; x_wconf 89' lang='lat' dir='ltr'>quae</span> <span class='ocrx_word' id='word_1_301' title='bbox 285 2346 418 2382; x_wconf 88' lang='lat' dir='ltr'>animo</span> <span class='ocrx_word' id='word_1_302' title='bbox 451 2347 870 2398; x_wconf 84' lang='lat' dir='ltr'>comprehendantur,</span> <span class='ocrx_word' id='word_1_303' title='bbox 902 2350 997 2387; x_wconf 86' lang='lat' dir='ltr'>ficta</span> <span class='ocrx_word' id='word_1_304' title='bbox 1027 2362 1120 2388; x_wconf 85' lang='lat' dir='ltr'>esse</span> <span class='ocrx_word' id='word_1_305' title='bbox 1152 2348 1263 2386; x_wconf 89' lang='lat' dir='ltr'>dicit.</span> 
     </span>
    </p>

    <p class='ocr_par' dir='ltr' id='par_1_5' title="bbox 49 2400 1513 2738">
     <span class='ocr_line' id='line_1_39' title="bbox 167 2400 1512 2455; baseline 0.004 -18"><span class='ocrx_word' id='word_1_306' title='bbox 167 2400 412 2451; x_wconf 86' lang='lat' dir='ltr'>dicimus]</span> <span class='ocrx_word' id='word_1_307' title='bbox 484 2402 637 2441; x_wconf 86' lang='lat' dir='ltr'>Contra</span> <span class='ocrx_word' id='word_1_308' title='bbox 677 2404 863 2443; x_wconf 86' lang='lat' dir='ltr'>codicum</span> <span class='ocrx_word' id='word_1_309' title='bbox 904 2407 1189 2444; x_wconf 87' lang='lat' dir='ltr'>auctoritatem</span> <span class='ocrx_word' id='word_1_310' title='bbox 1233 2403 1374 2455; x_wconf 77' lang='lat' dir='ltr'>steph.</span> <span class='ocrx_word' id='word_1_311' title='bbox 1413 2403 1512 2443; x_wconf 76' lang='lat' dir='ltr'>Dan.</span> 
     </span>
     <span class='ocr_line' id='line_1_40' title="bbox 49 2456 1512 2512; baseline 0.001 -17"><span class='ocrx_word' id='word_1_312' title='bbox 49 2458 147 2496; x_wconf 82' lang='lat' dir='ltr'>Ern.</span> <span class='ocrx_word' id='word_1_313' title='bbox 189 2456 336 2506; x_wconf 79' lang='lat' dir='ltr'>Wagn.</span> <span class='ocrx_word' id='word_1_314' title='bbox 383 2458 575 2497; x_wconf 87' lang='lat' dir='ltr'>Schuetz.</span> <span class='ocrx_word' id='word_1_315' title='bbox 616 2459 684 2498; x_wconf 87' lang='lat' dir='ltr'>Or.</span> <span class='ocrx_word' id='word_1_316' title='bbox 719 2473 862 2512; x_wconf 88' lang='lat' dir='ltr'>parum</span> <span class='ocrx_word' id='word_1_317' title='bbox 902 2468 1016 2500; x_wconf 86' lang='lat' dir='ltr'>recte</span> <span class='ocrx_word' id='word_1_318' title='bbox 1051 2462 1289 2500; x_wconf 88' lang='lat' dir='ltr'>ducimus</span> <span class='ocrx_word' id='word_1_319' title='bbox 1322 2473 1512 2498; x_wconf 83' lang='lat' dir='ltr'>correxe-</span> 
     </span>
     <span class='ocr_line' id='line_1_41' title="bbox 49 2512 1512 2571; baseline 0.001 -19"><span class='ocrx_word' id='word_1_320' title='bbox 49 2518 159 2562; x_wconf 88' lang='lat' dir='ltr'>runt,</span> <span class='ocrx_word' id='word_1_321' title='bbox 191 2512 235 2551; x_wconf 88' lang='lat' dir='ltr'>id</span> <span class='ocrx_word' id='word_1_322' title='bbox 266 2512 427 2552; x_wconf 87' lang='lat' dir='ltr'>scilicet</span> <span class='ocrx_word' id='word_1_323' title='bbox 455 2517 533 2553; x_wconf 88' lang='lat' dir='ltr'>rati</span> <span class='ocrx_word' id='word_1_324' title='bbox 566 2527 739 2554; x_wconf 88' lang='lat' dir='ltr'>necesse</span> <span class='ocrx_word' id='word_1_325' title='bbox 779 2529 873 2554; x_wconf 84' lang='lat' dir='ltr'>esse</span> <span class='ocrx_word' id='word_1_326' title='bbox 909 2523 1080 2571; x_wconf 88' lang='lat' dir='ltr'>propter</span> <span class='ocrx_word' id='word_1_327' title='bbox 1115 2516 1288 2569; x_wconf 86' lang='lat' dir='ltr'>putandi</span> <span class='ocrx_word' id='word_1_328' title='bbox 1325 2518 1512 2566; x_wconf 87' lang='lat' dir='ltr'>uerbum,</span> 
     </span>
     <span class='ocr_line' id='line_1_42' title="bbox 51 2569 1512 2620; baseline 0.001 -12"><span class='ocrx_word' id='word_1_329' title='bbox 51 2569 158 2620; x_wconf 87' lang='lat' dir='ltr'>quod</span> <span class='ocrx_word' id='word_1_330' title='bbox 186 2569 410 2609; x_wconf 89' lang='lat' dir='ltr'>antecedit.</span> <span class='ocrx_word' id='word_1_331' title='bbox 470 2572 522 2609; x_wconf 83' lang='lat' dir='ltr'>At</span> <span class='ocrx_word' id='word_1_332' title='bbox 553 2571 771 2610; x_wconf 90' lang='lat' dir='ltr'>dicendi</span> <span class='ocrx_word' id='word_1_333' title='bbox 797 2574 967 2613; x_wconf 87' lang='lat' dir='ltr'>notione</span> <span class='ocrx_word' id='word_1_334' title='bbox 991 2576 1227 2613; x_wconf 85' lang='lat' dir='ltr'>continetur</span> <span class='ocrx_word' id='word_1_335' title='bbox 1249 2574 1371 2611; x_wconf 88' lang='lat' dir='ltr'>etiam</span> <span class='ocrx_word' id='word_1_336' title='bbox 1399 2574 1512 2611; x_wconf 90' lang='lat' dir='ltr'>notio</span> 
     </span>
     <span class='ocr_line' id='line_1_43' title="bbox 52 2624 1513 2679; baseline 0.003 -16"><span class='ocrx_word' id='word_1_337' title='bbox 52 2624 285 2664; x_wconf 84' lang='lat' dir='ltr'>ducendi.</span> <span class='ocrx_word' id='word_1_338' title='bbox 347 2626 413 2664; x_wconf 87' lang='lat' dir='ltr'>Cf.</span> <span class='ocrx_word' id='word_1_339' title='bbox 453 2640 556 2678; x_wconf 82' lang='lat' dir='ltr'>quae</span> <span class='ocrx_word' id='word_1_340' title='bbox 588 2627 670 2665; x_wconf 83' lang='lat' dir='ltr'>dixi</span> <span class='ocrx_word' id='word_1_341' title='bbox 700 2628 727 2666; x_wconf 89' lang='lat'>1.</span> <span class='ocrx_word' id='word_1_342' title='bbox 760 2629 794 2679; x_wconf 53' lang='grc' dir='ltr'>ᾧ.</span> <span class='ocrx_word' id='word_1_343' title='bbox 828 2628 898 2669; x_wconf 79' lang='grc'>37.</span> <span class='ocrx_word' id='word_1_344' title='bbox 965 2631 1169 2679; x_wconf 76' lang='lat' dir='ltr'>Similiter</span> <span class='ocrx_word' id='word_1_345' title='bbox 1204 2631 1423 2669; x_wconf 89' lang='lat' dir='ltr'>dicimus</span> <span class='ocrx_word' id='word_1_346' title='bbox 1464 2641 1513 2667; x_wconf 80' lang='lat' dir='ltr'>ex</span> 
     </span>
     <span class='ocr_line' id='line_1_44' title="bbox 54 2679 1511 2738; baseline 0.005 -20"><span class='ocrx_word' id='word_1_347' title='bbox 54 2679 292 2720; x_wconf 81' lang='lat' dir='ltr'>melioribus</span> <span class='ocrx_word' id='word_1_348' title='bbox 325 2683 446 2722; x_wconf 83' lang='lat' dir='ltr'>codd.</span> <span class='ocrx_word' id='word_1_349' title='bbox 478 2683 617 2724; x_wconf 80' lang='lat' dir='ltr'>Madu.</span> <span class='ocrx_word' id='word_1_350' title='bbox 650 2686 838 2723; x_wconf 83' lang='lat' dir='ltr'>restitnit</span> <span class='ocrx_word' id='word_1_351' title='bbox 878 2686 929 2724; x_wconf 89' lang='lat' dir='ltr'>de</span> <span class='ocrx_word' id='word_1_352' title='bbox 958 2688 1051 2726; x_wconf 89' lang='lat' dir='ltr'>Fin.</span> <span class='ocrx_word' id='word_1_353' title='bbox 1084 2688 1152 2738; x_wconf 90' lang='lat' dir='ltr'>lV,</span> <span class='ocrx_word' id='word_1_354' title='bbox 1184 2686 1248 2727; x_wconf 83' lang='lat'>20.</span> <span class='ocrx_word' id='word_1_355' title='bbox 1275 2686 1342 2727; x_wconf 79' lang='lat'>56.</span> <span class='ocrx_word' id='word_1_356' title='bbox 1386 2699 1511 2736; x_wconf 89' lang='lat' dir='ltr'>quas</span> 
     </span>
    </p>
   </div>
   <div class='ocr_carea' id='block_1_3' title="bbox 54 2738 1512 2844">
    <p class='ocr_par' dir='ltr' id='par_1_6' title="bbox 54 2738 1512 2844">
     <span class='ocr_line' id='line_1_45' title="bbox 55 2738 1512 2792; baseline 0.003 -19"><span class='ocrx_word' id='word_1_357' title='bbox 55 2738 154 2783; x_wconf 85' lang='lat' dir='ltr'>(res)</span> <span class='ocrx_word' id='word_1_358' title='bbox 194 2750 282 2776; x_wconf 88' lang='lat' dir='ltr'>nos</span> <span class='ocrx_word' id='word_1_359' title='bbox 323 2740 484 2778; x_wconf 86' lang='lat' dir='ltr'>bonas</span> <span class='ocrx_word' id='word_1_360' title='bbox 526 2739 777 2792; x_wconf 83' lang='lat' dir='ltr'>dicimuS,</span> <span class='ocrx_word' id='word_1_361' title='bbox 826 2745 1105 2782; x_wconf 80' lang='lat' dir='ltr'>concessit</span> <span class='ocrx_word' id='word_1_362' title='bbox 1156 2749 1208 2782; x_wconf 89' lang='lat' dir='ltr'>ut</span> <span class='ocrx_word' id='word_1_363' title='bbox 1251 2743 1512 2780; x_wconf 86' lang='lat' dir='ltr'>haberen-</span> 
     </span>
     <span class='ocr_line' id='line_1_46' title="bbox 54 2796 324 2844; baseline 0.015 -15"><span class='ocrx_word' id='word_1_364' title='bbox 54 2796 134 2830; x_wconf 88' lang='lat' dir='ltr'>tur</span> <span class='ocrx_word' id='word_1_365' title='bbox 166 2798 324 2844; x_wconf 85' lang='lat' dir='ltr'>aptae.</span> 
     </span>
    </p>
   </div>
  </div>
 </body>
</html>
