1781 3192
197 185 287 226 314
772 182 842 221 DE
874 181 1106 222 LEGlBUS

328 297 387 335 M.
416 296 667 345 Scaurus,
710 297 823 334 cuius
865 307 1114 347 praenomen
1148 301 1264 334 recte
1298 308 1344 334 ex
1375 295 1525 336 mendo
1556 297 1679 337 codd.

216 352 432 394 meliorum
466 349 729 401 delatam,
761 365 890 404 praue
917 353 959 390 in
990 352 1264 391 deterioribus
1296 357 1502 404 correcto,
1535 354 1682 393 elicuit

216 406 559 505 Bakius'ssjgnffld
593 407 672 447 fuit
704 423 739 448 a.
771 407 870 449 639.
903 422 994 447 cum
1028 410 1086 449 M.
1110 408 1290 448 Caecilio
1309 408 1483 449 Metello
1514 416 1557 450 et
1585 423 1684 450 cen-

215 480 282 507 sor
314 479 350 503 a.
468 491 479 503 .

333 532 569 584 Utinam]
631 533 751 584 Quod
785 546 831 571 ex
863 532 952 573 cod.
988 533 1094 572 arch.
1129 533 1278 571 mendo
1310 536 1615 586 utinamque
1646 536 1688 572 in

224 594 360 630 annot.
392 591 483 630 crit.
516 590 778 629 efficiendum
813 603 907 627 esse
941 590 1036 640 dixi,
1065 591 1173 627 idem
1208 596 1302 628 ante
1332 593 1372 629 in
1405 596 1585 631 mentem
1615 605 1689 630 ue-

224 652 343 685 nerat
382 646 561 687 Mosero.
624 645 830 686 Particula
874 646 1077 697 quidem
1122 649 1155 684 si
1196 649 1235 684 in
1282 646 1402 699 plena
1434 651 1518 688 uoti
1551 647 1690 686 decla-

222 705 383 743 ratione
416 708 530 741 reete
558 706 722 755 ponitur
750 701 1002 757 (exemplum
1038 704 1135 741 mihi
1166 709 1304 741 notum
1348 718 1427 743 non
1470 710 1556 753 est3
1596 717 1689 742 nam

221 760 301 798 alia
341 764 406 797 est
439 762 540 798 ratio
573 765 614 798 et
653 763 765 811 eius,
812 760 916 811 quod
952 761 1142 799 Moserus
1175 759 1359 799 laudauit
1393 759 1446 802 ll.
1481 762 1512 812 ὗ.
1546 760 1611 803 24.
1648 765 1691 799 et

220 814 417 854 simillimi
450 816 542 857 Par.
573 813 654 867 Vl,
686 816 726 857 3.
762 817 902 872 §.⁵5l,
944 819 983 855 in
1028 818 1174 867 quibus
1213 816 1299 855 sola
1339 820 1422 856 uoti
1463 820 1577 856 notio
1617 830 1690 856 ex-

218 884 363 924 pressa
402 870 517 925 est),
559 876 593 913 si
634 875 759 925 igitur
798 879 911 912 recte
952 876 1146 926 ponitur,
1198 875 1284 912 uoti
1323 874 1567 913 intendendi
1609 875 1690 913 uim

220 931 361 967 habet.
421 930 538 968 Unus
572 932 672 970 Dau.
707 929 899 969 mendum
929 932 1144 982 probauit3
1183 930 1329 982 reliqui
1371 932 1412 970 id
1445 931 1693 985 simpliciter

218 988 459 1027 omiserunt.
490 1020 493 1021 γ

331 1056 380 1092 ἰῐι
423 1067 613 1094 summa
654 1067 705 1092 re
746 1053 961 1106 publica
1001 1056 1026 1095 i.
1061 1067 1095 1095 e.
1137 1054 1265 1093 Roma
1297 1057 1410 1107 ipsa,
1453 1067 1558 1107 quae
1589 1055 1630 1095 h.
1663 1054 1692 1095 l.

219 1112 440 1163 opponitur
478 1110 738 1164 municipali,
781 1111 1123 1162 quemadmodum
1166 1114 1206 1151 in
1243 1113 1358 1152 Verr.
1393 1108 1460 1163 II,
1491 1111 1561 1152 61.
1600 1109 1692 1152 149.

217 1168 472 1220 prouinciae.
533 1167 628 1206 Alio
671 1167 793 1206 modo
835 1181 1026 1206 summa
1067 1181 1151 1206 res
1197 1168 1413 1221 publica
1456 1168 1606 1208 dicitur
1651 1169 1693 1206 in

218 1224 341 1262 Verr.
375 1220 442 1273 II,
487 1222 550 1265 10.
594 1223 674 1273 28,
718 1236 791 1275 pro
833 1225 945 1263 Sest.
983 1224 1055 1274 11,
1098 1224 1167 1264 25.
1211 1225 1318 1265 alibi.
1372 1225 1436 1266 Cf.
1480 1224 1553 1263 illo
1601 1224 1693 1263 loco

220 1280 475 1332 Zumptium,
508 1281 586 1319 hoc
616 1280 841 1319 Halmium.

338 1347 374 1396 ᾧ.
408 1346 477 1386 37.
538 1348 883 1396 Quamobrem
911 1347 1014 1397 cet.]
1072 1349 1264 1396 Quintus,
1287 1351 1549 1397 posteaquam
1575 1346 1691 1398 leges

220 1402 462 1444 tabellarias
493 1415 571 1441 nec
602 1401 704 1440 latas
739 1415 832 1440 esse
864 1416 885 1439 a
918 1403 1016 1440 uiris
1046 1405 1166 1440 bouis
1205 1416 1281 1439 nec
1320 1404 1511 1453 probatas
1550 1408 1692 1441 osten-

222 1460 300 1510 dit,
332 1458 383 1497 ad
415 1460 536 1510 hanc,
569 1473 590 1497 a
623 1473 700 1510 qua
734 1458 766 1508 ᾗ.
800 1457 868 1499 3:1-
900 1458 1115 1511 profectus
1149 1463 1229 1508 est,
1270 1459 1517 1496 sententiam
1552 1469 1695 1495 reuer-

220 1519 348 1566 titur,
387 1515 431 1554 id
469 1518 647 1568 spectari
688 1520 908 1568 oportere,
958 1516 1055 1566 quid
1096 1517 1293 1567 optimum
1337 1516 1412 1565 sit,
1466 1526 1546 1552 non
1597 1513 1694 1565 quid

221 1573 400 1612 obtineri
434 1574 591 1624 possit,
627 1586 747 1611 causa
781 1573 904 1610 simul
934 1573 1010 1610 hac
1040 1574 1285 1621 interiecta,
1324 1570 1432 1623 quod
1469 1583 1548 1608 non
1579 1568 1693 1622 leges

225 1631 288 1668 rei
319 1629 511 1681 publicae
542 1642 738 1667 romanae
770 1634 1135 1679 recognoscerent,
1181 1634 1226 1667 ut
1267 1629 1507 1666 necessitati
1547 1640 1694 1679 parere

223 1691 267 1725 et
298 1686 515 1736 quaedam,
548 1699 651 1737 quae
684 1687 759 1723 sibi
794 1688 926 1724 minus
953 1684 1185 1738 placerent,
1217 1683 1450 1735 relinquere
1475 1683 1692 1734 deberent,

219 1742 297 1782 sed
336 1740 451 1793 leges
492 1742 641 1780 darent
680 1743 860 1793 optimae
901 1741 964 1780 illi
1003 1744 1064 1780 rei
1103 1740 1291 1794 publicae
1322 1745 1624 1780 consentaneas
1653 1745 1696 1779 et

222 1803 291 1838 aut
322 1811 450 1837 nouas
483 1800 717 1836 scriberent
748 1803 817 1836 aut
850 1802 1092 1850 repeterent
1124 1803 1305 1848 ereptas.
1370 1798 1473 1836 Hoc
1498 1796 1692 1849 populo

219 1857 249 1895 i.
281 1868 319 1894 e.
353 1855 448 1893 dum
482 1855 550 1893 hic
581 1853 633 1908 (i.
665 1868 703 1894 e.
737 1854 830 1893 talis
863 1855 993 1906 qualis
1024 1868 1131 1893 nunc
1163 1850 1253 1908 est)
1286 1852 1460 1906 populus
1493 1855 1572 1892 erit
1601 1852 1694 1907 (bei

221 1912 382 1950 diesem
416 1909 589 1964 Volke),
622 1911 969 1963 quemadmodum
1003 1911 1196 1950 similiter
1230 1911 1330 1949 dicit
1362 1911 1414 1948 de
1447 1909 1527 1948 Off.
1559 1909 1590 1960 1,
1622 1907 1690 1950 39.

225 1966 322 2009 139.
356 1967 460 2006 alio
494 1968 708 2006 domino
741 1968 834 2021 (bei
869 1970 1002 2006 einem
1036 1969 1189 2007 andern
1222 1964 1398 2020 Herrn).
1461 1966 1526 2005 Cf.
1566 1968 1690 2005 etiam

222 2025 310 2064 Cic.
341 2025 412 2062 Ac.
436 2020 492 2074 ΙΙ,
516 2023 692 2065 31.1OO
738 2026 780 2064 si
810 2027 909 2064 iam
944 2038 1001 2063 ex
1030 2026 1122 2063 hoc
1153 2023 1272 2062 loco
1303 2023 1695 2076 proficiscatur

220 2080 482 2121 Puteolos
524 2104 576 2109 —
619 2083 788 2132 probo
837 2083 1084 2132 nauigio,
1136 2082 1266 2119 bono
1317 2082 1692 2132 gubernatore,

219 2138 314 2176 hac
345 2136 397 2190 (i.
430 2150 467 2174 e.
502 2137 570 2175 tali
602 2136 730 2187 qualis
756 2150 862 2175 nune
887 2136 974 2188 est)
1008 2136 1427 2186 tranquillitate.
1489 2136 1692 2173 Peruerse

219 2195 260 2232 in
293 2192 371 2230 hoc
403 2205 557 2242 genere
580 2194 708 2230 Gzius
738 2193 842 2230 hauc
876 2192 1039 2243 ellipsin
1074 2193 1236 2230 statuit:
1271 2192 1372 2229 hoc
1400 2189 1600 2242 populo
1633 2203 1690 2230 sc.

222 2252 298 2289 ita
347 2255 561 2287 morato.
631 2249 803 2287 I'rauam
845 2249 950 2287 dett.
991 2248 1115 2287 codd.
1157 2249 1458 2286 correctionem
1504 2248 1561 2284 ab
1600 2247 1692 2284 hoc

221 2304 413 2359 populo
447 2304 523 2344 soli
555 2306 695 2344 Lamb.
729 2310 772 2343 et
800 2305 904 2344 Dau.
946 2307 1196 2357 probarunt3
1241 2310 1281 2342 at
1320 2304 1403 2355 ipsi
1440 2301 1554 2354 leges
1593 2315 1691 2340 con—

222 2364 340 2414 dunt,
372 2375 452 2401 non
482 2376 507 2400 a
536 2362 686 2413 populo
718 2363 942 2414 impetrare
973 2361 1153 2400 student.

336 2443 474 2493 Scipio
499 2453 557 2480 sc.
581 2441 794 2479 Africanus
827 2443 977 2480 minor.
1031 2443 1164 2490 Quem
1193 2444 1329 2477 tuum
1356 2439 1533 2488 Quintus
1557 2443 1690 2488 uocat,

221 2500 313 2550 quia
344 2499 395 2536 de
427 2511 472 2536 rc
504 2497 664 2550 publica
693 2504 866 2550 uterque
898 2498 1007 2536 idem
1040 2498 1264 2546 sentiebat,
1298 2500 1342 2533 ut
1372 2497 1413 2533 in
1451 2493 1534 2532 illis
1566 2494 1622 2532 de
1643 2507 1691 2533 re

222 2554 389 2608 publica
420 2555 535 2594 libris
566 2556 718 2607 primas
750 2557 786 2593 ei
822 2556 983 2594 Marcus
1016 2556 1234 2592 tribueret.
1296 2552 1525 2590 Putabatur
1555 2556 1690 2590 autem

220 2613 282 2652 M.
313 2613 462 2651 Antius
488 2612 646 2663 Brisco,
680 2613 745 2663 qui
768 2613 816 2651 L.
842 2613 974 2651 Cassii
996 2610 1077 2663 legi
1103 2609 1343 2649 tabellariae
1367 2607 1435 2646 diu
1460 2609 1690 2659 restiterat,

218 2669 426 2720 Scipionis
458 2670 702 2709 auctoritate
733 2668 786 2708 de
818 2670 1023 2708 sententia
1055 2668 1254 2705 deductus
1287 2678 1397 2703 esse.
1452 2665 1541 2704 Cic.
1574 2665 1689 2705 Brut.

219 2724 289 2775 25,
322 2723 391 2765 97.
451 2726 573 2765 Nam
605 2728 646 2764 in
678 2739 750 2776 re,
778 2739 895 2778 quam
930 2727 1017 2777 quis
1059 2726 1240 2763 obiicere
1278 2722 1413 2773 possit
1453 2719 1692 2772 occupanda

219 2788 261 2820 et
292 2782 542 2821 remouenda
578 2785 836 2822 tritissimum
869 2788 946 2824 est.
980 2781 1044 2822 Cf.
1077 2780 1205 2832 Seyff.
1237 2777 1286 2817 ad
1321 2777 1433 2817 Lael.
1469 2791 1510 2829 p.
1545 2774 1650 2819 299·

1778 2811 1781 2860 ὲ

1777 2901 1781 2948 ᾖ
