1781 3192
239 175 329 216 298
816 174 887 215 DF:
917 176 1148 219 LEGIBUS

252 304 330 344 qua
371 295 531 330 temere
571 285 722 325 relicta
761 289 908 329 Bakius
949 294 1127 331 coniecit
1167 291 1522 344 tribunusque
1559 297 1608 334 in
1649 310 1724 335 me

252 347 498 404 populum
533 347 613 382 cet·
676 346 982 388 Tribunicia
1014 351 1119 398 uis,
1162 361 1264 400 quae
1308 350 1461 389 dicitur
1500 352 1720 404 inuidiose,

254 421 325 449 cur
354 416 495 455 parum
527 403 641 439 recte
673 401 848 453 dicatur,
879 407 971 456 quia
1002 405 1154 444 deinde
1183 405 1437 455 singulorum
1463 410 1721 448 tribunorum

255 457 441 510 exempla
472 463 712 509 sequantur,
748 473 824 511 ego
854 474 936 500 non
969 461 1171 512 intelligo.
1232 462 1311 501 Est
1355 465 1462 501 enim
1507 466 1723 504 tribunicia

260 521 340 569 uis,
374 515 504 566 qualis
536 516 576 553 in
610 517 783 555 tribunis
816 529 896 556 non
930 520 1134 569 omnibus,
1169 518 1244 557 sed
1276 519 1448 571 singulis
1479 522 1722 571 quibusdam

257 575 420 617 elucere
447 569 570 611 solet.

369 632 417 669 in
451 628 761 679 Laenatem]
826 632 870 672 C.
909 633 1120 672 Gracchus
1164 629 1271 668 diem
1314 631 1418 671 dixit
1455 633 1503 673 P.
1543 634 1722 688 Popillio

256 688 446 735 Laenati,
479 686 545 737 qui
577 698 681 723 anno
713 694 928 740 postquam
962 691 1059 729 Tib.
1094 688 1221 725 frater
1242 689 1485 729 interfectus
1509 697 1588 741 est,
1621 705 1720 731 con-

258 746 322 787 sul
353 748 394 783 in
426 744 492 782 Ti.
526 741 701 780 Gracchi
736 753 873 793 partes
914 749 1133 785 saeuierat.
1180 740 1292 783 Vell.
1330 746 1419 784 Pat.
1460 744 1527 797 II,
1567 749 1605 789 7.
1647 762 1721 800 pro

258 806 374 843 Dom.
398 799 469 850 31,
502 798 569 839 82.
604 798 673 849 32,
705 799 771 840 87.
806 803 945 843 Schol.
982 804 1078 842 Βοὴ.
1109 806 1204 854 post
1234 800 1320 842 red.
1356 803 1403 840 ad
1429 817 1533 856 pop„
1554 818 1595 856 p.
1620 805 1721 846 252.

255 860 394 899 Cessit
426 862 509 895 tum
534 855 719 894 Graccho
742 858 899 899 Laenas
934 865 976 899 et
1007 860 1220 909 rogatione
1253 859 1467 899 tribunicia
1501 863 1720 901 restitutus

256 923 321 955 est
353 916 397 955 L.
429 913 597 951 Bestiae
623 927 659 951 a.
689 913 784 954 633.
819 917 903 957 Cic.
938 919 1052 955 Brut.
1086 914 1154 964 34,
1186 913 1275 954 128.
1308 922 1403 966 post
1435 917 1524 956 red.
1558 920 1598 956 in
1632 932 1719 959 sen.

258 973 325 1023 15,
359 971 425 1012 38.
486 971 534 1021 Q
568 969 740 1009 Metello
769 973 984 1012 Numidico
1017 986 1105 1011 cum
1141 984 1240 1009 unus
1274 972 1314 1009 in
1342 974 1550 1012 Saturnini
1583 974 1716 1026 legem

255 1031 480 1080 agrariam,
513 1039 629 1078 quam
663 1041 743 1066 non
777 1030 863 1068 iure
891 1030 1014 1069 latam
1047 1029 1273 1077 iudicabat,
1316 1029 1448 1068 iurare
1489 1030 1643 1082 nollet,
1681 1045 1719 1071 a.

253 1086 351 1128 654.
380 1085 486 1124 diem
521 1083 623 1121 dixit
652 1085 701 1124 L.
734 1085 979 1126 Saturninus
1009 1092 1062 1125 tr.
1089 1084 1143 1137 pl.
1205 1085 1287 1124 Sed
1318 1098 1369 1125 ne
1403 1086 1534 1126 ciuilis
1567 1088 1718 1126 tumul-

255 1150 320 1182 tus
353 1146 494 1181 auctor
524 1141 661 1192 fieret,
694 1143 794 1181 urbe
826 1146 950 1183 cessit
980 1149 1021 1183 et
1055 1142 1242 1180 Rhodum
1276 1155 1320 1180 se
1352 1143 1527 1183 contulit
1558 1146 1598 1183 in
1632 1146 1718 1183 exi-

254 1199 368 1240 lium,
430 1199 529 1236 Mox
561 1197 782 1236 Saturnino
815 1213 1013 1252 oppresso
1052 1201 1268 1249 rogatione
1301 1198 1459 1238 Calidia
1502 1207 1718 1240 reuocatus

255 1265 336 1295 est.
388 1255 454 1293 Cf.
499 1268 572 1306 pro
605 1254 723 1293 Dom.
758 1254 835 1306 31,
871 1257 938 1297 82.
974 1256 1052 1305 32,
1085 1255 1151 1296 87.
1184 1269 1258 1308 pro
1290 1255 1430 1294 Plane.
1462 1256 1541 1307 28,
1575 1255 1644 1298 69.
1675 1259 1716 1295 in

255 1314 340 1352 Pis.
369 1310 416 1360 9,
449 1310 517 1351 20.
560 1310 697 1351 Schol.
744 1312 841 1353 Bob.
880 1327 954 1365 pro
993 1312 1132 1351 Plane.
1177 1325 1218 1363 p.
1262 1310 1361 1352 27‘2.
1406 1311 1512 1352 Vell.
1546 1309 1612 1364 Il,
1650 1313 1715 1353 15.
1778 1362 1779 1365 ¹

251 1371 354 1422 App.
387 1369 434 1405 B.
468 1367 514 1405 C.
549 1364 585 1417 I,
618 1365 687 1406 29.
719 1380 806 1418 sqq.

367 1425 554 1462 facere
586 1423 803 1474 debent]
866 1437 957 1462 nam
1000 1437 1137 1462 eorum
1182 1425 1406 1461 etiamtunc
1443 1422 1537 1460 libri
1580 1430 1716 1463 exsta-

255 1484 365 1531 bant,
398 1480 506 1519 unde
539 1479 685 1518 solatia
716 1482 802 1531 peti
841 1486 1029 1533 possent.
1093 1480 1272 1518 Temere
1311 1480 1414 1518 haec
1456 1480 1628 1518 Rathius
1674 1482 1715 1518 in

251 1539 524 1590 suspicionem
555 1538 718 1575 uocauit

367 1593 665 1633 clarissimi
698 1595 800 1631 uiri
835 1606 894 1632 sc.
927 1595 1137 1647 principes
1166 1593 1346 1631 ciuitatis
1379 1593 1713 1631 Atheniensium.

253 1651 419 1700 Bakius,
452 1656 497 1689 ut
526 1663 720 1689 romanae
760 1652 937 1689 ciuitatis
975 1651 1184 1702 principes
1224 1648 1579 1700 intelligerentur,
1621 1650 1715 1687 hac

254 1721 327 1760 pro
360 1707 455 1746 illa
491 1708 683 1746 coniecit.
746 1707 828 1745 Sed
859 1709 1076 1745 notissima
1107 1704 1249 1743 hercle
1274 1712 1370 1744 sunt
1394 1704 1463 1743 illa
1486 1706 1715 1744 Athenien-

255 1767 358 1803 sium
400 1763 610 1816 exempla,
663 1776 765 1815 quae
802 1765 891 1816 ipse
933 1764 1019 1803 Cic.
1064 1762 1116 1801 de
1154 1764 1261 1813 Rep.
1294 1759 1337 1813 I,
1373 1761 1410 1802 3.
1452 1763 1499 1800 ab
1538 1762 1715 1801 Athenis

253 1819 453 1860 translata
493 1821 663 1859 Romam
708 1832 800 1859 esse
839 1820 959 1869 dicit3
1002 1824 1045 1858 et
1075 1819 1127 1857 de
1157 1819 1506 1868 Atheniensibus,
1548 1831 1627 1857 non
1661 1818 1714 1856 de

251 1878 447 1917 Romanis
479 1878 664 1916 Marcum
696 1877 738 1915 h.
769 1876 799 1915 l.
832 1879 1037 1927 cogitasse
1067 1876 1164 1914 inde
1196 1874 1347 1926 elucet,
1381 1874 1489 1926 quod
1518 1888 1598 1913 non
1624 1876 1714 1913 uni-

248 1947 370 1974 uerse
400 1933 672 1986 philosophos
703 1935 903 1984 nominat,
936 1933 1012 1971 sed
1036 1933 1326 1972 Athenienses.
1389 1932 1515 1970 Gzius
1537 1932 1712 1970 coniecit

251 1991 547 2030 clarissimi
579 1992 672 2029 isti
703 1991 826 2039 uiri3
869 1995 983 2029 certe
1021 1989 1110 2028 illi
1153 1990 1235 2028 dici
1277 1990 1479 2041 oportuit3
1516 1987 1590 2026 sed
1630 2001 1711 2026 non

248 2060 351 2101 opus
385 2052 448 2086 est
477 2049 734 2099 pronomine.

365 2106 501 2143 ciuis
543 2104 844 2155 perniciose
885 2101 1187 2154 popularis,
1234 2103 1263 2140 i.
1307 2114 1343 2140 e.
1386 2101 1511 2150 ciuis,
1555 2101 1620 2150 qui
1661 2099 1711 2138 ad

251 2160 380 2212 ipsius
422 2161 599 2199 ciuitatis
638 2160 862 2211 perniciem
906 2157 1045 2210 populi
1094 2158 1301 2195 studiosus
1352 2162 1438 2205 est,
1491 2158 1710 2208 opponitur

249 2217 359 2254 ciui
399 2217 610 2255 innoxie
659 2213 940 2267 populari,
990 2227 1108 2264 quem
1151 2212 1308 2251 Plinius
1352 2218 1471 2251 uocat
1505 2212 1580 2263 Ep.
1623 2208 1710 2262 Vl,

248 2271 316 2313 31.
349 2270 390 2313 3.
450 2272 614 2310 Certum
657 2270 859 2323 quendam
902 2273 1033 2309 uirum
1078 2283 1171 2308 num
1213 2270 1490 2321 spectauerit,
1543 2269 1710 2306 dubium

248 2332 325 2370 est.
387 2328 511 2367 Gzius
540 2328 758 2366 Caesarem
791 2329 875 2378 peti
910 2328 1131 2365 existimat.

364 2384 476 2424 dici
507 2383 794 2435 admodum]
857 2384 1048 2422 lnuersus
1075 2383 1291 2421 uerborum
1318 2380 1418 2419 ordo
1443 2379 1708 2418 admodum

250 2441 371 2491 dici,
406 2454 524 2492 quem
557 2441 687 2481 Gebh.
720 2440 821 2479 ΕΓΗ.
855 2441 951 2479 Sch.
984 2443 1250 2492 receperunt,
1284 2439 1393 2476 omni
1418 2435 1536 2476 codd.
1571 2441 1710 2474 aucto-

249 2499 376 2536 ritate
407 2503 536 2537 caret.
597 2498 748 2537 Uerbis
781 2496 1050 2536 admodum
1082 2501 1123 2535 et
1154 2508 1368 2547 prorsus
1400 2495 1478 2532 ita
1509 2497 1587 2532 est
1617 2505 1707 2532 cum

248 2555 283 2592 is
324 2559 489 2606 utatur,
536 2555 602 2605 qui
646 2553 765 2593 alteri
809 2567 854 2592 se
896 2555 1089 2592 assentiri
1131 2551 1288 2590 indicat
1326 2549 1404 2605 (cf.
1443 2549 1606 2588 Ruhnk.
1657 2549 1708 2600 ad

251 2610 348 2649 Ter.
383 2611 483 2651 [lec.
516 2607 599 2662 III,
632 2610 672 2651 5.
706 2609 746 2650 8.
782 2607 841 2660 ll,
875 2611 912 2651 2.
952 2608 1030 2664 1.),
1064 2610 1243 2648 Marcum
1276 2610 1353 2646 ista
1380 2608 1528 2656 Quinto
1553 2618 1707 2657 suppe-

249 2666 383 2705 ditare
414 2671 545 2719 patet,
578 2672 622 2706 ut
653 2666 704 2706 ad
737 2666 857 2706 aliam
890 2679 976 2705 rem
1008 2668 1143 2719 possit
1186 2666 1378 2703 transire.
1441 2663 1551 2701 Uere
1583 2664 1708 2714 igitur

248 2724 326 2761 iam
361 2723 484 2765 Goer.
526 2723 622 2763 Sch.
661 2724 767 2764 Mos.
810 2724 882 2762 Or.
923 2724 1048 2762 uerba
1087 2724 1144 2761 sic
1185 2721 1507 2769 distribuerunt,
1550 2724 1594 2757 ut
1631 2731 1706 2757 nos

243 2779 443 2830 fecimus3
484 2781 718 2834 superiores
749 2779 919 2837 (Steph.
952 2780 1064 2820 Man.
1096 2780 1194 2819 Dau.
1228 2775 1352 2831 Ern.)
1383 2774 1580 2829 particula
1620 2778 1705 2814 aut
