1781 3192
207 194 267 233 84
775 193 846 232 DE
880 194 1113 232 LEGIBUS

217 307 431 360 proposuit
462 305 590 343 Taso.
624 303 694 353 1V,
731 302 795 344 15.
829 303 897 345 3-1.
932 307 1099 345 uirtus
1131 309 1218 342 est
1250 306 1479 344 affectio
1523 308 1680 345 animi

217 369 466 403 constans
500 361 938 412 conueniensque
961 360 1267 400 laudabiles
1292 362 1556 400 efficiens
1579 375 1682 411 eoS‚

217 423 266 458 in
293 420 478 469 quibus
505 422 604 454 est.
653 416 719 454 Cf.
744 419 864 455 etiam
885 418 976 457 Par.
996 414 1076 468 ΙΙΙ,
1104 419 1135 457 l.
1161 418 1227 458 22.
1280 418 1398 468 Diog.
1427 419 1474 457 L.
1504 418 1593 467 Vll,
1613 418 1682 460 89.

217 476 297 516 Pro
319 473 481 524 uulgato
506 474 723 510 uerborum
748 473 894 512 ordine
917 488 941 524 q
954 488 976 512 u
992 488 1045 512 ae
1069 479 1147 512 est
1175 476 1348 512 uirtus
1369 488 1457 512 cum
1478 476 1622 525 Steph.
1643 481 1684 513 et

215 532 340 570 Bakio
362 530 549 568 reuoeaui
571 529 699 567 huncz
722 543 846 580 quae
868 532 1029 570 uirtus
1053 535 1146 579 est,
1172 533 1264 581 quia
1285 532 1325 568 in
1349 532 1424 581 eis,
1445 544 1548 582 quae
1567 536 1680 570 utro-

217 600 295 639 que
317 585 438 625 modo
464 590 577 625 recte
601 585 805 636 dicuntur,
830 585 956 624 solam
981 588 1168 625 codicum
1193 589 1477 626 auctoritati-m
1505 600 1683 638 sequen-

217 645 307 682 dam
350 643 461 682 duxi.
524 642 762 692 Eademque
803 643 854 681 de
896 657 1016 683 causa
1060 643 1223 681 Bakium
1256 644 1534 695 reprehendo,
1577 643 1683 694 quod

217 707 359 739 contra
397 699 562 738 codices
596 712 739 737 omnes
768 699 920 737 deinde
954 701 1171 738 uerborum
1204 700 1390 738 ordinem
1425 703 1485 738 sic
1524 709 1684 738 mutan-

217 760 311 797 dum
371 770 463 794 esse
512 755 614 792 dixit
660 755 790 806 quod
827 757 1011 794 uitium
1055 761 1150 794 est.
1226 759 1285 797 De
1326 757 1531 796 industria
1572 757 1610 796 h.
1653 756 1684 795 l.

218 816 363 854 Cicero
405 815 569 850 inuerso
611 814 826 850 uerborum
876 813 1020 851 ordine
1069 812 1319 864 (chiasmum
1363 814 1534 866 uocant)
1587 826 1683 850 usus

220 868 526 917 esseauidetur,
566 873 607 906 ut
641 870 801 906 uirtutis
833 874 874 906 et
908 871 994 907 uitii
1026 871 1139 908 notio
1173 871 1298 920 magis
1333 875 1567 908 acueretur.
1621 869 1684 907 Cf.

218 929 269 966 de
310 928 377 965 Or.
420 921 476 975 ΙΙ,
515 924 584 966 72.
619 923 716 964 292.
762 926 802 963 si
842 938 999 963 causa
1042 931 1117 963 est
1158 927 1205 963 in
1249 928 1569 977 argumentis
1606 948 1683 975 -‚

218 986 298 1023 sin
361 987 526 1035 autem
587 983 639 1022 in
679 980 1072 1023 conciliatione
1118 987 1204 1023 aut
1249 986 1298 1023 in
1347 983 1684 1038 permotione

219 1053 376 1080 eausa
407 1042 506 1079 est·

332 1097 365 1146 ξ.
398 1094 469 1136 46.
531 1107 623 1132 sua
656 1098 838 1132 natura
871 1095 1116 1145 probauit
1147 1108 1238 1133 nos
1270 1096 1374 1145 cet.]
1437 1096 1567 1133 Locus
1588 1107 1683 1145 per-

219 1167 333 1204 quam
367 1158 675 1199 controuersus,
709 1152 748 1187 in
782 1164 858 1200 quo
892 1150 1151 1188 emendando
1185 1150 1252 1188 alii
1297 1150 1418 1189 aliter
1455 1156 1550 1189 sunt
1589 1164 1683 1188 uer-

219 1211 313 1249 sati.
361 1208 667 1246 Sententiarum
701 1208 862 1257 quidem
889 1208 1017 1245 series
1041 1208 1141 1244 haee
1163 1213 1240 1244 est.
1293 1208 1345 1245 [t
1370 1221 1530 1244 omnem
1556 1208 1686 1244 hone-

219 1272 369 1306 statem
410 1267 553 1302 natura
586 1263 756 1301 iudicari
790 1268 996 1313 appareat,
1031 1266 1221 1301 uirum-m
1257 1270 1299 1300 et
1338 1265 1479 1301 uitium
1519 1276 1685 1312 compa-

217 1323 345 1362 rando
404 1335 492 1359 cum
550 1322 894 1369 consequentibus
949 1325 989 1356 et
1048 1320 1262 1357 routruriis
1318 1326 1463 1358 natura
1514 1319 1681 1357 iudicari

219 1381 496 1425 demonstrat3
531 1375 652 1425 idque
687 1378 817 1426 ipsum
854 1376 986 1412 denuo
1020 1380 1235 1413 eontirmat
1269 1390 1331 1424 eo,
1367 1376 1473 1427 quod
1512 1378 1684 1413 uirtutes

220 1445 262 1473 et
296 1437 393 1472 uitia
428 1435 476 1471 ab
509 1433 684 1481 ingeniis
716 1433 910 1479 existant,
943 1434 1104 1480 ingenia
1140 1438 1274 1470 autem
1302 1440 1414 1470 certe
1438 1438 1580 1470 natura
1604 1434 1687 1469 sint

221 1490 505 1538 diiudicanda3
539 1501 636 1538 ergo
670 1488 791 1525 etiam
828 1489 1002 1526 uirtutes
1037 1496 1078 1525 et
1119 1490 1240 1536 uitia3
1282 1490 1316 1526 si
1358 1490 1474 1538 haec,
1511 1489 1686 1527 honesta

223 1560 380 1601 quoque
427 1551 469 1583 et
518 1546 665 1596 tuipia.
743 1544 831 1582 Jam
889 1548 976 1594 (quia
1021 1547 1237 1594 ingenia
1283 1548 1521 1584 iuuenum
1566 1547 1685 1583 nimis

224 1607 357 1644 subito
392 1603 625 1642 inferuntur
658 1603 863 1651 uerbaque
896 1615 995 1639 non
1034 1604 1160 1639 item
1200 1603 1257 1640 sic
1296 1603 1385 1639 sere
1425 1609 1686 1653 usurpantur,

222 1667 263 1700 ut
304 1662 499 1709 uerbum,
547 1657 652 1712 quod
703 1658 948 1695 audiendum
993 1659 1066 1707 sit,
1114 1659 1153 1695 iu
1193 1658 1339 1696 eodem
1384 1659 1684 1697 sententiarum

222 1717 437 1769 complexu
467 1717 521 1753 sit
554 1716 730 1765 positum
775 1714 841 1760 (es.
890 1715 1015 1754 Tusc.
1051 1715 1119 1763 lv,
1156 1713 1220 1754 14.
1256 1714 1323 1754 31.
1356 1720 1398 1752 et
1429 1715 1497 1754 32.
1537 1715 1607 1753 Ac.
1636 1714 1685 1764 ll,

220 1778 260 1815 ἶ.
295 1775 359 1815 22.
394 1774 489 1813 Nat.
524 1772 646 1810 Deor.
682 1767 740 1819 ΙΙ,
773 1769 841 1809 24'.
873 1770 940 1811 62.
967 1773 1038 1809 Or.
1073 1769 1143 1819 43,
1183 1770 1303 1820 147),
1336 1776 1494 1822 partem
1528 1774 1684 1808 tantum

220 1829 558 1880 interrogationis
602 1829 738 1866 uerbis
776 1829 984 1876 ingenia
1026 1829 1265 1865 iuuenum
1309 1840 1403 1865 non
1436 1828 1557 1864 item
1589 1839 1687 1863 eon—

222 1890 344 1927 tim-ri
380 1890 507 1938 patet,
541 1890 699 1935 partem
733 1885 974 1922 exstinetam
1009 1897 1123 1931 esse3
1166 1884 1290 1933 idque
1322 1884 1450 1934 magis
1484 1883 1608 1920 etiam
1639 1895 1687 1920 eo

222 1946 499 1991 confirmatur,
534 1941 641 1992 quod
674 1945 716 1978 et
745 1941 1007 1991 probandi
1041 1942 1208 1979 uerbum
1243 1953 1382 1990 parum
1418 1943 1528 1977 recte
1556 1939 1689 1976 reser-

223 2008 289 2041 tur
328 2001 378 2038 ad
423 2000 547 2039 uerba
590 1998 991 2046 inconstantia,
1044 1996 1178 2048 quod
1222 2001 1301 2035 est
1347 1997 1563 2046 uitium,
1613 2008 1689 2033 nec

223 2070 448 2110 pronomen
488 2068 578 2093 nos
620 2054 770 2103 habet,
817 2066 894 2103 quo
938 2060 1170 2091 excusetur.
1241 2054 1353 2091 Scite
1392 2054 1494 2090 haec
1532 2053 1688 2089 incom-

223 2115 343 2154 moda
376 2113 510 2151 onmia
542 2110 682 2148 Madu.
715 2111 754 2146 in
788 2123 926 2159 progr.
962 2123 996 2159 p.
1031 2111 1090 2149 12.
1125 2109 1290 2147 sustulit
1322 2112 1555 2148 coniectura
1588 2108 1686 2145 hac:

223 2170 573 2210 iudicabitur.
644 2167 713 2204 An
762 2167 981 2202 arbores
1031 2170 1119 2202 aut
1173 2163 1345 2202 eculei
1385 2166 1539 2213 (uerius
1581 2164 1689 2202 haud

229 2229 315 2265 scio
344 2238 391 2264 an
426 2223 643 2273 scripseris
676 2222 811 2271 equi)
844 2223 888 2258 in
904 2235 960 2269 ge
976 2223 1111 2259 nium
1139 2222 1181 2268 '³'²')
1216 2227 1404 2260 natura
1443 2222 1688 2271 probabi-

227 2296 348 2332 mus,
381 2280 595 2330 ingenia
629 2281 866 2316 iuuenum
903 2291 998 2315 nou
1027 2280 1148 2315 item
1163 2276 1179 2315 ’ἒ
1194 2281 1259 2322 ’ξ’-Ψ)
1294 2280 1360 2315 Sic
1384 2279 1556 2329 primum
1582 2291 1602 2314 a
1627 2289 1688 2326 re,

227 2352 345 2392 quam
379 2349 520 2377 omnes
549 2337 604 2373 ita
639 2348 730 2371 esse
763 2335 991 2372 eom-edant
1023 2342 1064 2371 et
1096 2348 1213 2383 quam
1248 2347 1368 2386 supra
1401 2333 1443 2385 (Q
1485 2331 1576 2377 45.)
1610 2335 1686 2370 iam

228 2397 385 2446 aufigit,
439 2405 679 2444 progressus
730 2394 896 2430 coniicit
946 2393 1109 2441 ingen-ia
1161 2392 1351 2430 iuuenum
1398 2392 1498 2430 item
1549 2394 1690 2428 natura

321 2530 351 2567 ')
376 2527 573 2561 tollendum
599 2530 654 2560 est
680 2527 847 2559 mendum
879 2526 1085 2569 ingenia
1112 2526 1144 2558 in
1174 2530 1292 2558 annot.
1321 2525 1396 2558 crit.

304 2577 351 2611 '')
377 2573 608 2607 lntetcidisso
634 2578 734 2615 putet
759 2573 793 2606 in
819 2573 896 2605 cod.
927 2573 1025 2604 arch.
1056 2577 1169 2605 totum
1195 2572 1426 2605 uersiculum..
1453 2568 1554 2602 cuius
1583 2567 1689 2599 omit-

226 2622 326 2656 tendi
359 2631 469 2653 causa
506 2619 597 2652 haec
630 2619 712 2658 fuit,
750 2619 842 2661 quod
879 2618 1020 2652 librarii
1043 2619 1168 2651 oculus
1192 2628 1212 2651 a
1240 2618 1349 2649 uerbo
1376 2620 1547 2649 natura
1572 2613 1689 2656 priore.

226 2668 308 2701 locu
361 2666 476 2709 posito
528 2665 570 2696 nd
619 2666 769 2698 uerbum
816 2664 910 2697 idem
959 2665 1073 2696 altero
1113 2665 1193 2696 loco
1237 2663 1453 2694 collocutum
1493 2659 1687 2693 aberrauit.

226 2712 405 2748 Similiter
438 2711 487 2751 11,
522 2712 552 2749 ἒ.
581 2709 613 2742 3⁴).
652 2715 834 2752 pez-ratum
867 2713 922 2741 cst
954 2709 988 2742 in
1027 2710 1095 2743 Gd⁴
1118 2709 1150 2742 2.
1189 2708 1309 2740 uerbis
1345 2707 1553 2739 alteram
1592 2704 1690 2737 loci

227 2757 436 2801 patriani
464 2756 670 2788 omittendis
696 2763 731 2788 et
758 2757 804 2789 ll.
830 2756 858 2798 §.
889 2754 954 2788 16..
981 2755 1041 2787 uhi
1069 2755 1102 2787 in
1127 2755 1205 2786 rod.
1231 2753 1330 2787 arch.
1357 2763 1377 2785 n
1399 2751 1514 2796 priore
1541 2750 1690 2785 ratio-

230 2816 250 2837 n
267 2805 305 2836 is
333 2803 512 2838 uocabulo
541 2801 678 2836 librarii
707 2803 830 2834 oculus
853 2802 1037 2837 abcrruuit
1062 2802 1104 2837 ad
1131 2799 1320 2845 posterius.
