1781 3192
240 189 330 231 262
470 206 474 211 ·
811 193 882 231 DF:
912 193 1143 231 LEGfflUS

359 305 768 355 equitatumque
799 318 858 355 qu
872 303 905 354 i]
966 305 1080 344 Haec
1105 303 1252 343 Orellii
1277 306 1514 344 coniectura
1534 308 1709 346 maxime
1756 340 1757 343 ,

242 362 504 400 confirmatur
523 360 673 398 mendo
698 360 818 398 codd.
846 360 1060 399 meliorum
1083 362 1381 411 equitatem
1405 375 1589 413 cumqu
1605 377 1627 402 e
1649 367 1709 414 ἥ),

242 416 350 468 quod
383 417 438 452 ita
473 422 612 454 natum
649 423 735 466 est,
779 422 821 454 ut
851 417 1005 455 duabus
1038 417 1208 468 syllabis
1251 420 1471 468 postremis
1505 432 1525 456 a
1556 420 1708 470 priori-

241 475 315 511 bus
350 471 565 510 disiunctis
599 472 754 510 librarii
787 475 949 511 inscitia
981 487 1128 511 nouam
1163 475 1385 512 accusatiui
1410 475 1583 513 sormam
1611 488 1711 513 con-

240 530 430 578 fingeret.
490 529 628 566 Minus
658 529 881 580 probabilis
915 536 978 568 est
1001 531 1155 568 Dauisii
1189 531 1423 568 coniectura
1453 534 1710 582 equitem-

241 597 337 635 que
369 585 455 635 qui
487 591 662 636 regat,
706 599 823 636 quam
870 587 917 623 ab
950 587 1144 624 Ernestio
1187 591 1229 623 et
1260 586 1461 636 Wagnero
1501 591 1708 639 receptam

239 642 432 694 probauit
463 641 635 691 Bakius3
679 656 753 692 qua
792 644 965 694 probata
1008 656 1084 681 nec
1125 642 1263 680 mendi
1306 644 1419 694 origo
1459 645 1711 695 perspicitur

240 710 318 736 nec
360 698 574 736 commode
615 700 654 736 in
692 700 769 736 hae
808 699 902 749 lege
946 713 1110 750 eques
1152 699 1300 737 dicitur
1338 713 1411 751 pro
1445 702 1707 751 equitatu.

240 755 430 793 Moserus
465 760 655 793 contorte
687 756 1096 806 equitatumque
1129 757 1170 794 is
1202 757 1285 806 qui
1325 762 1474 807 regat
1510 757 1568 794 ita
1607 769 1708 795 con-

239 812 360 860 iecit,
413 814 458 848 ut
497 812 542 849 is
586 811 635 849 ad
678 811 921 850 dictatorem
970 812 1228 862 referretur3
1278 825 1477 864 peruerse
1527 812 1707 851 Lbinus:

240 868 529 918 equitatum
563 869 863 923 quicumque
904 874 1074 919 regat,
1118 870 1305 907 habeto
1349 871 1558 920 parius
1599 882 1707 907 cum

239 937 298 962 eo
329 928 434 972 cet.;
479 923 657 975 denique
688 924 813 962 latino
849 927 1026 963 sermoni
1060 939 1199 977 parum
1234 927 1532 964 conuenienter
1563 925 1706 977 Steph.

239 981 349 1022 Man.
377 981 500 1021 Goer.
526 982 620 1022 Sch.
647 983 901 1033 scripserunt
930 983 1157 1033 equitem
1195 995 1411 1032 cumque
1435 983 1520 1034 qui
1544 986 1707 1034 regat.

352 1038 688 1089 quicumque]
753 1039 951 1089 Magistro
986 1040 1166 1089 equitum
1200 1038 1309 1077 idem
1337 1040 1436 1077 iuris
1461 1038 1582 1077 datur
1597 1038 1707 1090 quod
1763 1055 1772 1085 χ

240 1096 294 1144 ei,
327 1096 572 1145 quicumque
603 1099 770 1147 praetor
802 1100 887 1145 est,
926 1101 970 1133 ut
1013 1094 1356 1146 quemadmodum
1398 1101 1566 1147 praetor
1607 1109 1706 1134 con·
1763 1124 1765 1131 Α

239 1150 334 1201 suli,
366 1152 423 1189 ita
454 1151 645 1189 dictatori
678 1154 874 1201 magister
913 1154 1094 1203 equitum
1126 1157 1302 1204 pareat..
1343 1151 1464 1190 Nulla
1496 1158 1630 1191 autem
1664 1153 1704 1189 in
1764 1152 1765 1159 ’

238 1209 304 1246 his
345 1209 481 1245 uerbis
523 1209 632 1245 inest
672 1209 917 1257 significatio
955 1210 1138 1258 magistri
1183 1211 1361 1260 equitum
1406 1222 1487 1247 non
1521 1223 1542 1246 a
1574 1208 1705 1246 dicta-

238 1270 330 1303 tore
361 1264 541 1315 dicendi,
575 1264 616 1301 id
650 1264 755 1314 quod
781 1264 936 1302 Orellio
971 1268 1100 1303 uisum
1132 1271 1209 1307 est.
1269 1262 1425 1303 Inscite
1448 1265 1598 1304 Bakius
1629 1278 1704 1318 pro

239 1322 547 1373 quicumque
580 1322 758 1358 coniecit
789 1322 994 1371 quique.

353 1381 433 1414 ast
461 1376 663 1426 quando
695 1389 787 1413 nec
820 1376 1028 1427 consul]
1102 1376 1208 1414 Nolo
1251 1378 1457 1426 exagitare
1500 1377 1703 1428 antiquio-

239 1447 326 1472 rum
351 1434 531 1482 inuenta,
564 1432 762 1469 Manutii:
796 1436 881 1470 ast
904 1432 1109 1482 quando
1143 1445 1241 1471 cos,
1273 1433 1436 1469 iisset
1466 1432 1517 1485 (i.
1541 1444 1576 1471 e.
1606 1446 1703 1483 per-

238 1486 379 1544 iisset)
412 1491 825 1540 magistratusue
862 1487 1077 1540 populi,
1119 1486 1315 1538 reliqui
1358 1490 1703 1539 magistratus

236 1560 299 1586 ne
330 1551 508 1595 sunto;
552 1545 733 1583 Tui-nebi
776 1547 815 1582 in
857 1547 987 1595 primo
1031 1545 1347 1582 commentario:
1387 1549 1468 1582 ast
1499 1543 1704 1595 quando

237 1617 335 1644 cos,
360 1605 510 1641 abest
535 1603 943 1652 magistratusue
974 1600 1172 1654 populi,
1197 1599 1400 1651 reliqui
1424 1602 1704 1652 magistra-

236 1666 316 1700 tus
359 1673 417 1698 ne
458 1664 636 1707 sunto3
681 1658 864 1695 Lambini
906 1660 945 1696 in
989 1659 1087 1699 edit.
1124 1656 1256 1698 1566:
1293 1662 1369 1696 ast
1410 1659 1453 1695 si
1493 1656 1703 1708 quando

237 1715 552 1757 consulatus
586 1720 663 1753 est
694 1716 1111 1764 magistratusue
1141 1712 1347 1766 populi,
1379 1727 1473 1752 nec
1504 1713 1703 1764 reliqui

235 1775 586 1825 magistratus
618 1783 678 1809 ne
711 1775 886 1821 sunto3
931 1771 1170 1810 Gebhardi:
1214 1774 1295 1808 ast
1333 1770 1537 1821 quando
1584 1783 1703 1808 con-

237 1829 319 1870 sul
351 1831 393 1869 is
428 1834 507 1868 est
537 1830 871 1879 magisterue
902 1816 1329 1881 populi‚qeliqui
1362 1830 1703 1878 magistratus

235 1900 299 1926 ne
339 1891 506 1926 sunto.
581 1887 759 1934 Quorum
811 1885 915 1922 nihil
953 1889 1092 1938 potest
1142 1884 1323 1935 probari.
1399 1885 1486 1922 Nec
1533 1885 1702 1936 propius

237 1950 371 1983 tamen
415 1943 463 1981 ad
506 1955 647 1980 uerum
689 1948 953 1980 accesserunt
1004 1947 1071 1980 aut
1112 1941 1298 1979 Dauisius
1341 1938 1457 1994 (ast
1499 1939 1699 1991 quando

236 2001 499 2051 magister
530 2003 614 2037 est
636 1997 835 2050 populi,
866 1998 1115 2037 consules
1139 1996 1402 2048 reliquiue
1424 1999 1700 2049 magistra-

235 2064 317 2096 tus
344 2069 407 2095 ne
440 2053 623 2109 sunto)
663 2060 730 2094 aut
770 2056 944 2093 Rathius
985 2053 1087 2109 (ast
1129 2054 1332 2105 quando
1374 2056 1511 2092 escit
1543 2055 1699 2105 magi-

235 2118 348 2153 ster
378 2111 558 2164 populi
597 2125 685 2149 nec
717 2110 969 2148 consules
1001 2124 1090 2148 nec
1123 2109 1322 2160 reliqui
1354 2112 1698 2161 magistratus

233 2183 294 2208 ne
322 2165 501 2221 sunto)
532 2172 600 2205 aut
630 2167 847 2204 Ernestius
877 2164 983 2219 (ast
1016 2165 1216 2216 quando
1250 2168 1290 2203 is
1325 2170 1409 2203 est
1440 2167 1699 2217 magister

234 2224 451 2279 populi,
499 2224 1173 2274 reliquimagistratusue
1216 2220 1392 2275 sunto)
1446 2227 1514 2260 aut
1553 2223 1697 2272 Gzius,

237 2283 497 2331 Schuetzius,
531 2281 733 2329 Moser-us,
765 2281 829 2330 qui
858 2280 1036 2317 Ernestii
1069 2279 1344 2316 coniecturam
1376 2281 1432 2316 ita
1458 2280 1698 2331 probarunt,

236 2343 279 2378 ut
310 2351 534 2390 pronomen
578 2338 620 2375 is
658 2338 914 2374 omitterent.
988 2335 1094 2384 Quid
1137 2331 1277 2372 enim?
1317 2336 1473 2373 Horum
1516 2336 1698 2374 omnium

235 2397 499 2435 coniecturae
531 2407 609 2432 nec
642 2395 740 2430 satis
773 2393 959 2431 codicum
993 2393 1168 2441 uestigia
1200 2397 1424 2442 sequuntur
1462 2405 1541 2430 nec
1575 2405 1698 2430 uerae

235 2452 284 2490 ad
317 2453 563 2490 sententiam
606 2455 712 2489 sunt.
773 2450 862 2487 Non
904 2451 1012 2487 enim
1054 2462 1194 2487 uerum
1238 2453 1301 2485 est
1344 2448 1546 2487 dictatore
1585 2449 1697 2487 dicto

232 2507 412 2559 reliquos
455 2509 718 2558 magistratus
757 2506 994 2555 abdicasse3
1037 2518 1204 2543 munera
1245 2518 1315 2542 sua
1357 2506 1522 2543 obibant
1564 2505 1697 2544 dicta-

233 2566 334 2604 toris
358 2565 529 2616 imperio
551 2563 736 2602 subiecti.
775 2563 838 2604 Cf,
859 2562 1033 2601 Beckeri
1053 2563 1146 2602 Ant.
1169 2574 1268 2602 rom.
1287 2557 1344 2602 ΙΙ.
1370 2562 1407 2603 2.
1431 2575 1470 2613 p.
1495 2560 1585 2603 165.
1608 2575 1696 2613 sqq.

233 2621 407 2671 Deinde,
442 2621 483 2659 id
515 2619 624 2672 quod
657 2632 755 2658 uere
787 2620 1023 2670 Maduigius
1058 2618 1162 2657 uidit
1203 2619 1242 2656 in
1275 2617 1511 2659 Emendatt.
1552 2632 1592 2671 p.
1623 2617 1694 2670 253,

234 2680 359 2717 uerba
401 2678 641 2729 auspicia
671 2683 873 2729 patrum
915 2680 1073 2716 sunto
1115 2676 1295 2728 separari
1335 2688 1417 2714 non
1458 2680 1635 2727 possunt
1673 2689 1695 2714 a

328 2800 360 2841 “)
390 2799 425 2833 ἰιι
454 2804 572 2834 annot.
600 2800 676 2834 crit.
703 2805 782 2844 post
807 2799 1070 2843 equitatem
1100 2799 1272 2832 omissum
1301 2802 1354 2831 est
1380 2810 1583 2842 cumque.
