1781 3192
226 165 314 206 512
796 163 868 202 DE
898 163 1130 204 LEGIBUS

229 286 352 331 atque
383 290 456 330 pro
492 274 658 315 Cluent.
691 275 771 327 38,
817 275 907 317 105.
949 274 1076 332 (tum
1119 279 1277 317 etiam
1318 275 1406 317 illi
1445 281 1694 332 quinque,

232 338 311 388 qui
344 334 711 384 imperitorum
762 334 1019 373 hominum
1068 333 1395 374 rumusculos
1443 340 1694 389 aucupati

229 402 328 432 tum
369 389 518 428 illum
559 389 932 445 absoluerunt)
974 393 1148 442 flagitari
1192 391 1319 442 dixit,
1354 392 1448 431 addi
1479 405 1561 431 non
1594 407 1694 445 opus

230 453 316 497 est3
352 459 425 498 per
456 460 500 485 se
533 448 640 484 enim
666 446 930 498 intelligitur,
962 450 1075 487 cuius
1101 450 1155 487 sit
1176 448 1433 488 rumusculos
1455 455 1693 502 aucupatus.

231 504 388 544 Deinde
419 502 691 555 popularis
725 506 864 542 ratio
897 518 944 543 ea
975 506 1148 556 dicitur,
1189 518 1293 556 quae
1334 519 1414 545 non
1454 507 1691 546 uniuersum

229 560 460 616 populum*
498 559 573 598 sed
614 573 700 598 eam
744 563 926 599 uniuersi
968 562 1107 614 populi
1150 568 1308 615 partem
1351 568 1533 614 spectat,
1575 577 1692 615 quam

228 632 302 672 pro
334 618 443 656 Sest.
476 615 546 657 53.
586 615 675 657 114.
712 631 808 656 uero
839 618 990 670 populo
1023 621 1228 671 opposuit,
1269 619 1523 670 eandemque
1562 633 1695 673 popu—

227 677 355 714 larem
389 675 588 711 rationem
623 673 846 726 appellauit
877 675 1056 727 ibidem,
1089 689 1297 728 saepeque
1330 676 1535 715 inuidiose
1562 690 1694 729 popu-

226 733 337 772 lares
386 744 456 768 eos
508 732 643 768 uocari
696 736 882 782 constat,
935 734 1001 783 qui
1042 746 1121 771 non
1164 736 1354 772 uniuerso
1393 735 1570 786 popuIO,
1620 734 1696 772 sed

230 787 487 829 multitudini
530 787 700 839 fauent,
742 789 856 827 uelut
892 802 965 840 pro
1004 790 1112 829 sest.
1147 789 1176 829 l.
1208 790 1236 829 l.
1274 792 1381 829 nisi
1413 790 1694 842 popularis

232 859 347 885 esse
380 843 664 885 uoluisset.
698 845 750 884 de
781 847 863 885 Off.
898 843 931 896 l,
964 847 1031 888 25.
1061 846 1128 888 85,
1192 844 1336 899 Itaque
1359 861 1435 886 nec
1458 847 1573 885 Bakii
1598 860 1696 899 pro-

228 902 375 942 babilis
422 905 487 938 est
540 904 771 941 correctio:
815 915 990 941 omues
1040 904 1374 942 rumusculos
1421 903 1694 956 popularis

229 971 388 998 aurae
419 963 744 1011 aucupante,
777 973 854 998 nec
886 972 958 1010 ea,
998 974 1114 1012 quam
1148 966 1243 1012 post
1275 961 1527 1012 Stephanum
1561 962 1695 1000 Gebh.

229 1019 330 1056 Dan.
354 1016 454 1056 Ern.
475 1014 704 1067 W'agnerus
730 1021 1002 1068 receperunt:
1026 1019 1159 1056 omni
1181 1016 1514 1056 rumusculos
1538 1030 1696 1070 popu-

229 1074 369 1113 lares
403 1073 633 1123 ratione,
665 1086 742 1112 nec
776 1087 823 1112 ea
856 1072 1050 1125 denique,
1084 1088 1200 1125 quam
1236 1087 1284 1113 ex
1323 1074 1412 1114 cod.
1446 1075 1696 1113 Memmiano

228 1131 390 1181 recepit
429 1129 605 1167 Lbinus:
649 1132 845 1169 omneis
884 1131 1216 1170 rumusculos
1252 1130 1567 1185 populareis
1615 1144 1698 1170 au-

226 1189 468 1239 cupante
1037 1220 1042 1223 .

343 1242 602 1281 Carbonis
640 1254 698 1281 sc.
742 1242 786 1282 C.
828 1242 982 1294 Papirii
1021 1243 1245 1294 Carbonis,
1292 1244 1444 1281 tribuni
1484 1242 1618 1295 plebis
1659 1256 1696 1281 a.

233 1298 330 1341 623.
392 1299 672 1336 Gracchorum
706 1304 840 1337 aetate
872 1301 973 1337 ciuis
1006 1301 1181 1338 maxime
1213 1299 1436 1338 seditiosus
1470 1305 1512 1338 et
1541 1301 1696 1351 impro-

231 1358 304 1395 bus
337 1352 447 1408 (Cic.
478 1367 550 1404 pro
583 1353 675 1393 Mil.
703 1354 744 1404 3,
776 1355 814 1394 8.
849 1354 899 1391 de
929 1356 1001 1392 Or.
1035 1355 1085 1404 ΙΙ,
1117 1355 1187 1395 40.
1228 1355 1344 1408 170.)
1377 1357 1517 1393 cousul
1543 1370 1576 1396 a.
1600 1354 1695 1396 633.

231 1411 281 1449 ad
314 1411 573 1463 optimatium
607 1416 748 1461 partes
781 1424 824 1448 se
857 1409 1136 1462 applicauerat
1174 1416 1215 1449 et
1255 1412 1299 1451 L.
1343 1412 1498 1461 Opimii·
1536 1423 1698 1449 causam

232 1467 480 1506 defenderat
513 1465 590 1519 (de
622 1467 691 1507 Or.
722 1464 779 1518 Il,
809 1466 878 1507 25.
920 1464 1051 1521 105.).
1102 1466 1239 1505 Nihilo
1264 1470 1397 1506 minus
1421 1480 1441 1504 a
1463 1468 1509 1506 L.
1531 1467 1698 1516 Crasso,

231 1531 328 1564 tunc
361 1523 641 1573 adolescente,
673 1527 888 1562 accusatus
921 1523 974 1562 de
1005 1523 1212 1562 seditione
1236 1525 1475 1563 Gracchana
1506 1528 1548 1562 et
1572 1523 1699 1562 caede

230 1583 278 1620 Ρ.
322 1581 534 1630 Africani,
577 1583 640 1619 eui
681 1584 761 1618 uim
801 1580 991 1619 attulisse
1023 1582 1333 1620 existimabatur
1371 1580 1440 1626 (ad
1481 1581 1595 1619 Fam.
1630 1580 1699 1631 IX,

235 1639 303 1678 21.
332 1638 412 1688 3.),
444 1651 464 1675 a
494 1639 673 1676 iudicum
708 1639 931 1676 seueritate
960 1642 1093 1676 morte
1125 1639 1355 1677 uoluntaria
1385 1650 1430 1676 se
1459 1637 1698 1676 uindicauit.

232 1696 315 1736 Cic.
348 1697 461 1734 Brut.
494 1695 565 1744 27,
600 1694 692 1734 103.
726 1693 794 1743 43,
834 1692 925 1734 159.

346 1753 380 1803 ᾗ.
415 1750 480 1791 36.
544 1752 592 1790 C.
626 1751 789 1789 Caelius
831 1750 981 1789 Caldus
1022 1750 1129 1788 hanc
1167 1749 1302 1802 legem
1340 1750 1438 1790 tulit
1474 1755 1527 1789 tr.
1571 1751 1632 1803 pl.
1661 1765 1697 1788 a.

233 1808 341 1858 6473
384 1809 445 1859 is,
488 1808 611 1846 homo
652 1821 806 1858 nouus,
856 1821 939 1848 cos.
983 1808 1135 1846 deinde
1177 1809 1256 1846 fuit
1294 1822 1328 1846 a.
1361 1807 1457 1849 660.
1493 1820 1582 1846 cum
1625 1807 1699 1848 Cn.

234 1866 416 1906 Domitio
447 1865 708 1904 Aenobarbo.
769 1866 1024 1904 Praenomen
1055 1866 1233 1917 primum
1265 1878 1287 1903 a
1318 1865 1422 1903 Gzio
1461 1866 1698 1903 restitutum

235 1924 384 1962 merito
415 1920 561 1972 reliqui
594 1925 829 1962 tenuerunt.

351 1977 654 2030 doluitque]
725 1979 793 2017 Sic
829 1982 924 2031 post
962 1979 1073 2016 Uict.
1114 1977 1219 2017 Lall.
1270 1978 1506 2016 Ernestium
1553 1979 1699 2016 merito

237 2035 462 2075 secundum
492 2035 613 2074 codd.
638 2034 833 2074 meliores
857 2037 1000 2085 Gzius,
1021 2034 1191 2086 reliqui3
1214 2036 1360 2087 Steph.
1390 2036 1602 2085 nocuitq
1618 2048 1699 2081 ue3

236 2094 349 2134 Man.
388 2092 530 2132 Lamb.
562 2092 660 2132 ΕΠ).
700 2092 845 2143 Wagn.
885 2092 1177 2142 docuitque.
1237 2093 1290 2130 At
1330 2105 1406 2142 qua
1442 2104 1488 2128 re
1527 2091 1700 2131 docuit?

238 2150 402 2188 Euentu
434 2152 563 2199 certe,
595 2161 675 2186 non
708 2150 864 2198 uerbis,
898 2150 930 2185 si
961 2150 1126 2185 omnino
1159 2146 1350 2184 docuisse
1379 2152 1496 2184 recte
1536 2146 1698 2186 dicitur.

238 2207 291 2246 At
320 2204 418 2257 quid
446 2207 532 2242 tum
569 2204 715 2242 uerba:
750 2203 916 2254 quoad
949 2201 1111 2241 uixit?
1153 2199 1268 2240 Idem
1307 2202 1373 2241 lein
1412 2204 1499 2241 eius
1540 2202 1702 2241 ualebat

239 2267 335 2315 post
366 2262 452 2299 eius
483 2265 674 2301 mortem.
734 2261 830 2299 Mox
862 2265 972 2299 certa
1004 2264 1068 2298 est
1099 2272 1146 2297 ex
1187 2261 1390 2297 uariorum
1430 2260 1700 2297 correctioni-

241 2323 315 2357 bus
340 2318 514 2357 conflata
537 2318 739 2369 scriptura
770 2317 898 2355 haec:
931 2330 1008 2366 se,
1040 2320 1094 2354 ut
1125 2317 1462 2367 opprimeret
1482 2315 1530 2353 G.
1550 2315 1701 2366 Popi-

239 2376 371 2414 lium
401 2375 648 2413 nocuisse
679 2375 757 2412 rei
786 2371 1054 2425 publicae3
1089 2386 1205 2424 quam
1231 2373 1512 2410 confirmatam
1540 2372 1700 2410 mendis

241 2432 361 2472 codd.
395 2429 609 2470 meliorum
642 2430 738 2468 inde
768 2445 789 2469 a
811 2431 913 2469 Gzio
951 2442 1094 2469 omnes
1123 2431 1363 2482 probarunt.
1422 2429 1601 2467 Lbinus:
1628 2441 1701 2478 se,

242 2493 295 2527 ut
343 2501 484 2540 oppr.
526 2510 581 2516 --
617 2489 869 2527 nocuisse
920 2489 1077 2526 etiam
1115 2488 1194 2524 rei
1233 2484 1517 2538 publicae;
1567 2486 1700 2524 Gebh.

239 2544 655 2595 Ern..wagnerus:
703 2557 788 2596 se,
840 2549 892 2583 ut
938 2557 1078 2597 oppr.
1127 2565 1182 2572 -
1227 2544 1478 2582 nocuisse
1523 2547 1575 2582 et
1623 2543 1701 2582 rei

233 2599 498 2655 publicae.

354 2657 402 2696 C.
435 2653 624 2708 Popilius
658 2656 835 2707 Laenas,
866 2655 1025 2708 legatus
1055 2655 1103 2694 L.
1137 2654 1268 2694 Cassii
1302 2652 1505 2706 consulis,
1537 2668 1629 2695 cum
1659 2660 1702 2694 et

241 2727 326 2753 cos.
366 2719 408 2752 et
431 2713 476 2753 L.
512 2713 610 2751 Piso
643 2711 804 2764 legatus
837 2726 923 2752 cum
958 2714 1111 2750 maiore
1145 2714 1346 2751 exercitus
1375 2717 1495 2763 parte
1527 2727 1549 2751 a
1572 2713 1700 2764 Tigu-

236 2771 339 2808 rinis
381 2783 415 2811 a.
448 2768 546 2811 547.
591 2770 836 2809 interfectus
879 2774 1015 2819 esset,
1058 2782 1147 2808 cum
1189 2770 1309 2808 hoste
1349 2775 1494 2820 pactus
1537 2774 1624 2819 est,
1659 2774 1701 2808 ut
