1781 3192
438 202 596 240 mmm
631 199 888 239 '1‘1‹1!k'l‘!1³S.
941 196 1041 237 CM).
1077 196 1143 235 ΙΧ.
1439 190 1525 228 2:315

64 316 215 369 gularis
247 317 424 354 uirorum
458 315 569 352 notio
601 311 749 351 elucet.
815 310 934 348 Unde
968 312 1027 360 fit,
1070 314 1113 347 ut
1154 306 1292 346 addito
1329 303 1528 343 numerali

67 386 232 425 semper
271 370 572 410 substantiuu'm
616 368 813 423 addatur,
861 373 903 406 ut
943 382 1016 420 pro
1059 367 1169 404 Scst.
1208 363 1279 413 19,
1320 360 1372 402 4-1
1419 374 1526 400 cum

68 430 256 469 multis
287 430 435 466 bouis
471 428 603 465 uiris
645 423 1019 463 concidissem.
1064 422 1110 460 ad
1153 415 1345 469 Att.11,
1392 416 1530 458 1.1().

70 501 123 525 ea
154 485 306 537 plaga
338 497 508 521 nonne
545 481 598 520 ad
635 480 829 519 multos
864 483 1028 518 bonos
1073 482 1218 516 uiros
1259 471 1529 528 pertinet?

71 545 124 583 At
154 541 202 579 ad
237 543 373 588 Quint.
407 541 473 579 Fr.
509 540 538 578 Ι.
571 551 636 590 ep.
677 539 706 577 l.
743 551 778 576 c.
812 537 876 587 14,
908 536 974 577 41.
1009 549 1183 574 omnes
1219 533 1334 572 boni
1360 555 1408 559 —
1436 543 1531 569 om-

72 612 160 638 nes
191 597 429 647 improbi.

184 653 261 691 Ti.
293 653 572 700 Gracchus,
606 651 672 700 qni
705 655 756 688 tr.
789 649 843 700 pl.
879 650 955 687 suit
988 663 1024 687 a.
1058 649 1157 696 (5⁸21,
1191 648 1229 684 in
1265 646 1406 696 primis
1439 641 1531 692 lege

70 710 226 759 agraria
267 707 375 759 plebi
420 715 559 746 contra
602 708 826 758 optimates
867 705 1127 745 consulturus
1171 703 1246 740 suit
1283 707 1324 738 et
1358 700 1531 737 Octauio

71 764 254 815 collegae
287 765 560 802 intercedenti
597 768 846 814 potestatem
888 763 1112 813 abrogauit.
1175 759 1264 796 Liu.
1310 757 1422 808 Epit.
1465 756 1532 795 55.

72 824 177 873 App.
209 822 251 860 B.
285 821 330 859 (3.
369 817 400 869 l,
434 819 470 860 9.
509 820 574 860 11.
610 818 716 858 l’lut.
750 820 843 857 Tib.
887 819 1062 857 Gracch.
1101 831 1136 855 c.
1178 814 1218 855 S.
1259 812 1299 854 9.
1343 813 1394 851 de
1436 813 1536 850 Har.

73 879 196 930 Resp.
230 876 298 927 43,
338 877 426 916 1023.
462 878 508 915 1).
534 877 681 914 Brutus
715 882 756 914 et
788 875 830 915 Ρ.
857 876 993 926 Scipio
1024 886 1129 912 coss·
1163 872 1330 910 suerunt
1361 883 1397 907 a.
1430 868 1535 915 (3163

73 947 173 985 quos
214 934 262 973 C.
304 934 509 971 Curiatius
553 938 601 972 tr.
645 932 702 983 pl.
742 933 781 969 in
826 944 1030 970 carcerem
1073 929 1270 977 coniecit,
1311 925 1416 977 quod
1458 936 1537 961 non

73 991 330 1043 impetrauit,
366 994 408 1027 ut
440 990 516 1027 sibi
546 989 674 1026 denos
706 1001 807 1038 quos
837 987 966 1026 uellet
1001 985 1152 1025 milites
1195 985 1405 1022 eximeret.
1448 981 1538 1018 Liu-

74 1048 187 1099 Epit.
221 1047 287 1086 55.
353 1045 470 1094 Quod
504 1048 537 1082 si
571 1046 747 1094 Quintus
788 1045 831 1083 h.
863 1043 892 1082 l.
937 1049 1061 1093 negat
1101 1047 1196 1079 ante
1235 1041 1384 1077 sac-tum
1428 1048 1539 1085 esse,

75 1105 271 1143 memoria
305 1101 386 1140 labi
419 1102 625 1154 putandus
658 1106 744 1149 est3
784 1113 864 1138 non
903 1101 1010 1137 enim
1053 1097 1184 1135 solum
1228 1098 1404 1134 minutos
1445 1105 1540 1131 esse

74 1160 184 1210 idem
220 1160 407 1196 tribunos
441 1163 535 1194 ante
566 1156 741 1207 legimus
775 1156 880 1207 apud
917 1157 1003 1193 Liu.
1038 1151 1116 1203 IV,
1144 1152 1214 1193 26.
1247 1148 1305 1201 II,
1337 1150 1429 1199 56.,
1469 1147 1542 1186 sed

78 1219 200 1254 etiam
234 1215 385 1252 sactum
420 1226 513 1251 esse
544 1215 582 1250 in
617 1211 781 1250 delectu
814 1211 1004 1250 habendo
1033 1224 1069 1249 a.
1102 1209 1201 1259 603,
1233 1220 1280 1245 ex
1312 1207 1400 1245 Liu.
1428 1205 1540 1256 Epit.

76 1272 146 1313 48.
186 1271 390 1309 nouimus.
458 1269 560 1307 Nam
608 1281 684 1306 nec
733 1273 847 1306 recte
894 1281 983 1306 cum
1037 1267 1220 1306 Manutio
1268 1261 1542 1301 affirmaueris

78 1329 257 1368 oratorie
289 1325 348 1376 id,
380 1325 489 1377 quod
519 1337 688 1377 perraro
721 1325 872 1363 sactum
908 1326 978 1374 sit,
1010 1336 1229 1373 numquam
1264 1321 1416 1357 sactum
1444 1317 1541 1367 dici,

79 1398 156 1422 nec
195 1381 416 1434 probabilis
456 1386 521 1419 est
552 1387 622 1419 aut
652 1380 843 1431 Wagneri
885 1382 1120 1418 coniectura
1163 1382 1204 1417 et
1246 1375 1379 1428 qnod
1422 1379 1544 1412 ante

80 1440 276 1477 sactum
304 1450 402 1475 non
438 1442 581 1487 erat,
615 1437 658 1476 G.
689 1437 962 1474 Gracchus
994 1441 1075 1475 cet.
1110 1440 1178 1472 aut
1202 1433 1314 1471 Bakii
1347 1432 1544 1482 suspicio,

80 1496 143 1534 cui
181 1496 302 1532 uerba
335 1492 470 1543 qnod
502 1499 628 1530 ante
660 1493 855 1530 sactum
890 1506 982 1530 non
1017 1496 1130 1530 erat
1170 1488 1419 1540 interpolata
1452 1498 1546 1525 esse

84 1551 294 1600 uidentur,
327 1551 424 1600 quia
457 1554 537 1587 tam
572 1548 763 1600 languida
795 1551 893 1597 sint,
924 1554 969 1586 ut
999 1549 1242 1586 concitatam
1277 1546 1415 1594 Quinti
1460 1543 1547 1581 dis-

81 1609 333 1659 putationem
360 1619 527 1657 prorsus
549 1609 825 1658 corrumpant.
868 1605 972 1643 Mihi
993 1617 1090 1642 uero
1108 1604 1156 1641 ad
1179 1601 1437 1640 insolentiam
1459 1601 1548 1637 eius

81 1664 277 1702 facinoris
304 1662 523 1699 notandam
548 1661 741 1700 uidentur
765 1661 903 1699 addita
926 1674 1038 1709 essc3
1069 1674 1145 1712 quo
1171 1657 1293 1697 simul
1315 1658 1391 1695 hoc
1414 1657 1548 1694 effici-

83 1726 162 1771 tur,
187 1724 230 1758 nt
250 1720 372 1757 etiam
398 1719 463 1758 Ti.
489 1718 662 1756 Gracchi
683 1720 721 1756 in
746 1719 952 1756 tribunatu
983 1718 1147 1756 audacia
1177 1717 1307 1766 magis
1336 1719 1547 1764 augeatur.

196 1781 371 1824 ruinis
404 1791 454 1823 et
483 1786 552 1822 iis
579 1786 727 1837 sicis]
788 1786 866 1824 Pro
899 1798 973 1836 eo,
1014 1783 1119 1836 quod
1154 1782 1272 1823 codd.
1307 1793 1449 1820 omnes
1483 1785 1548 1817 te-

82 1847 200 1894 nent,
230 1842 422 1892 ruinis,
455 1840 508 1879 de
540 1842 722 1880 'l'urnebi
755 1844 990 1880 coniectura
1030 1841 1126 1879 inde
1165 1853 1187 1877 a
1226 1840 1354 1877 Lbino
1395 1837 1550 1874 editum

85 1906 151 1939 est
181 1913 233 1937 ru
250 1901 352 1948 nis,
386 1897 491 1948 quod
518 1897 589 1936 teli
617 1899 816 1949 quoddam
842 1911 969 1949 genus
994 1899 1125 1936 fuisse
1147 1901 1290 1934 auctor
1312 1899 1376 1932 est
1397 1894 1549 1931 Festus

83 1971 123 2009 p.
164 1954 255 1996 133.
316 1954 401 1993 Sed
434 1955 586 2005 ruinas,
620 1957 766 2006 quibus
790 1957 850 1993 rei
874 1954 1060 2006 publicae
1085 1958 1235 1991 statum
1260 1954 1549 1998 commutaret,

85 2014 134 2053 0.
166 2012 394 2050 Gracchum
425 2016 478 2049 tr.
509 2011 565 2062 pl.
600 2025 636 2050 a.
667 2011 767 2052 631.
801 2011 999 2061 edidisse,
1031 2011 1120 2061 quis
1151 2016 1291 2059 neget,
1326 2007 1391 2058 qui
1421 2018 1549 2056 quan-

85 2076 150 2108 tas
183 2069 332 2107 fecerit
363 2070 651 2105 contentiones
684 2069 938 2119 cognouerit,
972 2073 1016 2106 ut
1039 2067 1294 2118 optimatium
1321 2063 1549 2115 potentiam

85 2127 300 2176 frangeret
346 2122 561 2175 plebisque
610 2126 699 2162 iura
749 2127 931 2174 angeret.
1002 2125 1116 2173 Quae
1164 2123 1241 2159 etsi
1288 2132 1364 2157 nec
1412 2124 1551 2157 tantae

86 2187 219 2231 erant,
251 2186 295 2219 ut
323 2181 456 2219 omnis
487 2180 547 2217 rei
584 2179 773 2232 publicae
805 2185 935 2217 status
967 2185 1083 2217 recte
1117 2179 1164 2215 ab
1208 2190 1256 2214 eo
1302 2175 1382 2213 dici
1420 2175 1552 2226 possit

86 2243 345 2290 permutatus
387 2249 483 2274 esse
524 2239 568 2274 et
608 2249 710 2287 quae
747 2235 858 2288 plebi
899 2237 947 2274 ab
981 2248 1029 2274 eo
1062 2237 1149 2272 iura
1181 2238 1299 2271 erant
1329 2231 1551 2280 uindicata,

88 2305 227 2331 rursus
255 2291 391 2329 eidem
424 2297 567 2342 erepta
602 2299 720 2331 sunt:
758 2298 895 2330 tamen
937 2292 985 2329 ad
1031 2298 1195 2342 tempus
1237 2294 1348 2326 certe
1383 2300 1552 2339 permu-

90 2354 201 2388 tatus
241 2349 301 2384 rei
344 2346 531 2398 publicae
573 2354 704 2386 status
747 2348 910 2386 durauit
949 2360 1027 2385 nec
1065 2348 1193 2397 magis
1226 2347 1415 2383 ueritatis
1449 2345 1551 2380 {ines

90 2416 282 2456 egressus
321 2409 385 2440 est
424 2403 564 2440 Caium
610 2404 851 2442 affirmando
890 2417 1050 2442 omnem
1102 2405 1189 2454 reip
1258 2407 1407 2438 statum
1455 2412 1551 2450 per-

91 2467 289 2510 mutasse,
322 2473 440 2510 quam
472 2472 663 2510 egressus
697 2466 761 2498 est
793 2461 1004 2498 Tiberium
1044 2461 1252 2498 affirmans
1292 2455 1394 2494 nihil
1429 2455 1551 2507 plane

91 2519 192 2557 iuris
251 2517 515 2568 optimatibus
570 2516 801 2567 reliquisse.
878 2518 964 2556 Nec
1014 2519 1181 2555 ruinis
1235 2526 1315 2552 non
1368 2515 1553 2551 firmatur

90 2572 429 2628 permutandi
463 2573 604 2622 uerbo,
638 2573 746 2623 quod
777 2575 985 2624 sequitur3
1014 2586 1086 2624 pro
1119 2585 1195 2623 quo
1225 2584 1313 2610 cum
1343 2569 1551 2619 Maduigio

91 2631 269 2686 (Opusc.
303 2625 334 2667 I.
369 2643 410 2682 p.
440 2626 563 2683 471.)
597 2635 639 2667 et
671 2630 796 2668 Bakio
835 2631 927 2668 sine
968 2628 1050 2668 ulla
1089 2628 1207 2668 codd.
1241 2628 1483 2666 auctoritate
1505 2622 1553 2676 ὐέ)

142 2753 218 2832 11⁸)
244 2762 326 2831 utam
368 2753 443 2785 cod.
472 2752 535 2786 Ox.
566 2753 610 2785 E.
641 2751 701 2794 qui
725 2752 824 2785 solus
849 2748 961 2785 habet
985 2751 1325 2795 pertun-bauit‚
1354 2747 1551 2783 auctoritas

92 2811 140 2834 nu
171 2809 192 2833 a
217 2809 256 2832 es
274 2822 282 2831 .
