1743 3202
615 213 903 247 PRAEFATIO.
1449 211 1490 243 Ll

139 323 175 368 §.
214 317 392 359 19—22.
429 318 656 368 uituperat3
693 315 915 354 utilitatem
949 319 990 353 et
1012 315 1305 353 necessitatem
1328 312 1491 352 Marcus

138 385 327 425 defendit
355 388 387 433 §.
415 382 596 425 23—26.

31 454 93 494 14).
133 453 183 493 de
225 454 415 506 auspiciis
455 457 497 490 et
532 449 693 489 iudiciis
734 450 920 487 omnibus
977 448 1282 500 magistratibus
1330 448 1491 487 dandis.

83 532 88 538 ·
138 526 175 571 §.
213 520 276 562 10.
335 522 371 569 §.
404 519 474 559 27.

30 588 98 628 11.
141 588 192 627 de
221 591 365 626 senatu
398 599 447 625 ex
478 585 786 637 magistratibus
820 582 1016 635 legend0,
1046 583 1099 621 de
1131 584 1218 622 eius
1251 584 1491 622 auctoritate

140 659 181 693 et
211 653 427 705 dignitate.
472 656 504 703 §.
542 652 607 693 10.
667 657 701 701 ᾗ.
735 652 919 693 2723‘2.

31 721 95 762 1¹2.
139 721 191 759 de
231 722 434 772 suffragiis
470 720 622 773 populo
662 720 829 771 liberis,
869 718 1135 771 optimatibus
1175 720 1299 757 notis.
1360 720 1394 764 §·
1433 716 1493 756 10.

140 790 229 837 Quo
260 789 300 826 in
333 800 485 838 genere
515 788 679 827 Marcus
711 802 731 825 a
764 788 916 837 Quinto
958 785 1208 823 dissentiens
1240 784 1391 837 populo
1431 789 1494 822 ta—

138 854 287 893 bellam
319 856 376 893 ita
406 855 614 907 concedit,
649 861 693 893 ut
724 856 878 907 optimo
907 854 1050 904 cuique
1081 852 1277 891 offeratur
1307 865 1384 889 nec
1410 850 1494 889 ullo

139 922 261 960 modo
291 922 524 973 suffragium
558 921 796 961 occultetur.
846 926 880 969 §.
913 918 1101 961 33-39.

30 988 91 1028 13.
137 988 187 1026 (16
221 993 430 1040 potestate
461 1003 550 1028 cum
573 989 740 1042 populo,
771 988 910 1040 plebe,
945 989 1131 1040 patribus
1167 987 1317 1039 agendi
1361 986 1495 1037 deque

138 1055 340 1093 modestia
372 1056 422 1093 ad
452 1069 537 1094 eam
573 1070 661 1094 rem
696 1055 946 1094 adhibenda.
997 1058 1030 1103 §.
1065 1054 1129 1095 10.
1190 1058 1224 1101 §.
1255 1054 1325 1095 40.

28 1119 89 1161 14.
136 1119 187 1158 (16
220 1126 455 1160 senatorum
486 1124 647 1162 officiis.
699 1128 735 1169 ᾗ.
769 1122 833 1161 11.
895 1126 930 1170 §.
966 1121 1032 1162 40.
1066 1120 1132 1161 4⁷1.

30 1188 94 1229 15.
133 1187 183 1226 de
215 1189 254 1225 ui
293 1202 314 1225 a
342 1188 483 1241 populi
516 1189 692 1227 comitiis
725 1193 766 1226 et
798 1189 1062 1226 concionibus
1107 1187 1333 1226 amouenda
1372 1193 1413 1225 et
1443 1188 1495 1225 de

134 1257 448 1296 intercessione.
501 1260 535 1305 §-
572 1257 637 1297 11.
699 1260 735 1303 §.
768 1254 835 1296 4'2.
868 1254 940 1295 43.

30 1322 94 1365 16.
135 1323 185 1361 (16
216 1325 475 1362 comitiorum
511 1338 532 1362 a
561 1325 803 1375 magistratu
834 1321 1114 1360 habendorum
1150 1324 1321 1362 ratione.
1359 1328 1395 1370 ἢ.
1431 1323 1496 1361 11.

139 1394 176 1438 §.
207 1388 278 1430 43.

30 1457 96 1497 17.
136 1456 187 1495 de
217 1457 446 1510 priuilegiis
487 1473 568 1498 non
608 1457 839 1510 irrogandis
880 1458 1012 1510 deque
1051 1459 1202 1510 capitis
1232 1457 1384 1496 iudicio
1414 1470 1495 1495 nou

138 1525 218 1563 nisi
247 1538 324 1577 per
355 1529 582 1566 centuriata
622 1527 790 1564 comitia
820 1525 1012 1564 habendo
1059 1528 1096 1575 ὃ.
1129 1525 1194 1566 11.
1255 1531 1291 1575 §.
1323 1524 1396 1565 4-1.
1426 1524 1497 1566 4'5.

31 1591 92 1632 18.
140 1591 192 1631 de
224 1592 341 1632 donis
372 1607 506 1645 neque
538 1593 747 1646 capiendis
786 1605 921 1644 neque
960 1592 1117 1632 dandis.
1162 1595 1196 1641 ἕ.
1235 1594 1297 1635 11.
1358 1597 1394 1642 §.
1427 1592 1497 1633 46.

29 1657 96 1700 19.
139 1659 192 1698 de
223 1659 361 1711 legum
396 1661 600 1700 custodia.
648 1664 685 1709 ἕ.
725 1661 788 1700 11.
850 1664 886 1709 §.
918 1659 986 1702 -16,
1020 1659 1085 1700 47.

170 1727 284 1778 Lege
315 1730 488 1767 recitata
521 1729 674 1778 Quinto
704 1740 792 1766 eam
823 1740 957 1780 paene
995 1741 1189 1767 romanae
1224 1741 1316 1767 esse
1347 1730 1497 1768 ciuita-

27 1795 81 1832 tis
123 1792 275 1832 dicenti
312 1802 426 1834 recte
463 1796 507 1834 id
547 1808 640 1834 eum
676 1795 1020 1834 animaduertisse
1062 1796 1290 1848 respondet
1332 1810 1410 1836 nec
1450 1798 1493 1836 id

29 1861 146 1901 aliter
193 1863 282 1900 fieri
326 1865 534 1914 potuisse,
596 1864 788 1915 quoniam
833 1862 949 1914 leges
999 1864 1078 1902 sibi
1124 1864 1496 1903 accommodandae

28 1930 182 1967 fuerint
210 1929 260 1967 ad
290 1921 355 1967 rei
382 1929 567 1981 publicae
596 1931 771 1968 sormam
804 1944 826 1969 a
855 1931 1049 1982 Scipione
1090 1933 1303 1983 probatam
1346 1938 1388 1970 et
1430 1946 1496 1971 sa-

29 1997 296 2049 pientissime
334 1998 413 2035 iam
457 2011 501 2035 ac
539 1998 875 2036 moderatissime
909 2011 930 2035 a
961 1999 1181 2036 maioribus
1214 2002 1496 2050 constitutam,

30 2076 132 2114 quae
165 2064 275 2102 effici
304 2077 384 2102 non
415 2067 636 2116 potuisset,
669 2067 748 2103 nisi
772 2064 842 2102 tali
869 2064 1148 2117 descriptione
1173 2070 1497 2119 magistratuum.

28 2134 64 2180 ἕ.
100 2130 161 2171 12.
224 2130 332 2170 Tum
369 2134 504 2172 Attico
543 2134 731 2184 roganti,
772 2137 840 2183 ut,
883 2134 1028 2182 quibus
1073 2134 1124 2172 de
1163 2137 1294 2173 causis
1324 2137 1498 2174 maxime

28 2199 109 2236 ista
140 2192 365 2252 descriptio
393 2199 578 2253 placeat,
613 2201 823 2252 disputet,
857 2202 1110 2252 obsequitur.
1172 2202 1254 2241 Sed
1286 2216 1374 2242 cum
1406 2202 1499 2255 ple—

28 2278 151 2317 raque
182 2267 261 2304 iam
295 2266 403 2306 dicta
427 2270 509 2307 sint
534 2271 574 2307 in
596 2267 681 2307 illis
711 2268 761 2307 de
783 2281 829 2307 re
850 2268 1014 2321 publica
1036 2270 1169 2322 libris,
1204 2284 1251 2310 ea
1273 2284 1317 2310 se
1338 2276 1494 2310 tantum

30 2338 310 2373 enarraturum
345 2349 438 2375 esse
472 2337 587 2387 dicit,
620 2349 724 2387 quae
754 2337 872 2375 huius
904 2337 984 2377 loci
1015 2340 1183 2392 propria
1207 2352 1302 2378 esse
1327 2340 1497 2379 uidean-

28 2407 118 2452 tur,
150 2416 173 2440 a
203 2403 499 2456 Theophrasto
529 2405 708 2456 primum
740 2407 951 2458 quaesita,
994 2407 1148 2447 deinde
1180 2423 1201 2447 a
1228 2407 1416 2460 Diogene
1458 2414 1500 2447 et

27 2468 133 2520 aliis,
165 2471 208 2508 in
237 2472 381 2523 primis
404 2472 663 2511 Academicis
693 2476 734 2511 et
752 2472 1059 2527 Peripateticis.
1092 2479 1127 2526 §.
1152 2475 1308 2517 13014'.
1359 2478 1494 2526 Quae-

31 2538 153 2577 situm
198 2539 324 2590 igitur
356 2541 403 2578 ab
435 2538 519 2578 illis
550 2553 668 2592 esse,
707 2539 946 2593 placeretne
981 2557 1103 2583 unum
1136 2557 1230 2585 esse
1260 2546 1301 2582 in
1332 2546 1500 2584 ciuitate

28 2608 328 2660 magistratum,
363 2610 427 2647 cui
458 2608 607 2660 reliqui
636 2614 845 2662 parerent,
877 2611 1005 2664 idque
1025 2611 1231 2666 placuisse
1258 2615 1498 2664 maioribus,

29 2675 95 2725 qui
133 2688 230 2728 rege
274 2678 358 2716 sint
399 2679 478 2717 usi.
540 2676 623 2716 Sed
662 2690 761 2730 rege
800 2678 958 2719 sublato
989 2694 1077 2721 rem
1111 2681 1284 2721 eandem
1314 2694 1432 2733 esse,
1466 2683 1498 2719 si

32 2753 134 2782 unus
168 2746 353 2785 omnibus
382 2745 551 2797 reliquis
575 2747 882 2799 magistratibus
903 2750 1095 2803 imperet.
1156 2752 1290 2801 Quare
1317 2765 1393 2791 nec
1419 2751 1499 2789 La-
