1781 3192
239 192 330 230 1921
814 190 881 228 DF:
914 192 1147 231 LEGlBUS

251 308 379 346 tatis
411 304 598 355 gradus
632 314 726 340 non
767 303 1021 353 habebat,
1064 318 1161 343 non
1206 308 1429 343 tenebat
1471 315 1707 348 ornatum

254 376 391 402 suum
425 361 638 399 ciuitas.
699 359 826 409 Seyff.
860 359 910 398 ad
940 360 1047 399 Lael.
1083 360 1123 411 9,
1156 359 1226 401 29.

367 416 554 466 incidi]
618 415 778 464 Demi,
812 415 918 466 quod
950 416 1156 469 plerisque
1185 416 1352 468 placuit,
1385 431 1508 469 praua
1533 425 1597 458 est
1619 433 1710 458 cor-

256 478 383 514 rectio
415 472 520 513 codd
570 472 660 510 dett
686 487 696 520 3
730 473 843 510 cuius
875 474 934 511 rei
967 473 1254 512 documentum
1279 476 1489 525 estipsum
1517 476 1710 515 mendum

252 532 378 570 inde
418 533 458 568 in
497 529 643 568 iisdem
686 534 909 568 seruatum.
970 531 1191 568 Meliorum
1232 529 1394 580 quidem
1435 531 1551 572 codd.
1593 546 1712 570 men-

253 589 348 626 dum
391 586 503 625 indi
543 586 593 624 ad
634 586 907 623 coniecturam
948 586 1061 625 ducit
1095 600 1116 624 a
1149 587 1331 624 Manutio
1370 592 1566 627 tentatam
1609 595 1652 626 et
1691 603 1712 627 a

251 646 401 694 Lbino,
428 643 647 693 VVagnero,
681 641 804 679 Bakio
836 644 1069 693 probatam3
1112 642 1235 693 idque
1268 645 1353 693 ipsa
1385 647 1509 682 uerba
1549 658 1711 696 graeca,

253 715 397 765 quibus
432 711 542 751 Plut.
583 714 625 747 et
664 709 877 760 chrysost.
910 710 939 750 l.
972 710 1000 749 l.
1044 715 1209 748 utuntur
1249 696 1712 759 (ἇποτέμνεῑν-ἐκ-

254 770 516 827 τέμνων),
557 776 790 815 luculenter
822 778 1075 817 confirmant.
1137 778 1290 817 Schcff.
1327 783 1368 817 et
1390 778 1516 819 Goer.
1540 780 1711 819 scindi

255 839 537 876 coniecerunt.
603 834 920 872 Timotheus
962 834 1174 884 Milesius,
1224 838 1345 887 poeta
1393 835 1712 887 dithyrambicus

254 908 299 932 ac
331 895 526 946 tragicus,
561 892 662 929 uixit
693 889 853 941 Olymp.
886 888 955 941 95,
989 896 1123 930 aetate
1157 891 1338 930 Socratis
1367 897 1408 929 et
1438 892 1661 943 Euripidis.

362 962 520 1005 XVI.
580 959 611 1010 Q.
642 957 712 999 40.
774 959 979 1010 optimi]
1041 960 1184 997 Parum
1217 958 1501 1011 probabiliter,
1543 964 1587 998 ut
1618 965 1712 998 ante

250 1017 426 1055 Rathius
466 1015 676 1065 uoluerat,
716 1028 764 1052 ex
795 1014 915 1054 codd.
960 1015 1041 1054 AB
1070 1014 1224 1056 11.65.
1262 1029 1386 1067 saepe
1423 1014 1504 1055 illis
1547 1017 1712 1068 quidem

251 1076 450 1112 correctis
482 1072 628 1111 Bakius
656 1072 851 1123 optima
884 1073 1065 1123 scripsit,
1097 1073 1189 1123 quia
1221 1071 1328 1110 idem
1360 1074 1400 1110 in
1433 1072 1526 1124 Iege
1559 1079 1684 1112 esset.

363 1140 425 1179 de
456 1154 548 1192 quo
577 1139 677 1190 eet.]
739 1138 988 1178 Pronomine
1024 1138 1145 1178 relat.
1178 1141 1349 1189 primum
1381 1154 1447 1179 res
1478 1139 1711 1191 generalius

254 1197 475 1247 indicatur,
506 1210 607 1248 quae
640 1194 791 1234 deinde
826 1195 1061 1235 distinctius
1089 1195 1318 1246 explicatur
1359 1198 1566 1235 sententia
1599 1196 1710 1234 rela-

249 1255 357 1292 tiua:
409 1266 530 1304 quas
579 1253 914 1305 potissimum
963 1251 1265 1303 religiones
1318 1258 1583 1292 tenerent.
1647 1252 1710 1292 cf.

249 1310 331 1349 Cic.
362 1306 487 1349 Verr.
512 1309 543 1359 1,
577 1308 644 1350 46.
683 1306 776 1348 119.
836 1307 976 1358 Quod
1011 1321 1097 1346 uos
1130 1307 1323 1346 oblitos
1356 1322 1472 1348 esse
1507 1322 1603 1347 non
1635 1323 1710 1348 ar-

248 1367 443 1415 bitror,
477 1378 605 1415 quae
634 1362 942 1413 multitudo,
986 1365 1072 1414 qui
1106 1364 1226 1403 ordo
1268 1364 1325 1403 ad
1354 1366 1565 1404 Pisonis
1606 1364 1710 1404 sel-

249 1420 349 1459 lam
382 1423 489 1459 isto
520 1424 770 1472 praetore
802 1419 1000 1458 solitus
1032 1421 1104 1458 sit
1143 1423 1455 1460 conuenire.
1517 1423 1711 1469 Ceterum

252 1477 425 1516 diuersa
455 1477 558 1515 haec
590 1480 686 1515 sunt
713 1489 736 1514 a
764 1475 856 1527 lege
887 1476 920 1527 Q.
958 1474 1022 1516 19.
1055 1477 1189 1514 ritus
1221 1476 1456 1515 familiae
1485 1484 1710 1530 patrum-

251 1547 347 1584 que
379 1538 661 1582 seruante,
695 1533 807 1571 cuius
839 1531 1152 1584 explicationem
1185 1534 1322 1585 posuit
1354 1534 1386 1585 Q
1418 1534 1488 1574 27.
1526 1534 1579 1573 id
1614 1542 1709 1586 est,

251 1592 492 1639 quoniam
534 1590 830 1640 antiquitas
869 1590 1103 1640 proxime
1156 1588 1366 1629 accedit
1403 1590 1464 1628 ad
1505 1591 1657 1642 deos,
1689 1605 1712 1630 a

251 1645 355 1684 diis
387 1647 532 1697 quasi
564 1645 817 1684 traditam
848 1645 1174 1696 religionem
1208 1647 1360 1685 tueri.
1424 1643 1500 1684 Illa
1531 1647 1580 1685 ad
1606 1649 1708 1686 ritus

248 1702 432 1741 familiae
462 1703 646 1753 priuatos
680 1706 887 1752 spectant,
922 1702 1024 1739 haec
1054 1703 1104 1740 ad
1134 1703 1331 1740 maiorum
1365 1703 1466 1740 ritus
1503 1702 1707 1754 publicos,
1780 1717 1781 1741 z

248 1771 297 1797 ex
330 1759 477 1809 quibus
510 1760 689 1809 optimos
721 1756 815 1807 eligi
847 1758 986 1807 iubet,
1026 1771 1097 1807 ea,
1137 1759 1296 1796 ratione
1337 1759 1476 1796 habita
1516 1758 1707 1808 illorum,
1778 1754 1781 1801 j

243 1816 527 1866 antiquissima
559 1819 600 1852 et
630 1813 708 1851 deo
739 1815 920 1865 proxima
950 1826 1042 1851 esse
1076 1814 1240 1863 dicens,
1274 1826 1376 1864 quae
1408 1815 1563 1866 optima
1609 1816 1708 1857 sint.
1778 1858 1781 1870 1

364 1884 557 1933 stipem
592 1879 932 1931 sustulimus]
996 1881 1154 1919 Laudat
1193 1882 1295 1919 haec
1335 1882 1458 1919 uerba
1499 1882 1615 1922 Seru.
1657 1881 1708 1919 ad

250 1939 363 1989 Virg.
397 1939 469 1987 Vl,
502 1937 600 1978 611.
633 1939 892 1985 memoriter3
926 1950 1002 1988 quo
1036 1937 1087 1976 de
1120 1937 1215 1976 uide
1244 1950 1344 1988 quae
1373 1937 1454 1975 dixi
1479 1934 1511 1978 Ι.
1544 1952 1582 1990 p.
1614 1936 1710 1978 143.

250 1994 367 2043 Quod
397 1993 563 2033 sustulit
593 1995 742 2044 stipem
774 1998 940 2045 praeter
978 2006 1096 2032 unam
1141 1993 1285 2032 ldaeae
1326 1995 1465 2032 matris
1502 1996 1708 2045 propriam

245 2049 496 2104 (cogebatur
539 2050 675 2089 autem
717 2063 738 2087 a
781 2049 1064 2088 sacerdotibus
1111 2064 1200 2089 cum
1254 2049 1473 2088 simulacro
1517 2050 1621 2089 deae
1666 2055 1710 2088 et

248 2108 437 2145 tibiarum
470 2112 591 2144 cantu
621 2118 697 2156 per
728 2107 811 2144 uias
843 2107 1168 2144 commeantibus
1202 2105 1324 2144 Ouid.
1363 2119 1410 2144 ex
1446 2106 1569 2145 Pont.
1602 2107 1634 2156 l,
1671 2109 1708 2146 1.

248 2160 366 2215 39),
407 2162 451 2200 id
483 2167 526 2200 et
566 2163 698 2212 ipsum
737 2162 899 2213 saepius
940 2174 1029 2199 eam
1069 2163 1158 2212 cogi
1202 2174 1296 2199 esse
1339 2161 1503 2199 solitam
1535 2162 1708 2211 indicat,

248 2224 291 2256 et
320 2219 470 2257 factum
503 2217 544 2255 id
575 2229 669 2255 esse
700 2217 839 2255 Liuius
879 2222 1016 2254 narrat
1048 2217 1098 2267 V,
1131 2218 1199 2257 25.
1233 2217 1396 2267 XXVll,
1429 2217 1499 2268 37,
1539 2220 1580 2256 in
1620 2220 1708 2270 pri-

248 2275 326 2313 mis
356 2273 466 2312 ludis
498 2272 799 2324 Apollinaribus
832 2274 921 2311 Liu.
952 2273 1080 2323 XXV,
1117 2274 1180 2314 12.
1221 2274 1323 2312 Fest
1369 2287 1402 2312 s·
1436 2287 1473 2312 u.
1509 2275 1573 2326 Ap
1587 2274 1707 2313 olli-

247 2343 402 2369 nares
434 2329 557 2368 ludi.
617 2328 739 2367 ldaea
768 2335 898 2367 mater
930 2343 952 2366 a
982 2329 1212 2380 Phrygibus
1255 2332 1295 2368 in
1329 2335 1467 2368 monte
1496 2330 1568 2368 lda
1597 2330 1706 2369 culta

251 2384 385 2437 (unde
415 2386 563 2424 Idaeae
594 2387 736 2423 matris
768 2382 942 2438 nomen)
976 2391 1018 2423 et
1048 2387 1219 2424 Romam
1251 2386 1446 2424 translata
1480 2400 1515 2427 a.
1548 2400 1586 2428 u.
1610 2386 1707 2427 203.
1764 2419 1765 2422 ,

245 2443 300 2480 ibi
331 2444 404 2480 sub
435 2443 602 2480 nomine
633 2442 809 2492 Magnae
839 2443 982 2480 matris
1014 2442 1242 2481 colebatur.
1304 2443 1348 2480 ln
1388 2444 1475 2481 eius
1506 2443 1705 2482 honorem

245 2497 560 2538 celebrabantur
590 2497 831 2549 Megalesia.
890 2497 1036 2537 mendi
1068 2497 1201 2550 apud
1231 2504 1274 2537 et
1301 2497 1434 2537 facilis
1468 2500 1706 2546 (notabatur

246 2555 355 2592 enim
390 2557 424 2593 A
453 2555 522 2601 P.)
566 2558 609 2592 et
638 2556 873 2592 necessaria
901 2556 1115 2594 correctio,
1178 2555 1245 2594 cf.
1286 2555 1371 2596 Cic.
1411 2554 1490 2594 Off.
1534 2551 1591 2605 II,
1637 2553 1701 2596 16.
1760 2602 1762 2606 Δ

243 2609 312 2651 56.
343 2609 456 2651 Lael.
483 2609 527 2659 8,
559 2609 631 2651 27.
661 2609 711 2648 ad
741 2611 823 2651 Att.
856 2611 886 2661 l,
919 2609 956 2651 3.
990 2610 1029 2652 2.

357 2667 758 2718 superstitione
796 2666 970 2717 implere
1005 2669 1164 2706 animos
1203 2668 1307 2719 stips
1347 2667 1500 2706 dicitur
1533 2671 1705 2718 propter

242 2723 477 2773 opinionem
521 2722 643 2761 facile
683 2729 949 2775 conceptam,
990 2723 1106 2774 sore,
1146 2729 1189 2763 ut
1228 2723 1396 2763 deorum
1438 2725 1611 2775 gratiam
1658 2736 1704 2762 ac

241 2778 573 2819 beneuolentiam
606 2778 727 2817 donis
760 2781 837 2819 sibi
869 2778 1107 2821 concilient.
