1781 3192
230 181 317 218 188
799 177 870 215 DE
902 177 1132 216 LEGfflUS

349 291 623 331 multorum
672 286 866 339 oculis]
941 290 1029 328 Lux
1078 288 1185 328 clara
1236 302 1312 340 per
1356 292 1692 342 prosopopoeiam

236 349 446 388 custodire
475 348 626 384 samam
670 344 887 383 mulierum
926 344 1101 395 dicitur3
1140 347 1180 383 in
1221 359 1299 396 quo
1341 351 1454 384 recte
1492 348 1549 383 uti
1592 346 1694 385 dici-

236 412 303 444 tur
342 401 472 441 oculis
515 400 753 450 multorum,
793 402 858 452 qui
903 403 1028 440 sacris
1068 404 1295 450 intersunt3
1334 406 1455 439 noctu
1497 402 1604 439 enim
1642 414 1696 440 ne

238 459 456 500 multorum
494 457 658 508 quidem
693 456 798 496 oculi
838 459 1049 509 quicquam
1091 460 1249 496 iuuant.
1309 456 1508 496 Similiter
1545 457 1697 496 dicitur

237 518 323 555 Cic.
357 528 430 566 pro
464 514 574 552 Sest.
607 514 648 564 2,
682 512 723 553 4.
766 514 1036 553 iracundia
1075 527 1148 553 me
1186 512 1480 552 inflammat
1523 526 1696 552 eorum

237 571 469 620 scelere,
503 571 588 621 qui
621 593 673 598 -—
705 568 900 608 bellum
934 584 1057 610 esse
1088 571 1192 609 sibi
1234 570 1520 619 gerendum
1566 569 1696 607 iudi-

237 632 507 667 cauerunt.
572 627 658 664 Nec
691 627 924 664 necessarie
957 632 998 664 et
1029 630 1162 666 minus
1193 626 1334 678 lepide
1356 627 1460 664 Dau.
1496 627 1698 666 coniecit:

237 684 520 724 multorum
553 681 693 721 oculi
727 687 881 733 atque
919 682 1002 721 lux
1045 683 1185 721 clara
1224 682 1517 731 custodiat3
1557 683 1699 733 inepte

238 754 336 780 uero
369 739 575 778 Orellius:
622 739 902 777 multorum
944 741 990 777 in
1032 738 1198 778 oculis
1238 737 1322 776 lux
1361 737 1502 776 clara
1545 743 1698 786 cust.;

239 811 357 849 quam
397 798 674 834 coniecturam
717 794 848 833 nihilo
893 796 1207 846 probabiliorem
1248 796 1348 833 fecit
1388 795 1580 832 Krausius
1615 792 1643 832 l.
1671 794 1699 833 l.

237 868 281 906 p.
313 852 413 893 470.
451 853 578 890 uerba
624 853 684 889 sic
730 852 1064 903 transponendo:
1104 854 1155 890 in
1196 851 1480 890 multorum
1525 849 1701 888 oculis

238 911 326 948 lux
357 908 517 948 clara.

355 965 417 1004 de
457 963 903 1016 Bacchanalibus]
984 964 1255 1004 Bacchanalia
1300 977 1388 1002 cum
1442 975 1491 1001 ex
1539 963 1703 1001 Etruria

239 1024 414 1062 Romam
446 1019 645 1061 translata
675 1019 899 1060 libidinose
931 1023 985 1059 ibi
1028 1022 1436 1073 intemperanterque
1476 1021 1704 1069 obii-entur,

242 1094 263 1118 a
296 1083 442 1117 senatu
475 1077 713 1116 consulibus
745 1081 954 1128 negotium
989 1078 1125 1116 datum
1159 1082 1238 1127 est,
1269 1081 1314 1115 ut
1355 1089 1402 1114 ea
1443 1079 1578 1115 omnia
1618 1077 1703 1127 pri-

241 1149 350 1175 mum
382 1136 553 1183 Romae,
588 1133 741 1171 deinde
771 1147 846 1184 per
874 1139 1002 1172 totam
1040 1135 1195 1172 ltaliam
1237 1133 1474 1181 diruerent;
1514 1138 1702 1170 senatus-

243 1206 319 1244 que
362 1192 595 1229 auctoritati
639 1203 744 1228 coss.
786 1192 1124 1242 obtemperarunt
1147 1189 1211 1243 a),
1282 1188 1365 1226 Sed
1405 1191 1497 1239 quia
1538 1188 1703 1237 Liuius,

241 1251 307 1300 qui
338 1250 417 1286 ista
450 1246 634 1296 xxxix,
668 1243 819 1286 9-20,
853 1246 1012 1295 (laudat
1046 1248 1146 1285 Dau.
1186 1247 1307 1284 etiam
1342 1246 1458 1283 Tert.
1489 1246 1565 1297 Ap.
1599 1259 1635 1283 c.
1670 1243 1708 1286 6.

239 1304 332 1345 Ual,
366 1305 473 1342 Max.
499 1298 534 1352 l,
571 1302 611 1343 3.
648 1302 678 1341 i.
713 1302 782 1352 Vl,
815 1301 855 1342 3.
886 1304 942 1350 7.)
971 1305 1193 1341 memoriae
1218 1301 1416 1353 prodidit,
1445 1316 1524 1340 non
1549 1301 1707 1340 diserte

238 1360 411 1400 tradidit
449 1360 672 1396 exercitum
714 1360 753 1395 in
797 1361 1037 1408 quaestione
1075 1364 1117 1396 et
1155 1357 1514 1396 animaduersione
1545 1359 1706 1397 adhibi-

240 1422 327 1455 tum
362 1427 470 1465 esse,
501 1415 691 1452 Dauisius
726 1416 929 1452 coniecit:
963 1419 1013 1452 et
1041 1413 1353 1452 consulibus
1384 1416 1624 1453 exercita
1657 1419 1709 1453 et

240 1474 424 1512 habita
464 1471 716 1522 quaestio
759 1471 1258 1521 animaduersioque
1302 1470 1562 1520 declarat3
1606 1485 1707 1523 qno-

241 1531 432 1580 niamque
464 1528 574 1566 idem
609 1526 795 1577 XXXIX,
828 1526 865 1567 8.
903 1528 990 1566 init.
1024 1527 1126 1564 haec
1158 1528 1381 1564 scriberet:
1412 1529 1706 1578 insequens

244 1599 409 1625 annus
442 1607 493 1612 ——
537 1581 790 1621 consules
832 1585 887 1621 ab
930 1584 1172 1621 exercitu
1213 1606 1268 1611 —-
1310 1582 1370 1621 ad
1409 1585 1710 1623 intestinae

243 1640 647 1682 coniurationis
718 1639 1006 1677 uindictam
1070 1641 1306 1689 auertit,
1354 1640 1505 1678 Bakius
1562 1641 1710 1692 corrigi

242 1710 367 1752 posse
409 1698 642 1749 suspicatus
683 1702 772 1734 est:
813 1696 1083 1734 consulum
1124 1697 1181 1733 ab
1225 1697 1463 1735 exercitu
1513 1698 1705 1734 accito·

243 1768 350 1794 rum
384 1754 632 1805 quaestio
665 1752 1164 1802 animaduersioque
1197 1750 1458 1790 declarat.
1521 1752 1605 1790 Sed
1628 1754 1707 1791 im-

244 1813 392 1851 merito
426 1810 528 1848 Liuii
558 1807 726 1846 silentio
757 1813 916 1846 tantum
949 1809 1073 1846 tribui
1103 1807 1283 1856 uidetur,
1316 1811 1358 1845 ut
1389 1812 1546 1846 certum
1579 1807 1709 1847 Tullii

247 1871 335 1907 eius
365 1869 425 1905 rei
457 1865 738 1904 testimonium
770 1869 1001 1914 euertatur,
1041 1865 1287 1916 praesertim
1319 1876 1414 1902 cum
1442 1877 1585 1916 parum
1621 1878 1711 1903 cre-

247 1923 375 1964 dibile
425 1924 479 1960 sit
526 1921 577 1960 ad
615 1921 812 1959 nefariam
866 1923 985 1959 istam
1035 1921 1362 1958 coniurationem
1410 1921 1504 1972 plus
1551 1927 1709 1974 septem

246 1980 419 2020 millium
454 1980 633 2017 uirorum
666 1976 962 2028 mulierumque
987 1977 1096 2026 (Liu.
1120 1977 1303 2027 XXXlX,
1325 1976 1408 2025 17.)
1441 1990 1516 2029 per
1538 1979 1710 2017 Romam

247 2037 489 2087 Italiamque
529 2034 841 2087 opprimendam
885 2035 1141 2085 apparitores
1177 2034 1277 2071 satis
1317 2032 1510 2073 ualuisse.
1572 2035 1713 2084 Quod-

247 2107 325 2146 que
366 2094 458 2131 Liu.
488 2090 514 2131 l.
545 2091 570 2131 l.
613 2103 722 2128 coss.
769 2092 816 2127 ab
857 2091 1038 2127 exercitu
1080 2090 1129 2127 ad
1162 2091 1455 2128 coniurationis
1487 2091 1710 2130 uindictam

247 2162 414 2189 auersos
448 2160 541 2185 esse
575 2147 692 2196 dicit,
725 2146 764 2183 id
803 2158 889 2183 eam
923 2150 1080 2183 tantum
1107 2147 1186 2182 uim
1212 2146 1351 2195 habet,
1385 2152 1429 2184 ut
1450 2147 1498 2184 ab
1527 2150 1711 2187 exercitu

248 2207 296 2245 ad
328 2204 478 2244 bellum
513 2208 655 2254 parato
688 2201 739 2240 ad
774 2203 1013 2240 intestinam
1045 2203 1367 2240 coniurationem
1400 2204 1711 2255 opprimendam

248 2263 411 2302 abducti
445 2261 646 2299 dicantur.

367 2330 421 2368 Di
436 2341 566 2379 agon
581 2326 639 2364 da
653 2326 691 2376 s]
754 2326 885 2364 Nemo
919 2331 1106 2365 ueterum
1131 2327 1376 2378 scriptorum
1401 2325 1602 2379 Diagon
1616 2327 1677 2366 da
1691 2340 1714 2366 e

248 2386 499 2438 legislatoris
527 2384 726 2422 meminit.
768 2384 1027 2435 Quapropter
1047 2396 1138 2421 cum
1161 2382 1294 2421 Thnm.
1315 2382 1386 2432 Vl,
1411 2380 1480 2424 91.
1519 2384 1652 2435 Pago
1665 2397 1714 2422 n-

250 2445 341 2482 dae
363 2441 569 2481 cuiusdam
593 2440 830 2478 meminerit
849 2440 1138 2489 boeotarchae,
1161 2439 1366 2477 Meursius
1392 2439 1524 2481 Lectt.
1542 2442 1622 2480 Att.
1645 2441 1712 2478 111.

250 2499 317 2541 23.
359 2497 637 2549 Pagondae
662 2508 809 2533 nomen
828 2495 930 2534 dixit
947 2496 1279 2534 substituendum
1303 2508 1412 2534 esse.
1453 2497 1571 2545 Quod
1593 2509 1711 2547 quam

249 2556 452 2594 lubricum
484 2555 538 2592 sit
569 2555 610 2590 in
642 2556 758 2590 tanta
786 2565 923 2592 rerum
955 2554 1232 2591 boeoticarum
1267 2553 1543 2602 obscuritate,
1586 2551 1712 2590 intel-

250 2613 361 2651 lectu
395 2609 518 2649 facile
549 2613 627 2648 est.
687 2609 790 2647 Lex
828 2623 956 2662 perp
971 2614 1090 2648 etna
1121 2622 1169 2647 ea
1210 2612 1298 2658 est,
1338 2621 1439 2659 quae
1477 2622 1558 2647 non
1600 2614 1714 2648 certo

350 2732 380 2773 ⁸)
417 2733 621 2765 etiamnunc
667 2732 756 2764 iilud
793 2744 821 2764 s.
852 2744 882 2765 r.
931 2735 1045 2767 exstat
1091 2731 1125 2765 in
1174 2732 1296 2765 tabula
1334 2741 1445 2764 aenea
1483 2731 1716 2764 Uindobonac

254 2783 443 2812 iissel'ilatss
469 2778 501 2810 ἰΙΙ
530 2788 654 2810 1111Ιὸ00
683 2779 873 2811 CssCSssl'CO.
