1781 3192
444 197 601 234 LiBER
631 195 933 237 SECUNDUS.
985 197 1084 238 cae.
1119 197 1224 236 xxi.
1473 195 1560 234 219

212 310 294 359 qui
324 308 651 347 tantumdem
683 309 933 359 caperet]
993 309 1060 347 Sic
1091 321 1140 347 ex
1172 307 1278 347 dett.
1309 306 1430 346 codd.
1463 320 1553 345 cum

97 365 241 404 Lamb.
283 365 409 403 Goer.
451 366 560 404 Mos.
603 365 674 403 Or.
715 365 840 402 Bakio
873 366 1046 416 scripsi,
1080 372 1342 415 erratumque
1374 376 1395 401 a
1426 362 1551 404 Bakio

99 433 192 459 esse
222 427 334 473 puto,
366 422 431 471 qui
462 433 509 458 ex
542 419 663 458 codd.
684 418 886 459 ΑΒΟΕδ
921 434 1007 459 eos
1032 423 1116 471 qui
1148 421 1368 472 excerpsit.
1429 420 1554 457 Certe

98 476 178 515 Gd.
202 478 242 527 2,
277 490 364 515 cum
395 491 471 527 quo
505 488 785 527 usquequaque
816 477 906 516 sere
936 479 1202 515 consentiunt
1224 477 1255 514 C
1278 482 1320 516 et
1342 473 1396 527 δ,
1428 476 1552 514 habet

97 534 298 571 ceteris
331 534 414 581 qui
449 531 511 571 trfi
540 532 653 583 [dem
687 538 855 584 caperet
886 533 1117 584 quantum].
1180 533 1258 570 lam
1291 546 1381 572 cum
1407 531 1551 570 eadem

97 591 220 627 uerba
247 589 286 625 in
321 587 352 625 C
384 595 425 626 et
456 591 484 631 δ
521 590 671 626 omissa
704 600 798 626 esse
831 592 920 640 ipse
949 590 1096 627 Bakius
1129 588 1372 639 tradiderit,
1401 590 1449 626 ab
1479 588 1553 624 iis-

94 645 188 681 dem
226 642 292 681 uel
325 656 411 681 eos
443 647 589 682 abesse
620 646 704 682 ueri
738 645 988 684 simillimum
1025 650 1102 683 est.
1164 644 1223 682 lta
1260 657 1335 683 nec
1367 647 1407 683 in
1440 645 1554 695 prin-

95 701 187 751 cipe
219 699 434 737 meliorum
467 700 571 739 libro
604 713 692 738 eos
724 701 854 739 fuisse
886 703 1072 739 existimo
1103 705 1146 738 et
1185 713 1409 752 pronomen
1453 697 1555 737 illud

93 768 171 793 una
210 769 299 794 cum
338 755 507 807 reliquis
536 757 670 794 uerbis
714 758 753 794 in
795 757 915 795 codd.
957 757 1092 795 ABE
1119 754 1273 796 11.65.
1316 757 1553 794 restitutum

95 824 187 849 esse
229 813 479 851 conlectura.
546 814 671 862 Quam
711 827 852 864 parum
893 819 1006 851 recte
1054 814 1278 864 probarunt
1310 813 1458 864 Steph.
1512 815 1554 847 et

93 867 301 906 Dauisius.
345 867 458 906 Man.
491 867 592 907 Ern.
617 868 843 920 Wagnerus
864 871 1105 920 pronomine
1138 882 1224 906 eos
1257 870 1409 906 omisso
1441 871 1554 906 certe

94 929 354 974 caperent
385 926 659 963 retinuerunt.
720 925 802 963 Sed
841 924 1013 977 pluralis
1049 937 1242 962 numerus
1283 926 1416 962 minus
1456 936 1555 974 pro-

94 978 240 1018 babilis
281 985 345 1017 est
383 985 627 1031 propterea,
670 983 762 1031 quia
800 995 881 1019 non
919 981 1105 1031 legatarii
1143 980 1308 1031 plures,
1348 982 1381 1018 si
1419 980 1555 1017 cuncti

92 1034 346 1073 tantumdem
386 1038 597 1087 cepissent
638 1043 832 1087 quantum
872 1049 1013 1075 omnes
1053 1036 1255 1085 heredes,
1295 1037 1421 1074 sacris
1462 1034 1556 1073 alli-

92 1093 311 1143 gabantur,
354 1092 428 1129 sed
459 1091 683 1143 legatarius
716 1106 837 1142 unus,
877 1094 911 1130 si
950 1091 1206 1130 tantumdem
1242 1097 1434 1136 qnantum
1467 1099 1554 1123 0111-

89 1160 165 1186 nes
202 1147 379 1185 heredes
429 1150 633 1200 cepisset3
683 1148 956 1196 similiterque
998 1149 1031 1195 ᾗ.
1063 1143 1117 1183 48
1157 1147 1200 1182 et
1236 1140 1307 1182 49.
1359 1140 1554 1193 singulari

89 1216 258 1244 numero
289 1205 433 1243 utitur.

201 1282 236 1333 ς.
268 1281 336 1323 53.
397 1282 576 1321 Habeo
607 1283 688 1320 ius
719 1286 861 1334 pont.
898 1279 1002 1331 cet.]
1063 1278 1175 1318 Male
1207 1279 1425 1330 Zumptius
1447 1276 1553 1316 dett.

91 1337 212 1378 codd.
256 1336 448 1376 mendum
491 1341 546 1377 ab
588 1351 643 1376 eo
682 1339 964 1390 comprobauit
1000 1335 1170 1387 reliquis
1207 1336 1343 1373 uerbis
1375 1335 1483 1372 hunc
1512 1336 1552 1371 in

91 1394 257 1433 modum
304 1395 564 1433 constitutis:
619 1396 674 1432 ab
722 1408 782 1432 eo
829 1396 905 1432 ius
956 1392 1318 1445 pontificium.
1390 1388 1554 1439 Quid?

93 1451 190 1488 huc
220 1451 455 1488 accessit
486 1462 546 1487 ex
578 1452 695 1488 iure
728 1450 885 1488 ciuili
931 1449 1249 1501 partitionis
1287 1451 1477 1497 caput.
1505 1473 1516 1485 .
1544 1472 1555 1484 .

95 1506 530 1544 deducerentur:
564 1507 784 1543 inuenta
815 1510 897 1544 est
925 1507 1085 1554 ratio,
1118 1516 1205 1557 qua
1235 1503 1522 1555 pecunia..
1546 1530 1557 1541 .

92 1562 436 1600 liberaretur.
498 1559 664 1610 Quid?
698 1563 743 1599 si
775 1562 870 1600 hoc
901 1566 981 1599 cet.
1045 1561 1266 1598 Sententia
1306 1560 1403 1597 satis
1434 1558 1557 1610 plana

96 1626 175 1657 est.
238 1617 310 1656 illo
331 1617 558 1656 Scaeuolae
591 1622 633 1655 et
657 1618 899 1656 Coruncanii
933 1616 1101 1668 placito,
1137 1621 1179 1653 ut
1209 1618 1276 1666 qui
1299 1615 1556 1653 tantumdem

93 1679 285 1726 quantum
320 1686 464 1711 omnes
496 1674 675 1711 heredes
707 1676 854 1725 capiat,
889 1675 1014 1711 sacris
1057 1672 1271 1723 alligetur,
1314 1673 1377 1709 ius
1416 1672 1556 1722 ponti-

92 1733 229 1770 ficium
260 1731 461 1769 contineri
504 1730 621 1768 dicit.
691 1731 778 1779 Quo
818 1730 926 1767 facto
970 1729 1065 1780 quid
1107 1729 1187 1766 huc
1229 1741 1277 1766 ex
1316 1729 1404 1765 iure
1445 1726 1558 1765 ciuili

97 1789 323 1826 accesserit
343 1798 543 1836 quaerens
575 1788 653 1823 iam
681 1790 766 1823 tres
792 1788 1056 1837 persequitur
1079 1785 1268 1836 legatarii
1294 1785 1419 1822 sacris
1450 1783 1558 1821 libe-

93 1843 211 1881 randi
254 1842 398 1880 modos
440 1854 528 1880 cum
572 1843 664 1893 ipso
706 1843 793 1880 iure
835 1843 1044 1893 pontificio
1085 1855 1165 1879 non
1207 1841 1446 1878 coniunctos
1482 1852 1559 1877 nec

96 1901 304 1950 quicquam
346 1897 455 1935 aliud
489 1903 752 1949 spectantes,
798 1900 877 1935 nisi
911 1905 954 1936 ut
984 1899 1156 1949 pecunia
1189 1909 1394 1934 sacrorum
1427 1895 1559 1933 mole-

96 1956 173 1993 stia
222 1953 437 1993 liberetur.
506 1956 683 2003 Quorum
729 1954 889 2004 quidem
929 1957 1084 2005 primus
1131 1956 1164 1992 is
1214 1959 1326 2002 erat,
1376 1958 1418 1990 ut
1466 1954 1558 2004 ipse

95 2015 271 2050 testator
300 2013 342 2049 in
375 2014 626 2048 testamento
660 2016 842 2060 caueret,
886 2015 929 2048 ut
961 2016 1125 2048 centum
1156 2010 1267 2047 numi
1299 2008 1556 2046 deduceren-

94 2072 181 2115 tur3
214 2067 319 2106 alter
348 2067 441 2114 hic,
476 2071 543 2115 ut,
582 2067 614 2102 si
654 2070 830 2103 testator
871 2069 960 2116 ipse
1001 2066 1105 2104 nihil
1146 2065 1197 2103 de
1230 2069 1392 2103 centum
1424 2065 1558 2101 numis

93 2122 348 2160 deducendis
380 2123 420 2158 in
454 2125 704 2158 testamento
733 2123 999 2173 scripsisset,
1032 2122 1256 2171 legatarius
1295 2123 1384 2171 ipse
1426 2123 1557 2159 minus

92 2182 286 2230 caperet,
338 2189 455 2228 quam
508 2178 695 2215 omnibus
748 2177 972 2216 heredibus
1023 2177 1360 2228 relinqueretur3
1410 2177 1558 2214 tertius

92 2234 271 2285 denique
311 2236 347 2272 is
388 2238 500 2283 erat,
540 2238 584 2271 ut
618 2233 776 2271 herede
815 2247 890 2286 per
941 2246 1011 2272 aes
1055 2239 1097 2272 et
1133 2232 1276 2271 libram
1318 2234 1560 2270 testamenti

92 2290 227 2329 soluto
258 2289 480 2340 legatarius
504 2291 718 2341 pecuniam
741 2289 996 2341 stipulatam,
1028 2303 1107 2328 non
1131 2288 1307 2340 legatam
1335 2290 1558 2342 acciperet.

93 2347 259 2398 Caput
299 2346 614 2397 partitionis
656 2349 721 2382 est
762 2346 869 2396 quod
910 2360 984 2384 nos
1036 2345 1207 2385 dicimus
1249 2344 1558 2395 'l'heilungsbe-

95 2404 328 2452 stiinmung.
393 2401 459 2439 Cf.
495 2414 611 2451 quem
647 2402 756 2439 Mos.
789 2401 929 2441 laudat
961 2402 1048 2441 Cic.
1080 2405 1122 2441 in
1145 2403 1264 2441 Verr.
1299 2398 1332 2451 I,
1365 2399 1433 2441 46.
1466 2400 1559 2441 118.

95 2473 147 2496 ea
179 2460 350 2510 capita
378 2458 426 2494 in
461 2456 689 2495 edictum
722 2457 1074 2509 prouerbiale
1104 2457 1423 2497 transferre.

211 2546 402 2598 quodsi
447 2547 560 2598 boc]
629 2547 707 2585 Est
745 2548 848 2586 haec
885 2549 1122 2587 necessaria
1160 2551 1362 2588 correctio
1419 2547 1560 2586 mendi

96 2603 220 2655 quid
263 2605 306 2642 si
349 2603 446 2642 inde
478 2617 500 2640 a
531 2603 745 2655 Stephano
784 2602 963 2655 uulgata.
1022 2602 1186 2654 Quid?
1227 2606 1321 2650 (wie
1361 2605 1476 2643 steht
1515 2617 1558 2641 es

14 2656 24 2666 “
84 2657 281 2708 ‘damit?)
321 2661 380 2698 ita
411 2664 569 2698 tantum
602 2663 717 2698 recte
755 2659 980 2710 diceretur,
1017 2662 1053 2699 si
1092 2663 1270 2699 animum
1312 2660 1469 2700 attendi
1510 2659 1561 2696 ad

5 2716 30 2740 “⁸
99 2729 186 2754 rem
221 2714 365 2767 uellet,
398 2715 449 2754 de
481 2730 558 2767 qua
590 2715 742 2754 deinde
764 2716 1028 2756 iudicaretur.
1089 2717 1145 2755 Et
1165 2717 1371 2756 iudicatur
1395 2716 1558 2767 quidem

98 2774 200 2810 hoc:
239 2786 418 2812 rursus
460 2773 626 2811 sacris
667 2773 987 2812 liberantur.
1056 2772 1138 2812 Sed
1178 2774 1255 2811 hoc
1296 2776 1428 2825 ipsum
1470 2772 1561 2810 lon-

1295 2845 1342 2864 {k}
