1781 3192
380 200 536 240 Lim-:R
568 196 868 236 SECL‘NDUS.
912 194 1012 234 Cn.
1047 192 1152 231 xlx·
1414 188 1495 226 211

41 317 107 359 38.
155 315 251 356 139.
294 312 436 353 exile
478 309 708 358 aridum,
751 308 1014 346 concisum
1049 317 1105 344 ac
1141 303 1384 342 minutum
1423 302 1492 339 Or.

41 374 107 425 11,
140 372 285 414 36.1n
329 370 561 424 picturis
603 364 738 403 alios
778 362 993 402 horrida
1033 358 1265 410 inculta,
1307 355 1491 396 abdita

38 435 89 469 et
119 441 301 481 opaca,
346 428 410 465 ubi
447 423 584 464 Madu.
616 421 667 459 de
698 422 790 460 Fin.
815 421 884 471 lv,
917 420 986 460 20.
1021 418 1090 459 56.
1123 415 1229 456 male
1262 415 1384 454 uerba
1412 414 1492 452 ab-

38 488 156 525 dita
193 489 244 523 et
283 484 383 521 dixit
423 478 665 533 expellenda
706 490 830 528 esse,
875 482 918 514 ut
958 474 1125 527 regulae
1161 489 1183 512 a
1223 485 1269 511 se
1299 473 1493 509 inuentae

39 545 118 581 ista
147 546 391 592 aptarentur.
1488 563 1493 568 ι

152 599 214 634 de
246 596 416 632 sacris
451 597 618 631 autem
650 590 752 640 cet.]
815 590 968 639 Causa,
1008 601 1079 626 cur
1121 587 1222 624 haec
1259 598 1340 622 non
1379 587 1495 622 tanta

38 656 120 692 sint
151 650 354 700 facienda,
386 652 543 702 pariter
572 649 635 685 his
667 648 826 684 uerbis:
858 646 916 683 de
949 645 1120 683 sacris
1150 665 1203 670 —
1234 645 1495 693 perpetua

37 707 269 746 declaratur
299 712 419 757 atque
451 704 796 757 praecedentibus
828 701 956 755 (cum
1000 706 1187 740 cetera
1231 709 1495 749 perparua

37 761 183 817 sint).
244 764 502 813 Quapropter
533 766 647 798 recte
679 761 784 798 Mos.
829 766 869 797 et
902 760 972 797 Or.
1017 756 1229 808 Stephano
1269 759 1311 792 et
1348 754 1496 791 Beiero

36 820 130 867 (Off.
170 815 222 857 ΙΙ.
254 832 295 869 p.
328 818 413 864 62.)
444 818 677 855 auctoribus
702 818 804 854 haec
824 817 981 853 minore
1005 811 1339 863 interpunctione
1362 809 1495 861 posita

36 888 124 914 eum
157 874 501 926 praecedentibus
534 875 670 912 uerbis
703 874 1022 911 coniunxerunt.
1086 868 1252 906 Bakium
1287 868 1321 905 si
1347 877 1496 917 seque-

34 933 139 970 reris
172 944 262 968 cum
297 932 593 983 superioribus,
628 931 695 980 qui
720 931 872 968 maiore
897 926 1236 978 interpunctione
1259 928 1353 974 post
1373 923 1497 961 uerba

36 1001 300 1040 perparua
340 990 443 1025 sint
471 989 604 1039 posita
635 1000 766 1024 nouae
799 985 895 1023 inde
927 984 1157 1022 sententiae
1188 981 1349 1018 initium
1381 979 1497 1017 fece-

35 1048 145 1093 runt,
178 1043 369 1093 Tullium,
403 1045 492 1095 ipse
535 1043 634 1094 quid
673 1042 724 1080 de
760 1042 884 1079 sacris
923 1041 1068 1078 sentiri
1111 1035 1260 1085 uellet,
1301 1047 1498 1087 perquam

35 1101 175 1150 inepte
209 1100 422 1137 uideretur
459 1100 711 1151 praecipere.
785 1099 882 1136 Sine
920 1108 1042 1134 causa
1081 1092 1223 1132 Madu.
1265 1105 1356 1130 cum
1400 1091 1497 1131 Dan.

36 1160 79 1193 et
111 1156 237 1193 Lbino
272 1168 419 1193 sacra
452 1157 586 1194 omitti
620 1154 768 1192 uoluit.
829 1151 973 1190 Paullo
1007 1155 1100 1188 ante
1133 1149 1276 1197 Gzius,
1310 1148 1376 1198 qui
1404 1151 1498 1197 post

38 1213 163 1250 uerba
197 1212 257 1249 de
289 1213 460 1249 sacris
492 1211 698 1249 excidisse
729 1209 971 1260 priuatis
1011 1207 1136 1255 dixit,
1180 1217 1262 1242 non
1294 1201 1500 1241 intellexit

37 1280 196 1306 omnem
232 1268 338 1305 hunc
369 1281 600 1305 sermonem
634 1279 726 1305 esse
758 1265 808 1303 de
841 1265 968 1303 sacris
1000 1263 1185 1315 priuatis.

150 1324 184 1373 ξ.
217 1323 285 1364 48.
348 1325 492 1362 Haec
522 1326 705 1375 ponite
737 1321 838 1372 cet.]
901 1322 985 1359 'Nec
1008 1320 1100 1369 hoc,
1135 1316 1242 1369 quod
1261 1327 1500 1367 expressum

36 1386 101 1417 est
138 1382 179 1417 in
221 1380 340 1418 editt.
379 1380 490 1418 Man.
532 1381 674 1418 Lamb.
717 1380 813 1417 Dan.
847 1378 971 1415 Goer.
1003 1377 1108 1415 Mos.
1143 1376 1239 1413 On:
1282 1372 1379 1409 hoc
1415 1385 1500 1422 po-

37 1437 141 1473 sito
173 1436 303 1473 haec
335 1437 471 1486 iura,
511 1449 587 1474 nec
630 1434 737 1486 quod
778 1434 874 1473 Ern.
915 1433 1062 1483 VVagn.
1095 1431 1187 1469 Sch.
1222 1430 1500 1479 scripserunt:

37 1491 131 1529 hoc
163 1504 257 1530 uno
288 1493 471 1543 posito
502 1493 630 1530 haec
659 1492 791 1540 iura,
823 1501 901 1528 nec
933 1488 1041 1540 quod
1082 1487 1134 1526 de
1167 1485 1351 1524 Turnebi
1391 1486 1500 1523 coni.

40 1551 246 1599 expressit
269 1548 398 1600 Steph
424 1560 435 1586 τ
468 1549 551 1586 his
581 1548 776 1600 positis
807 1546 938 1584 haec
968 1546 1109 1594 iura,
1142 1542 1330 1581 codicum
1358 1545 1501 1579 aucto-

37 1606 164 1641 ritate
197 1605 474 1654 confirmatur,
508 1607 547 1643 in
582 1605 726 1655 quihus
751 1603 936 1641 omnibus
960 1606 1024 1639 est
1057 1604 1124 1638 aut
1156 1600 1284 1637 haec
1315 1597 1502 1648 ponite

38 1672 73 1698 s.
102 1662 279 1710 posite
316 1666 384 1698 aut
414 1662 540 1699 haec
569 1662 763 1712 posita.
824 1658 967 1707 Unde,
1015 1659 1049 1695 si
1080 1661 1123 1694 et
1153 1655 1351 1693 orationis
1392 1655 1503 1691 inte-

37 1717 174 1767 gritati
205 1717 285 1754 isto
319 1717 440 1755 modo
475 1722 586 1756 recte
620 1714 906 1754 consuleretur
936 1721 977 1751 et
1009 1713 1302 1750 sententiarum
1329 1710 1504 1748 sinceri-

36 1773 139 1821 tati,
184 1773 352 1810 efficere
401 1774 495 1811 hoc
541 1774 716 1823 posito
763 1770 863 1809 nihil
908 1770 1096 1822 profecto
1142 1767 1355 1818 religionis
1402 1765 1504 1803 mihi

40 1828 217 1866 afferret.
278 1830 332 1866 At
365 1831 496 1867 iustae
529 1842 633 1879 quae
666 1830 844 1866 existunt
873 1827 1166 1874 dubitationes,
1197 1836 1275 1862 nec
1300 1824 1380 1860 ista
1411 1835 1504 1860 cor-

42 1884 226 1920 rectione
254 1896 331 1921 nec
362 1884 530 1935 reliquis
562 1887 740 1923 uirorum
774 1883 984 1921 doctorum
1015 1881 1262 1919 coniecturis
1283 1878 1502 1927 tolluntur,

43 1937 170 1976 ueluti
204 1939 425 1978 Lambiana
456 1955 504 1979 ex
538 1941 626 1981 cod.
658 1941 906 1978 Memmiano
938 1939 1137 1990 repetita:
1177 1937 1275 1975 hoc
1307 1936 1504 1986 posito,

43 1995 172 2032 haec
203 1997 313 2033 iura
342 1998 665 2048 pontificum
706 1996 1066 2034 auctoritates
1105 1997 1327 2031 secutae
1363 1997 1504 2040 sunt,

42 2052 320 2102 Zumptiana:
367 2054 563 2103 Sacra,
609 2054 705 2091 hoc
752 2054 937 2103 posito
983 2052 1132 2096 iure,
1179 2048 1504 2100 pontificum

42 2108 371 2146 auctoritate
401 2115 691 2147 consecuta
716 2112 856 2157 sunt,
882 2107 1078 2144 Bakiana:
1109 2106 1229 2143 hinc
1250 2106 1361 2142 iura
1381 2117 1505 2154 pon-

43 2161 253 2200 tificum
288 2167 620 2203 auctoritate
652 2170 946 2202 consecuta
978 2167 1104 2200 sunt
1145 2161 1327 2210 (omissis
1366 2160 1504 2197 uerbis

42 2219 228 2270 ponite
259 2220 426 2266 haec).
489 2221 530 2258 ln
570 2222 660 2259 istis
700 2233 802 2271 quae
839 2220 989 2257 merito
1023 2216 1316 2270 displicerent,
1349 2218 1504 2268 primus

43 2280 156 2313 recte
183 2278 347 2326 aperuit
380 2277 518 2316 Madu.
552 2278 592 2315 in
623 2290 765 2329 progr.
797 2289 835 2328 p.
870 2276 941 2316 21.
1003 2276 1082 2324 Qui
1123 2273 1286 2325 quidem
1330 2274 1505 2324 primum

42 2330 243 2383 pluralem
287 2345 501 2371 numerum
544 2335 658 2372 iura
701 2333 868 2382 negauit
905 2345 1047 2369 uerum
1089 2344 1203 2380 esse,
1240 2331 1330 2380 quia
1369 2329 1506 2367 uerbis

42 2387 124 2426 illis
159 2393 211 2426 ut
242 2401 300 2427 ne
329 2410 384 2416 —
417 2391 633 2428 uenerit
664 2402 786 2427 unum
818 2394 1044 2440 poneretur
1067 2385 1136 2443 (ut
1158 2399 1271 2425 sacra
1291 2387 1342 2424 iis
1366 2389 1507 2423 essent

45 2444 252 2494 adiuncta,
282 2447 346 2496 qui
381 2447 593 2497 pecuniam
626 2444 933 2497 accepissent);
964 2445 1091 2496 idque
1120 2446 1256 2496 ipsum
1288 2441 1393 2481 addo
1424 2455 1504 2480 non

45 2503 108 2539 ius
145 2514 253 2551 esse,
286 2501 358 2539 sed
396 2509 519 2554 caput
551 2504 809 2551 sententiae,
850 2500 956 2539 unde
984 2500 1145 2552 singula
1176 2501 1262 2538 iura
1292 2499 1507 2538 ducantur.

49 2558 209 2596 Deinde
241 2561 388 2596 merito
422 2572 589 2611 prauam
622 2560 838 2597 uerborum
867 2560 1200 2597 consecutionem
1236 2554 1508 2608 reprehendit

46 2614 355 2668 (occideret
387 2638 442 2645 —-
483 2615 734 2654 adiuncta
772 2618 921 2652 esset
950 2637 1004 2643 --
1032 2610 1246 2668 uenerit).
1306 2613 1434 2662 Quam
1473 2613 1509 2649 si

46 2671 196 2709 Bakius
227 2670 426 2711 facillima
456 2673 689 2711 coniectura
719 2670 935 2709 ueniret
962 2669 1053 2710 tolli
1080 2683 1204 2724 posse
1238 2669 1507 2718 existimauit,

0 2755 3 2817 ι
50 2727 158 2777 fugit
187 2740 278 2767 eum
312 2727 392 2767 diei
423 2730 656 2781 oportuisse
686 2728 955 2777 uenisset;
985 2729 1201 2780 pecuniam
1228 2727 1332 2765 enim
1359 2724 1408 2762 ad
1437 2736 1508 2762 eos

0 2822 3 2846 1
53 2785 218 2822 uenisse
265 2797 440 2825 necesse
492 2786 605 2834 fuit,
654 2789 868 2835 antequam
915 2796 1031 2839 sacra
1079 2786 1128 2822 iis
1175 2783 1508 2833 adiungerentur.

1 2885 4 2907 1

1204 2852 1289 2889 14*
