1781 3192
452 193 615 232 LlBER
646 189 866 231 PRlMUS.
917 191 1017 231 CAP.
1050 191 1096 230 ll.
1131 191 1195 230 ΙΙΙ.
1507 190 1561 227 15

91 310 272 349 Licinius
322 307 463 345 Macer
510 310 552 344 et
592 306 636 343 L.
677 304 850 342 Sisenna
894 303 1083 355 aequales
1126 307 1267 353 erant,
1313 304 1423 341 inter
1459 315 1559 353 quos

90 353 310 403 ami'citiam
361 376 440 401 non
481 362 774 402 intercessisse
817 359 928 398 nullo
971 362 1209 398 testimonio
1252 360 1559 411 comprobatum

91 427 166 461 est.
228 420 293 459 Cf.
326 419 378 458 de
411 420 599 467 Sisenna,
631 418 695 468 qui
728 419 768 455 in
803 418 946 467 primis
980 416 1132 454 bellum
1166 414 1319 454 sociale
1351 420 1392 453 et
1423 414 1559 454 Sulla-

90 491 186 516 num
218 477 438 526 enarrauit,
472 475 502 514 l.
541 475 591 514 G.
629 474 820 512 Uossium
853 470 887 524 Ι,
923 473 984 513 10.
1018 473 1126 513 Uell.
1160 474 1248 511 Pat.
1281 468 1338 524 II,
1371 470 1411 513 9.
1443 473 1559 511 Brut.
1601 492 1608 501 ·

91 533 162 585 64,
196 532 292 574 2¹28.

204 602 378 627 munus
401 587 516 637 hoc]
550 587 699 625 Merito
732 585 894 635 Bakius,
928 599 1014 623 cum
1051 592 1144 624 ante
1166 598 1389 637 pronomen
1414 584 1463 622 ad
1489 598 1557 622 se·
1607 627 1609 629 ,

92 647 259 696 quentia
291 646 413 682 uerba
443 642 615 682 relatum
647 648 776 693 esset,
809 642 860 680 ad
903 655 1080 680 munus
1124 642 1165 680 id
1198 642 1299 679 dixit
1332 643 1558 693 pertinere.

91 702 292 740 Nimirum
326 706 468 739 tuum
501 702 657 751 pariter
684 705 805 750 atque
836 700 1091 750 praecedens
1119 712 1235 750 pron.
1266 711 1373 749 perS.
1413 711 1460 735 eo
1494 702 1559 735 est

92 757 333 807 acuendum,
367 756 474 807 quod
503 758 679 807 primum
711 756 842 793 locum
877 757 1052 794 obtinet.

258 815 374 857 ΙΙΙ.
436 814 468 863 ἕ.
501 812 542 852 8.
604 813 805 863 capiat]
850 813 966 850 Ilanc
1004 813 1152 850 merito
1203 810 1386 849 editores
1435 809 1556 848 alteri

90 872 319 921 scripturae
373 870 613 920 capiatur
658 883 678 907 a
724 868 832 907 Uict.
876 876 1068 920 receptae
1107 867 1415 920 praetulerunt,
1468 868 1560 918 quia

92 933 134 965 et
174 927 368 964 maiorem
410 926 536 963 habet
574 925 757 963 codicum
800 927 1084 964 auctoritatem
1128 930 1170 963 et
1203 925 1408 963 scribendi
1441 936 1559 961 exor-

91 996 159 1022 sus
205 982 350 1020 melius
403 983 585 1032 proxime
640 982 689 1019 ad
732 982 976 1019 Ciceronem
1029 983 1232 1031 refertur,
1295 994 1410 1032 quam
1468 982 1560 1018 uni-

92 1052 214 1078 uerse
248 1039 429 1077 effertur.
491 1039 552 1075 Ex
592 1038 751 1076 consilii
784 1043 917 1075 autem
950 1051 1025 1088 per
1057 1039 1356 1075 coniunctiuum
1388 1036 1560 1075 indicati

88 1097 260 1133 notione
303 1092 383 1147 (cf.
421 1090 479 1142 Il,
516 1093 580 1132 17.
612 1092 681 1133 43.
721 1093 840 1131 Caes.
879 1095 918 1130 B.
953 1094 1004 1131 G.
1044 1091 1123 1143 lll,
1173 1092 1232 1132 14.
1277 1107 1373 1131 non
1427 1094 1559 1131 satis

89 1151 392 1199 constabat,
443 1149 568 1200 quid
615 1148 867 1201 agerent)
919 1156 1090 1202 propter
1129 1150 1340 1200 utriusque
1379 1151 1558 1187 notionis

91 1207 373 1259 cognationem
412 1204 533 1244 facile
574 1210 639 1243 est
671 1204 866 1257 supplere
909 1219 1016 1244 eum
1061 1205 1331 1244 exordium
1364 1218 1558 1258 capere

92 1267 363 1317 oportere.

202 1321 403 1358 aetatis
434 1320 576 1371 suae]
615 1320 718 1359 Post
750 1321 1024 1359 Goerenzium
1068 1319 1200 1359 denuo
1233 1321 1378 1360 Bakins
1420 1325 1559 1373 spreta

90 1376 305 1415 meliorum
347 1376 532 1415 codicum
573 1379 816 1416 auctoritate
857 1379 1021 1429 scripsit
1057 1391 1178 1416 suae
1211 1380 1432 1427 aetatis,
1465 1380 1558 1428 quia

91 1435 363 1486 oppositionis
398 1435 456 1471 uis
488 1434 734 1485 postularet,
769 1438 811 1471 ut
841 1447 1067 1484 pronomen
1099 1441 1440 1485 praeponeretur.
1503 1436 1558 1473 At

93 1502 189 1527 uero
236 1490 466 1540 pronomini
512 1503 635 1527 suae
671 1495 713 1527 ut
755 1488 981 1527 leuioribus
1021 1490 1231 1529 uocabulis
1274 1492 1474 1529 aetatis
1516 1496 1558 1529 et

93 1547 394 1583 memoriam
428 1547 675 1596 interposito
706 1545 865 1596 pondus
896 1546 1098 1596 quoddam
1129 1546 1224 1585 addi
1254 1547 1468 1586 intellectu
1500 1548 1559 1586 fa—

92 1600 170 1639 cile
203 1606 289 1649 est3
323 1601 523 1654 simulque
554 1603 629 1640 hac
661 1602 876 1640 uerborum
910 1602 1179 1641 collocatione
1210 1604 1252 1642 id
1285 1604 1479 1654 efficitur,
1514 1608 1558 1641 ut

92 1658 336 1695 adiectiuum
384 1658 683 1710 aequabilis
737 1671 806 1708 ea,
855 1672 932 1709 qua
972 1672 1045 1710 par
1086 1664 1172 1709 est,
1214 1661 1254 1699 ni
1293 1662 1554 1712 insigniatur.

92 1714 156 1752 Cf.
193 1726 296 1764 quae
326 1714 411 1752 dixi
444 1716 494 1753 ad
527 1711 585 1764 ΙΙ,
618 1713 659 1755 4.
692 1712 732 1754 9.
977 1756 981 1757 ⁷

203 1772 448 1808 memoria
491 1776 644 1821 atque
676 1770 877 1821 aetate]
917 1773 939 1810 i.
974 1784 1011 1809 e.
1054 1773 1095 1810 in
1125 1772 1201 1811 hac
1233 1778 1369 1813 aetate
1400 1778 1554 1821 nostra,

90 1840 208 1878 quam
247 1829 443 1865 memoria
487 1827 810 1879 complectimur.
875 1829 983 1865 Nota
1024 1833 1088 1866 est
1129 1842 1228 1867 sane
1269 1844 1316 1869 ea
1348 1832 1555 1870 Romano-

90 1896 176 1921 rum
211 1885 479 1934 consuetudo,
513 1897 588 1934 qua
621 1884 719 1922 duas
750 1897 839 1933 reS‚
883 1897 978 1934 quas
1020 1898 1093 1923 nos
1135 1899 1210 1923 una
1241 1889 1411 1926 notione
1442 1902 1555 1928 com-

88 1939 334 1991 plectimur,
379 1939 603 1979 disiunctas
644 1942 754 1978 iuxta
796 1953 841 1978 se
881 1946 1052 1991 ponunt.
1114 1942 1179 1981 Cf.
1212 1944 1323 1982 Brut.
1356 1944 1426 1993 83,
1459 1944 1555 1987 288.

90 1996 150 2033 de
190 2000 355 2033 musto
396 2010 450 2035 ac
490 1997 602 2035 lacu
638 1996 895 2035 feruidam
936 1999 1238 2040 orationem.
1298 2001 1389 2040 Cat.
1418 1999 1450 2051 Ι,
1488 2002 1554 2043 13.

90 2052 159 2092 31.
197 2065 298 2089 cum
344 2058 495 2090 aestu
542 2054 785 2102 febrique
825 2055 1104 2093 iactantur.
1144 2068 1218 2106 pro
1256 2057 1377 2096 Facc.
1423 2060 1470 2107 2,
1512 2059 1554 2099 5.

88 2108 496 2147 necessitudine
534 2123 589 2148 ac
629 2114 917 2148 uetustate.
960 2123 1034 2162 pro
1074 2112 1199 2151 Arch.
1239 2111 1281 2163 6,
1324 2113 1388 2154 13.
1430 2115 1551 2156 Uerr.

90 2164 141 2214 V,
181 2162 246 2205 14.
278 2163 348 2205 36.

200 2222 248 2259 in
289 2220 435 2260 illum
477 2223 902 2275 memorabilem]
951 2224 1069 2274 Quod
1108 2238 1156 2264 ex
1198 2228 1446 2278 quorundam
1480 2244 1550 2269 co-

87 2277 221 2315 dicum
251 2279 402 2316 mendo
440 2281 486 2316 in
525 2278 676 2318 illum
723 2286 772 2318 et
807 2282 1198 2321 memorabilem
1239 2286 1465 2325 effecerunt
1499 2287 1552 2326 de

88 2333 270 2372 Turnebi
289 2336 524 2373 coniectura
545 2335 693 2387 reliqui
716 2338 765 2375 in
792 2336 939 2375 illum
955 2343 1053 2376 met
1078 2342 1487 2393 memorabilem,
1506 2345 1551 2383 id

87 2390 233 2427 merito
281 2390 461 2429 Orellius
501 2391 733 2443 Bakiusque
779 2399 982 2444 negarunt
1025 2395 1242 2436 ferendum
1292 2413 1395 2438 esse.
1466 2401 1551 2439 Sed

85 2445 192 2496 quod
223 2445 290 2483 hic
321 2460 443 2484 mem
458 2447 709 2486 orabilem
742 2455 874 2488 ortum
895 2463 986 2488 esse
1008 2450 1109 2490 dicit
1131 2466 1179 2490 ex
1202 2455 1549 2508 interpretatione

87 2503 201 2540 uerbi
237 2503 475 2541 incurret
514 2505 688 2555 margini
728 2505 957 2558 adscripta,
996 2507 1039 2546 id
1067 2509 1208 2560 procul
1243 2511 1365 2551 dubio
1396 2513 1548 2553 falsum

86 2563 162 2596 est.
223 2559 558 2611 interpretationi
598 2562 632 2598 si
670 2561 913 2612 deberetur,
955 2566 1108 2603 rectius
1149 2567 1192 2606 id
1234 2568 1420 2609 additum
1454 2583 1549 2609 esse

85 2613 247 2653 diceres
278 2618 530 2667 pronominis
561 2618 861 2669 interpretandi
891 2621 1035 2670 gratia.
1098 2622 1182 2662 Sed
1207 2637 1297 2663 cum
1320 2639 1400 2664 non
1425 2628 1546 2666 modo

83 2671 126 2708 in
155 2670 274 2710 codd.
308 2671 610 2724 deterioribus,
659 2674 732 2713 sed
775 2679 896 2713 etiam
935 2677 976 2714 in
1009 2677 1041 2715 C
1071 2682 1113 2716 et
1143 2679 1224 2719 Gd.
1257 2682 1296 2722 2.
1329 2688 1372 2720 et
1402 2682 1545 2734 procul

83 2725 206 2765 dubio
237 2729 279 2769 in
311 2725 356 2778 δ,
388 2730 428 2767 in
461 2732 605 2781 quibus
637 2736 702 2769 est
740 2731 887 2770 illum
927 2737 1345 2788 memorabilem,
1387 2739 1544 2778 nullum

82 2782 438 2834 interpretationis
480 2788 697 2837 uestigium
738 2793 872 2827 exstet
910 2801 986 2827 nec
1026 2803 1174 2832 nouum
1221 2796 1275 2832 sit
1312 2797 1543 2847 pronomini
