1781 3192
204 187 295 227 28¹4
777 187 847 225 Dr:
880 187 1109 227 LEGlBUS

323 300 356 352 ξ.
389 299 459 341 20.
520 298 766 350 Namque]
828 299 919 337 Non
951 299 1213 351 progreditur
1243 301 1420 350 Quintus
1459 304 1499 340 in
1531 302 1674 355 dispu-

207 358 382 406 tatione,
415 355 488 394 sed
519 354 580 405 id,
610 355 720 406 quod
752 355 805 394 de
836 355 1074 396 turbulento
1108 358 1362 396 tribunorum
1393 359 1553 409 impetu
1584 362 1676 398 uni-

208 427 331 452 uerse
363 413 608 463 disputauit,
642 411 842 463 exemplis
873 414 1099 453 confirmat.
1162 414 1302 465 ltaque
1325 427 1399 465 pro
1424 427 1547 465 praua
1571 414 1677 456 dett.

211 468 330 508 codd.
370 470 630 506 correctione
663 476 849 519 atque,
892 483 993 521 qnae
1035 470 1168 508 adhuc
1210 469 1374 520 uulgata
1412 476 1500 520 est,
1538 472 1678 522 recepi

210 526 468 563 uerissimam
512 525 649 562 mendi
693 538 884 576 anque,
936 526 1041 577 quod
1087 529 1125 564 in
1166 527 1406 565 melioribus
1448 533 1536 577 est,
1584 540 1679 566 cor·-

208 585 434 620 rectionem
468 594 687 631 namque
720 595 740 618 a
774 581 895 620 Bukio
927 588 1142 623 tentatam.

323 637 371 676 C.
404 635 741 688 Flaminium]
805 634 845 676 Is
880 645 928 679 tr.
964 639 1018 691 pl.
1051 639 1185 689 legem
1227 638 1279 677 de
1318 652 1414 689 agro
1448 638 1596 690 gallico
1638 644 1681 677 et

209 696 359 746 piceno
408 694 560 731 uiritim
605 694 830 732 diuidendo
873 709 906 735 a.
940 696 1040 737 526.
1084 695 1180 734 tulit
1221 702 1263 734 et
1302 696 1353 734 ad
1390 697 1679 734 Trasimenum

208 752 341 790 lacum
373 749 619 787 interfectus
653 757 733 790 est.
780 751 842 791 Cf.
877 752 963 790 Cic.
997 754 1068 791 Ac.
1105 753 1152 802 ll,
1185 753 1210 793 5
1265 752 1326 793 13.
1361 753 1476 790 Brut.
1514 750 1579 802 14,
1611 752 1679 792 57.

211 807 263 846 de
307 807 390 846 lnu.
432 802 497 856 ll,
547 805 609 847 17.
650 807 720 848 52.
759 808 852 847 Cat.
894 808 995 849 Mai.
1033 808 1086 860 4,
1123 810 1188 850 11.
1228 808 1281 847 de
1310 810 1356 850 N.
1391 810 1439 848 D.
1473 805 1540 859 ΙΙ,
1568 807 1608 849 3.
1640 807 1679 848 8.

210 862 357 914 Polyb.
390 859 448 912 ll,
480 862 548 902 21.

329 932 461 970 quae
493 921 584 957 iam
618 921 798 972 prisca
830 919 930 959 uid.
972 920 1077 971 cet.]
1147 922 1362 960 Sententia
1402 921 1543 959 liorum
1590 933 1681 959 uer-

210 979 354 1016 borum
387 981 502 1021 recte
535 977 613 1013 iam
646 989 667 1013 a
701 977 808 1014 Gzio
853 977 1054 1028 explicata
1098 977 1199 1015 haec
1227 984 1315 1018 est:
1359 977 1586 1028 relinquam
1621 990 1684 1026 ea,

212 1047 316 1085 quae
350 1033 441 1083 quia
475 1034 554 1070 iam
584 1034 758 1070 uetustis
792 1035 1045 1084 temporibus
1076 1034 1185 1072 sacta
1213 1041 1321 1085 sunt,
1354 1041 1534 1072 nostram
1569 1037 1683 1071 aeta-

213 1097 297 1129 tem
342 1102 421 1127 non
463 1102 562 1126 sane
604 1091 809 1140 attingere
856 1090 1062 1131 uidentur.
1138 1092 1240 1129 Nam
1290 1093 1425 1143 prisca
1475 1095 1572 1128 sunt
1618 1103 1681 1139 ea,

216 1159 321 1197 quae
362 1145 490 1183 multo
530 1150 624 1183 ante
671 1146 860 1198 suerunt,
913 1160 1022 1186 nunc
1063 1148 1152 1186 fere
1201 1149 1240 1185 in
1289 1161 1402 1186 more
1448 1159 1528 1184 non
1576 1153 1684 1186 sunt.

214 1203 271 1241 cf
313 1203 400 1240 Cic.
433 1200 485 1239 de
518 1202 590 1240 Or.
629 1198 707 1251 ΙΙΙ,
748 1203 807 1243 ll.
840 1202 906 1244 4⁴2.
970 1203 1126 1242 Cotta
1167 1204 1403 1255 gaudere
1444 1202 1570 1241 mihi
1612 1203 1684 1240 ui-

215 1259 377 1298 detur
408 1259 679 1309 grauitate
712 1257 921 1308 linguae
955 1273 1186 1311 sonoque
1219 1262 1364 1298 uocis
1397 1260 1600 1311 agresti
1633 1264 1686 1296 et

212 1314 378 1365 illud,
417 1314 550 1364 quod
592 1312 855 1365 loquitur,
903 1318 1134 1367 priscum
1186 1317 1350 1354 uisum
1402 1317 1464 1353 iri
1513 1319 1685 1366 putat,

215 1374 257 1410 si
289 1370 447 1424 plane
478 1370 646 1407 fuerit
677 1372 945 1411 rusticum.
1009 1372 1292 1423 Similiterque
1314 1374 1351 1410 in
1383 1371 1545 1410 laudem
1581 1372 1685 1409 diei-

214 1435 281 1467 tur
332 1428 509 1478 prisca
557 1427 830 1464 seueritas
880 1427 931 1464 de
977 1428 1076 1466 Har.
1113 1429 1237 1478 Resp.
1285 1428 1356 1477 13,
1395 1428 1461 1467 27.
1513 1431 1687 1478 prisca

216 1483 585 1524 sanctimonia
617 1482 716 1523 Tac.
742 1484 848 1522 Ann.
872 1479 953 1533 Ill,
986 1482 1055 1524 69.
1087 1489 1129 1522 et
1150 1484 1202 1522 de
1227 1485 1412 1522 oratione
1439 1483 1688 1521 coniunctim

217 1542 398 1594 prisca
430 1540 710 1577 uerborum
746 1544 988 1579 uetustas
1022 1540 1073 1579 de
1101 1541 1173 1579 Or.
1200 1540 1230 1590 l,
1263 1539 1332 1581 43.
1374 1538 1463 1590 193,
1495 1541 1560 1578 ubi
1594 1539 1690 1578 uide

216 1596 489 1636 Ellendtinm.
552 1595 685 1634 Recte
715 1597 839 1647 igitur
872 1598 974 1636 Mos.
1016 1599 1085 1637 Or.
1124 1597 1273 1635 Bakius
1314 1602 1409 1649 post
1451 1600 1689 1636 uetusta-

217 1660 317 1693 tem
339 1654 689 1704 interpunxerunt
707 1681 720 1702 ,
747 1652 855 1692 male
883 1656 1120 1705 superiores
1149 1659 1244 1706 post
1270 1654 1537 1692 uidentur.
1606 1654 1690 1692 De-

216 1712 417 1750 teriorum
447 1708 700 1760 quorundam
733 1710 856 1749 codd.
891 1712 1192 1749 correctionem
1226 1724 1354 1761 quae
1376 1711 1546 1762 prisca
1569 1713 1690 1748 sunt

218 1767 384 1807 omissis
427 1767 565 1804 uerbis
602 1771 829 1817 propter
869 1772 1204 1806 uetustatem
1250 1768 1390 1805 Lamb.
1424 1767 1557 1807 Gebli.
1589 1766 1688 1805 Ern-

217 1825 362 1875 Wagn.
396 1824 450 1860 ita
481 1823 722 1874 probarunt,
756 1828 800 1861 ut
830 1824 870 1862 hi
906 1830 991 1861 tres
1032 1825 1127 1863 iam
1169 1825 1427 1873 retinerent,
1465 1823 1572 1874 quod
1613 1835 1691 1860 una

220 1894 310 1919 cum
345 1881 481 1918 uerbis
513 1884 737 1931 propter
767 1885 1088 1919 uetustatem
1119 1894 1140 1919 a
1164 1881 1230 1921 Dr.
1255 1880 1292 1921 2.
1323 1880 1437 1920 Med.
1463 1879 1579 1921 Harl.
1600 1879 1690 1920 1.2.

220 1939 270 1977 D.
305 1938 451 1975 abesse
484 1937 525 1974 in
560 1941 698 1974 annot.
731 1938 825 1976 crit.
857 1951 936 1976 non
970 1936 1179 1976 adnotaui.

340 1995 420 2044 qui
437 1992 460 2030 d
485 1994 619 2031 iuris
647 1993 796 2031 bonis
821 1993 976 2044 uiris]
1040 1994 1305 2033 'l‘ennissima
1327 2006 1548 2046 paucorum
1568 1991 1691 2031 codd.

224 2051 331 2089 dett.
367 2051 614 2087 auctoritate
646 2049 792 2087 Bakius
826 2051 960 2088 uiris
993 2052 1148 2101 omisit,
1181 2052 1277 2102 quia
1307 2051 1347 2088 in
1388 2050 1460 2088 tali
1501 2050 1692 2101 descrip-

222 2108 340 2144 tione
372 2107 519 2144 Cicero
554 2108 733 2154 bonos,
763 2119 842 2144 uon
877 2109 1036 2145 bonos
1078 2109 1224 2145 uiros
1269 2106 1479 2158 appellare
1520 2105 1691 2144 soleret.

222 2162 346 2211 Quod
378 2175 498 2199 secus
531 2176 625 2199 esse
656 2161 796 2212 plures
829 2175 920 2199 eum
952 2163 1165 2200 Ciceronis
1197 2163 1275 2200 loci
1309 2162 1461 2200 docere
1498 2165 1694 2213 poterant

223 2221 272 2257 ab
304 2219 397 2270 ipso
427 2217 599 2267 laudati,
633 2222 676 2254 ut
706 2231 778 2269 pro
812 2219 926 2257 Sext.
958 2217 1037 2268 49,
1076 2219 1165 2259 105.
1209 2218 1301 2256 sed
1342 2217 1597 2256 ualebant
1637 2219 1690 2255 in

222 2280 415 2313 senatu
458 2272 687 2322 multum,
730 2274 862 2325 apud
905 2276 1065 2313 bonos
1110 2277 1256 2314 uiros
1301 2273 1604 2326 plurimum.
1636 2275 1690 2313 ib.

226 2329 415 2381 53,114
463 2331 546 2368 uir
578 2336 629 2368 et
663 2332 829 2368 bonus
870 2336 926 2368 et
966 2334 1224 2369 innocens
1269 2336 1321 2369 et
1359 2332 1509 2368 bonis
1554 2331 1693 2368 uiris

226 2400 435 2439 semper
463 2388 739 2438 probatuS.
774 2387 826 2424 de
856 2388 932 2427 off.
969 2388 1017 2437 ll,
1059 2390 1120 2437 17,
1153 2388 1220 2428 58.
1250 2389 1293 2424 si
1327 2385 1640 2438 postulatur
1671 2399 1695 2423 a

224 2441 446 2496 populo,
481 2445 635 2482 bonis
670 2444 804 2481 uiris
832 2457 927 2481 non
961 2444 1421 2494 desiderantibus,
1463 2449 1693 2482 attamen

231 2501 656 2551 approbantibus
697 2499 997 2539 faciendum
1048 2508 1149 2549 est3
1200 2502 1342 2552 quibus
1385 2500 1546 2552 quidem
1590 2499 1693 2538 locis

226 2570 309 2595 non
342 2569 432 2606 eae,
465 2570 563 2607 quas
596 2556 743 2594 Bakius
776 2559 1042 2608 excogitauit,
1074 2571 1222 2596 causae
1245 2557 1471 2609 singulares
1494 2556 1692 2606 Tullium,

226 2620 272 2652 ut
304 2614 607 2652 substantinum
648 2613 849 2664 adderet,
892 2613 1159 2666 impulerunt.
1220 2614 1262 2652 Si
1304 2614 1401 2666 quid
1440 2614 1695 2652 discriminis

226 2671 408 2708 interest
439 2671 550 2707 inter
582 2671 749 2708 bonos
784 2678 826 2708 et
858 2671 1022 2709 bonos
1065 2673 1234 2720 uiros,
1276 2670 1384 2721 quod
1422 2676 1520 2722 puto
1560 2672 1694 2708 inter-

232 2739 345 2775 esse,
377 2726 568 2777 prol'ecto
601 2727 680 2764 hoc
711 2732 792 2776 est,
824 2727 932 2778 quod
965 2729 1083 2766 boni
1115 2729 1154 2766 in
1189 2740 1310 2766 unum
1342 2727 1542 2777 quoddam
1565 2739 1695 2778 genus

233 2781 400 2820 collecti
431 2783 681 2834 cogitantur,
713 2784 752 2821 in
788 2784 937 2823 bonis
971 2786 1112 2823 uiris
1142 2783 1401 2823 nominandis
1442 2785 1570 2835 magis
1608 2785 1693 2823 sin-
