1781 3192
480 198 638 237 LIBER
667 197 889 238 PRIMUS.
935 198 1033 238 CAr.
1061 199 1144 239 VH.
1493 201 1546 238 41

85 311 311 349 Uictorium
347 314 389 348 et
424 310 662 348 Lambinum
696 309 844 347 Bakius
883 311 981 349 deo
1012 312 1330 363 improbauerit,
1363 311 1411 349 ad
1445 313 1552 363 quod

82 365 147 405 uel
180 366 373 405 mendum
408 365 519 404 ducit
550 366 732 404 codicum
764 368 798 404 A
831 371 873 404 et
904 368 1085 406 Bunde.

196 425 481 461 uniuersus
515 423 606 473 sit]
662 422 764 472 Sit,
808 423 915 473 quod
953 436 974 460 a
1013 424 1105 462 cod.
1147 423 1258 462 arch.
1299 424 1380 462 iam
1421 424 1552 463 abfuit

82 492 158 517 nec
188 484 324 517 tamen
350 479 498 517 deesse
528 483 682 530 potest,
715 477 837 516 malui
870 484 965 530 post
996 481 1278 518 uniuersus
1309 482 1548 529 restituere,

83 549 198 586 quam
232 540 299 573 aut
332 549 420 573 cum
453 535 661 587 plerisque
688 536 985 586 interpretibus
1009 541 1102 587 post
1133 537 1326 575 ciuitas
1364 542 1431 575 aut
1457 551 1549 576 cum

81 593 267 631 Manutio
309 597 351 629 et
391 592 591 642 Wagnero
634 595 729 642 post
776 591 1151 640 existimanda,
1194 589 1293 630 licet
1332 595 1371 630 in
1409 596 1549 643 paucis

82 646 324 698 quibusdam
367 648 488 686 codd.
530 648 802 686 deterioribus
837 647 966 686 altero
1003 653 1091 686 utro
1117 649 1170 685 sit
1192 645 1282 685 loco
1316 651 1552 687 coniectura

81 705 333 741 restitutum.
416 705 498 742 lsto
542 703 630 742 loco
669 705 702 741 si
755 705 931 754 positum
987 704 1117 741 fuisse
1169 706 1459 754 statuerimus,
1511 710 1553 743 et

82 758 244 797 facilem
286 761 374 797 eius
416 762 678 799 omissionem
719 761 847 798 fuisse
890 764 1006 811 patet
1046 766 1088 798 et
1119 762 1373 811 exspectatio
1408 762 1548 798 statim

81 817 283 854 excitatur
310 818 423 854 uerbi
457 818 560 867 eius,
592 816 643 854 ad
674 816 781 868 quod
811 819 1018 868 pertineat
1060 829 1190 867 eoque
1228 817 1315 867 ipso
1350 829 1547 868 perquam

81 871 295 910 commode
319 872 544 911 absoluitur
564 875 783 912 sententia.
830 874 932 911 Post
951 874 1144 911 ciuitas
1169 877 1305 910 autem
1326 879 1548 924 propterea

81 930 214 966 minus
239 929 456 967 commode
481 929 643 967 uidetur
665 928 870 979 collocari,
900 931 993 980 quia
1015 942 1090 967 nec
1119 929 1170 966 ad
1199 929 1550 967 existimanda

81 985 122 1023 id
153 986 366 1036 pertinere
399 988 534 1023 statim
569 988 768 1034 sentitur,
816 991 858 1023 et
897 987 1029 1038 primo
1065 987 1200 1024 uerbis
1233 998 1327 1023 una
1362 987 1551 1024 ciuitas

81 1055 184 1079 com
201 1043 359 1079 munis
392 1042 554 1091 adiungi
589 1042 766 1079 uidetur.

196 1103 248 1134 et
275 1097 412 1146 qnod
444 1099 493 1134 in
526 1098 877 1147 ciuitatibus]
937 1097 1207 1135 Haesitarunt
1236 1098 1277 1135 in
1308 1097 1375 1136 his
1411 1098 1550 1136 uerbis

79 1151 235 1204 plureS,
285 1152 414 1191 ueluti
455 1153 673 1191 Ernestius
717 1153 915 1191 mendosa
968 1165 1063 1190 esse
1108 1152 1250 1191 dicens
1299 1158 1342 1191 et
1393 1154 1552 1192 Schue-

80 1211 211 1258 tzius,
256 1210 324 1259 qui
370 1210 567 1248 coniecit:
615 1214 667 1247 et
713 1209 844 1260 quod
891 1210 942 1246 in
991 1210 1311 1248 ciuitatibus
1361 1210 1429 1248 fit
1473 1224 1552 1248 ra-

79 1267 228 1303 tione
265 1265 477 1315 quadam
517 1262 604 1319 (de
640 1279 736 1316 qua
780 1266 992 1304 dicetur
1028 1266 1220 1303 idoneo
1270 1263 1442 1320 loco),
1496 1270 1552 1304 ut

79 1322 456 1372 agnationibus
512 1321 837 1360 familiarum
895 1321 1303 1371 distinguantur
1349 1328 1550 1371 status,

78 1379 135 1417 id
167 1382 248 1416 cet.
311 1380 388 1427 Qui
420 1382 554 1416 autem
575 1380 837 1430 interpretati
869 1384 979 1427 sunt,
1005 1390 1148 1429 parum
1180 1384 1294 1417 recte
1320 1378 1547 1430 expediue-

80 1440 193 1483 runt,
226 1432 354 1471 ueluti
386 1435 549 1484 Bakius,
582 1436 646 1485 qui
677 1434 1002 1485 breuiloquentia
1023 1439 1162 1472 notata
1196 1435 1329 1485 quod
1361 1434 1547 1488 (scillcet

80 1504 154 1542 pro
216 1492 459 1540 pronomine
503 1491 620 1529 relat.
667 1489 833 1543 habuit)
887 1491 1041 1528 dictum
1094 1502 1188 1528 esse
1243 1492 1300 1529 ait
1352 1504 1426 1543 pro
1487 1497 1548 1530 ut.

83 1547 162 1585 Est
203 1558 300 1583 sane
345 1547 510 1585 breuius
552 1547 719 1585 dicendi
757 1560 908 1597 genus,
957 1544 1076 1597 quale
1115 1546 1348 1597 Maduigius
1389 1560 1551 1599 quoque

86 1603 272 1653 agnoscit
304 1603 344 1639 in
379 1603 526 1653 Opuse.
557 1617 596 1655 p.
622 1602 738 1643 :Mis
780 1604 944 1641 Etenim
971 1604 1194 1640 accuratius
1217 1605 1249 1641 si
1273 1602 1382 1653 loqui
1405 1603 1550 1653 uellet,

86 1660 196 1709 loqui
246 1671 336 1696 eum
384 1661 441 1697 sic
488 1661 692 1711 oportuit:
740 1665 791 1697 et
838 1658 967 1710 quod
1015 1658 1083 1696 sit
1134 1660 1184 1696 in
1235 1661 1551 1698 ciuitatibus

84 1716 291 1753 ratione
333 1715 574 1765 quadam,
616 1721 665 1754 ut
704 1716 1081 1766 agnationibus
1119 1714 1436 1753 familiarum
1480 1716 1551 1753 di-

85 1774 425 1821 stinguantur
456 1777 653 1821 status,
686 1772 823 1810 idem
866 1772 934 1809 fit
971 1773 1021 1809 in
1059 1784 1233 1810 rerum
1273 1776 1459 1810 natura
1500 1773 1550 1809 iu

84 1840 244 1879 eaque
277 1833 355 1865 est
388 1833 535 1866 tanto
568 1829 1033 1879 magnificentius,
1067 1832 1121 1866 ut
1148 1828 1385 1866 homines
1427 1828 1551 1865 deo-

83 1898 192 1922 rum
240 1885 529 1933 agnatione
574 1890 623 1923 et
676 1890 829 1935 gente
884 1888 1184 1924 teneantur.
1262 1884 1346 1922 Sed
1401 1886 1552 1922 omissa

88 1941 391 1990 comparatione
430 1953 514 1978 rem
558 1942 695 1992 ponit,
737 1941 787 1978 ad
830 1954 945 1992 quam
987 1940 1181 1979 iudicium
1223 1941 1329 1992 quod
1368 1942 1552 1991 sequitur

87 1997 314 2044 rei'eratur3
354 2008 486 2046 neque
524 1997 625 2035 haec
665 1998 875 2048 quicquam
918 1996 1112 2035 differunt
1161 1998 1208 2035 ab
1258 1996 1360 2035 illis:
1415 1997 1550 2047 quod

84 2052 303 2090 litteras
351 2052 407 2089 ad
461 2066 532 2090 me
579 2066 673 2106 per
716 2054 1001 2091 Curionem
1052 2052 1282 2103 dedisti,
1328 2053 1380 2091 id
1424 2054 1550 2091 mihi

84 2112 389 2160 pergratum
441 2109 568 2159 suit,
612 2110 694 2146 nisi
735 2122 806 2159 eo,
837 2109 966 2160 quod,
1011 2111 1102 2159 quia
1129 2108 1173 2146 id
1202 2109 1307 2159 quod
1342 2111 1552 2160 posuisset

87 2163 436 2217 (familiarum
469 2170 640 2203 status
674 2164 954 2218 distingui)
974 2170 1146 2216 propter
1170 2164 1550 2216 distinguendi

89 2222 261 2258 uerbum
303 2233 384 2258 non
430 2222 529 2259 satis
568 2227 702 2274 aptum
744 2235 837 2260 esse
881 2222 1096 2260 uidebatur
1134 2220 1185 2259 ad
1225 2221 1396 2260 deorum
1428 2235 1550 2272 agna-

84 2278 240 2314 tionem
274 2276 588 2328 declarandam,
622 2291 696 2329 qua
728 2279 915 2316 homines
947 2282 1204 2327 tenerentur,
1236 2279 1467 2329 pronomini
1499 2277 1550 2316 id

85 2334 330 2383 epexegesin
365 2333 563 2382 quandam
591 2334 777 2372 addidit:
810 2339 864 2373 ut
892 2335 1124 2372 homines
1157 2334 1367 2372 deornm
1400 2347 1550 2386 agna-

82 2390 232 2426 tione
267 2393 320 2426 et
349 2395 507 2439 gente
541 2394 844 2428 teneantur.
893 2390 958 2429 Cf.
983 2391 1070 2429 Cic.
1101 2390 1153 2428 de
1176 2391 1243 2430 Or.
1265 2391 1331 2441 ΙΙΙ,
1363 2389 1549 2431 44173.

81 2443 243 2494 idque
293 2446 551 2496 princeps
599 2443 870 2484 Isocrates
912 2448 1221 2485 instituisse
1262 2447 1454 2497 fertur,
1496 2451 1550 2485 ut

82 2499 428 2541 inconditam
481 2504 810 2553 antiquorum
855 2502 1067 2541 dicendi
1106 2504 1549 2541 consuetudinem

84 2554 480 2595 delectationis
514 2562 671 2609 atque
703 2559 899 2597 aurium
933 2572 1081 2598 causa
1102 2560 1332 2598 numeris
1355 2561 1548 2598 astrin-

85 2617 252 2664 geret.
322 2613 386 2652 Cf.
432 2614 557 2664 Seyff.
597 2614 647 2652 ad
688 2613 797 2653 Lael.
835 2629 875 2667 p.
912 2615 1003 2656 151.
1062 2612 1262 2667 Idemque
1306 2617 1548 2667 epexegesis

87 2681 215 2719 genus
248 2671 288 2707 in
320 2672 564 2721 pronomine
595 2669 716 2708 relat.
747 2666 914 2709 ”notauit
942 2671 1081 2710 Madu.
1115 2672 1167 2710 de
1197 2673 1289 2710 Fin.
1323 2673 1371 2721 ΙΙ,
1403 2672 1445 2722 4,
1482 2672 1547 2713 12.

202 2727 544 2775 agnationibu
558 2727 597 2777 s]
657 2727 799 2765 Uarias
832 2729 1010 2766 uirorum
1045 2727 1257 2767 doctorum
1297 2729 1548 2779 interpreta-

89 2781 224 2819 tiones
265 2782 446 2820 resutare
487 2781 651 2834 longum
695 2788 782 2830 est3
827 2796 874 2822 ex
913 2786 1056 2834 quibus
1095 2786 1163 2834 qui
1204 2785 1281 2822 hoc
1326 2784 1375 2820 ad
1416 2784 1546 2833 patri-

1304 2854 1326 2873 ’ἦ
