1781 3192
211 194 300 233 178
781 194 851 233 DE
882 194 1115 234 LEGIBUS

338 306 460 357 quid
503 306 638 342 enim
680 307 844 343 maius
886 308 986 358 cet.]
1046 308 1159 345 Haec
1198 307 1332 343 omnia
1376 320 1548 357 augures
1581 310 1681 348 effe-

226 368 372 402 cerunt
412 361 748 411 obnuntiatione,
789 375 864 412 qua
901 365 960 401 uti
991 368 1127 401 tamen
1161 363 1440 401 tantummodo
1473 370 1681 415 poterant,

226 432 316 457 cum
355 417 597 465 magistratu
635 422 799 456 auctore
839 421 1006 468 auguria
1046 420 1284 469 capiebant3
1334 431 1426 456 nam
1474 421 1553 470 ipsi
1600 433 1682 458 non

225 474 429 512 habebant
461 473 730 522 spectionem.
763 474 826 514 Cf.
854 474 1094 525 Marquardt
1125 476 1215 512 Ant.
1251 475 1366 514 Rom.
1400 475 1446 515 ll.
1478 474 1515 515 3.
1549 488 1587 526 p.
1615 476 1684 515 72.

226 529 529 567 Obnuntiantes
570 534 705 567 autem
744 532 1022 581 magistratui,
1073 532 1137 568 cui
1177 530 1348 569 aderant
1396 533 1435 568 iu
1487 533 1684 583 auspicio,

227 586 287 622 uti
319 583 508 621 solebant
540 586 676 623 uerbis
709 585 813 624 alio
845 586 950 636 die,
994 592 1037 624 ut
1075 586 1206 624 sutilis
1247 588 1301 623 sit
1332 588 1532 625 correctio
1565 587 1684 626 codd.

230 639 332 679 dett.
365 639 555 688 aliter,
589 654 706 690 quam
739 644 930 694 Zumptio
963 656 1040 680 non
1066 655 1233 693 prorsus
1262 642 1524 694 displicuisse
1546 645 1685 681 miror.

226 697 290 735 Ne
329 695 434 733 alio
475 696 639 746 quidem
681 700 832 737 omisso
873 700 1127 737 substantiuo
1168 698 1278 747 die,
1322 704 1364 736 ut
1404 699 1505 737 Gzio
1555 701 1686 737 uisum

227 756 308 801 est,
347 756 460 789 recte
499 751 661 792 dicitur.
721 757 855 805 Atque
896 754 1079 792 additum
1122 760 1186 792 est
1225 767 1400 803 nomen,
1444 756 1688 805 ubicumque

231 806 302 845 illa
333 806 509 845 formula
541 817 897 851 commemoratur.
930 811 990 849 Cf.
1023 812 1109 849 Cic.
1139 809 1243 849 Phil.
1270 807 1327 860 ll,
1360 809 1426 850 33.
1458 810 1511 850 83
1545 816 1586 848 et
1615 808 1686 850 84.

226 864 356 902 Briss.
388 863 440 901 de
472 864 610 907 Form.
642 862 673 905 I.
708 880 748 917 p.
782 865 883 915 1193
924 872 966 904 et
996 871 1166 918 propter
1198 867 1426 905 simillimas
1465 868 1581 905 uerbi
1619 879 1688 905 se-

228 920 391 970 quentis
422 917 585 959 litteras
617 921 814 961 facillima
846 924 933 961 eius
965 924 1133 961 omissio
1173 923 1265 961 fuit.
1325 922 1472 975 Steph.
1503 928 1546 961 et
1575 923 1687 962 Man.

226 974 380 1013 alium
413 975 628 1023 dixerit.

340 1056 655 1105 magistratu
689 1070 741 1096 se
773 1058 1045 1108 abdicent]
1107 1057 1276 1096 Scilicet
1307 1058 1340 1095 si
1372 1057 1467 1107 rite,
1507 1070 1555 1095 an
1589 1057 1688 1095 uitio

227 1112 356 1149 creati
389 1117 530 1150 essent
556 1116 841 1164 magistratus,
884 1116 1190 1164 ambigebatur,
1224 1114 1276 1151 de
1310 1126 1357 1151 eo
1388 1113 1686 1151 decernebant.

229 1168 319 1217 Quo
351 1166 483 1217 facto,
525 1171 559 1207 si
594 1171 694 1208 uitio
724 1176 884 1209 creatos
918 1170 1133 1219 dicebant,
1176 1175 1344 1208 senatus
1387 1168 1600 1218 decreuit,
1644 1173 1688 1205 ut

228 1224 469 1272 magistratu
502 1237 548 1263 se
580 1226 835 1265 abdicarent.
896 1228 1020 1265 Cuius
1054 1228 1216 1275 generis
1249 1223 1514 1263 memorabile
1547 1237 1687 1262 exem-

223 1278 575 1373 {iumlxirassitum
618 1287 682 1320 est
722 1296 742 1319 a
778 1282 862 1323 Cic.
906 1283 958 1321 de
999 1283 1092 1321 Nat.
1126 1283 1249 1320 Deor.
1282 1282 1333 1331 11,
1366 1279 1407 1320 4.
1468 1280 1530 1320 Cf.
1563 1281 1686 1318 etiam

261 1347 314 1374 iu.
402 1361 416 1383 ,
478 1367 486 1375 .

342 1414 451 1438 cum
495 1403 718 1453 populo,
766 1416 874 1440 cum
917 1403 1095 1454 plebe]
1164 1403 1265 1441 Cum
1303 1402 1453 1455 populo
1494 1405 1688 1454 agebatur

227 1458 402 1495 comitiis
435 1460 691 1509 centuriatis,
725 1472 813 1498 cum
847 1459 971 1510 plebe
1001 1460 1180 1497 tributis.
1242 1458 1314 1497 llla
1355 1460 1517 1496 nonnisi
1551 1461 1687 1510 auspi-

229 1518 320 1551 cato
350 1517 543 1564 poterant
573 1515 741 1562 haberi;
785 1515 888 1553 haec
928 1517 1222 1565 antiquioribus
1259 1516 1512 1567 temporibus
1552 1516 1688 1566 auspi-

228 1570 301 1607 ciis
342 1570 549 1610 carebant.
600 1572 688 1610 Liu.
726 1571 793 1620 Vl,
826 1570 894 1611 41.
933 1572 1049 1610 Dion.
1084 1570 1174 1610 Hal.
1211 1571 1277 1619 lx,
1306 1570 1376 1611 41.
1407 1571 1459 1621 Χ,
1491 1569 1531 1611 4.
1604 1570 1688 1609 Sed

228 1637 277 1663 ex
310 1638 387 1675 quo
419 1627 666 1665 tributorum
689 1628 945 1665 comitiorum
970 1628 1183 1665 crescebat
1205 1629 1400 1677 grauitas,
1430 1628 1687 1665 obnuntiatio

228 1693 389 1731 quoque
433 1695 455 1719 a
495 1684 671 1721 comitiis
715 1684 955 1725 centuriatis
996 1682 1193 1721 translata
1232 1688 1296 1721 est
1335 1683 1386 1720 ad
1422 1684 1575 1720 tributa
1612 1695 1688 1734 per

153 1768 162 1776 .
226 1735 342 1787 leges
383 1736 537 1775 Aeliam
588 1744 632 1776 et
675 1739 846 1778 Fufiam.
902 1739 966 1777 cf.
1008 1739 1247 1789 Marquardt
1286 1741 1377 1778 Ant.
1418 1751 1517 1777 rom.
1560 1739 1606 1777 11.
1647 1737 1685 1777 3.

223 1805 266 1843 p.
293 1791 361 1832 87.
398 1792 488 1832 121.
551 1795 657 1843 Quas
690 1808 776 1832 cum
813 1794 980 1832 Clodius
1013 1794 1251 1832 sustulisset
1278 1795 1382 1841 (Cic.
1416 1794 1508 1832 Vat.
1541 1794 1581 1844 6,
1619 1792 1685 1833 14.

224 1849 544 1944 {ginisstfiullff'
577 1850 644 1890 33.
678 1851 753 1889 Dio
784 1851 898 1890 cass.
931 1850 1116 1901 xxxvl,
1151 1850 1260 1901 13.),
1288 1849 1449 1889 Tullius
1489 1850 1564 1888 hac
1592 1849 1687 1900 lege

343 1982 502 2033 quid?
548 1982 738 2035 legem]
810 1985 1039 2023 Uerborum
1092 1989 1337 2023 structuram
1390 1997 1471 2022 non
1520 1997 1687 2036 prorsus

228 2037 375 2077 eodem
405 2039 528 2077 modo
570 2040 724 2079 absolui
765 2046 902 2092 patet,
939 2046 982 2079 ut
1024 2042 1215 2079 inchoata
1257 2047 1336 2079 est.
1396 2041 1455 2079 lta
1494 2042 1536 2079 in
1578 2041 1687 2078 hunc

228 2095 362 2133 ferme
393 2095 561 2133 modum
594 2098 714 2135 istam
747 2097 903 2135 absolui
925 2109 1098 2135 necesse
1121 2102 1256 2135 esset:
1289 2097 1411 2147 quid
1447 2095 1686 2147 praecla-

227 2152 366 2199 rius,
405 2163 551 2200 quam
593 2150 764 2202 legem
805 2158 885 2190 cet.
954 2152 1037 2190 Sed
1076 2155 1168 2203 quia
1209 2165 1372 2202 eorum,
1405 2154 1472 2202 qui
1512 2165 1686 2203 praece-

228 2205 346 2255 dunt,
388 2209 756 2257 comparatiuorum
800 2209 861 2245 uis
904 2209 1138 2246 etiamnunc
1180 2211 1308 2247 menti
1350 2209 1448 2246 satis
1479 2209 1685 2258 inhaeret,

225 2260 287 2299 illi
329 2263 412 2299 ius
454 2274 560 2299 cum
603 2262 797 2315 populo
837 2268 922 2301 aut
958 2261 1116 2314 plebe
1157 2264 1347 2315 agendi
1376 2265 1532 2302 notioni
1565 2263 1685 2302 aliam

228 2317 416 2368 adiungit
454 2316 619 2368 legis,
658 2321 700 2357 si
742 2332 837 2357 non
878 2321 995 2357 iure
1032 2325 1220 2370 rogata
1261 2326 1364 2369 est,
1412 2319 1685 2358 tollendae

226 2375 466 2423 notionem,
508 2377 704 2413 orationis
744 2388 1008 2427 progressum
1050 2378 1291 2427 pronomine
1331 2375 1456 2427 quid
1496 2374 1684 2429 (ferner)

227 2431 473 2480 significans.
534 2431 792 2469 Deteriorum
831 2431 949 2471 codd.
991 2433 1191 2483 scriptura
1232 2433 1275 2470 si
1313 2444 1414 2470 non
1453 2432 1566 2470 iure
1606 2445 1683 2470 ro-

226 2490 344 2536 gata
384 2491 467 2523 est
505 2486 655 2525 mendo
695 2488 956 2525 confirmatur
993 2487 1207 2526 meliorum
1250 2487 1401 2538 leges
1442 2500 1536 2525 non
1565 2489 1683 2525 iure

225 2546 415 2591 rogata
447 2546 541 2581 est.
600 2543 800 2581 Nimirum
834 2542 985 2595 leges
1016 2550 1150 2582 ortum
1180 2548 1244 2582 est
1275 2556 1324 2582 ex
1354 2543 1525 2581 duorum
1557 2556 1681 2581 uoca-

223 2595 411 2634 bulorum
458 2597 583 2648 lege
622 2601 662 2636 si
705 2600 958 2638 confusione.
1030 2600 1160 2638 Turn.
1200 2600 1345 2651 Steph.
1386 2599 1496 2637 Man.
1533 2597 1681 2649 leges

225 2665 322 2690 non
364 2654 479 2691 iure
517 2660 751 2704 rogatas,
818 2657 878 2693 De
920 2654 1013 2706 lege
1054 2657 1198 2694 Titia
1236 2657 1419 2705 itemque
1458 2653 1511 2692 de
1552 2655 1682 2693 Liuiis

225 2708 321 2746 uide
363 2722 465 2759 quae
505 2709 585 2747 dixi
628 2707 683 2749 ΙΙ.
723 2712 756 2761 ξ.
802 2710 860 2752 1-1.
911 2712 1105 2750 Pithoeus
1154 2710 1260 2749 Adu.
1304 2707 1358 2749 ll.
1402 2723 1433 2748 c.
1473 2711 1510 2750 5.
1559 2712 1681 2749 etiam

223 2763 265 2802 h.
295 2763 323 2802 l.
357 2766 497 2816 inepte
530 2767 707 2805 coniecit
741 2768 776 2805 T
791 2768 994 2807 horiam
1026 2767 1092 2807 uel
1124 2768 1338 2806 Turiam.
