1781 3192
501 194 662 232 LlBER
694 192 951 232 TERTfflS.
1006 192 1107 232 CAP.
1142 191 1229 230 XX.
1515 190 1599 229 551

233 307 292 345 de
340 311 678 358 potestatum
729 305 860 356 iure]
941 306 1056 354 Quae
1101 303 1222 342 modo
1270 304 1404 355 posita
1457 309 1586 340 sunt:

118 361 411 417 plerosque
444 367 492 402 in
526 365 758 413 magistr.
792 363 1138 408 ignoratione
1170 361 1303 398 iuris
1346 360 1429 397 siu
1470 357 1586 397 lucu-

120 421 262 459 lenter
292 425 468 470 arguunt
499 421 679 458 Marcum
713 419 759 456 ab
791 420 926 456 Attico
959 418 1188 467 admoneri,
1222 422 1264 455 ut
1296 416 1347 454 de
1369 417 1586 466 magistra—

120 481 231 516 tuum
266 479 355 514 iure
390 476 587 528 disputet.
651 476 898 514 Rectissime
938 476 1062 525 igitur
1090 475 1230 512 Madu.
1270 474 1308 510 in
1341 472 1585 510 Emendatt.

116 547 159 586 p.
208 533 299 572 107.
356 534 511 571 codicis
551 533 663 571 Mon.
710 533 1007 569 correctionem
1060 532 1271 583 probauit,
1321 541 1425 580 quae
1476 542 1583 567 nunc

117 588 269 627 mendo
309 591 430 627 etiam
472 591 736 628 confirmatur
777 587 894 627 codd.
934 587 1148 626 meliorum
1193 587 1253 624 de
1300 590 1583 638 potestate

115 651 220 684 tum
268 644 334 683 uel
374 659 486 684 cum
529 647 655 686 iure.
715 646 841 693 Quam
885 645 1103 696 repudiare
1136 644 1280 682 Bakius
1313 656 1392 680 non
1425 642 1583 690 debuit,

116 703 207 753 quia
250 706 500 753 potestas
541 716 618 740 non
659 701 868 739 diceretur
910 715 984 752 pro
1024 702 1358 752 magistratu.
1419 699 1482 740 Cf.
1525 695 1582 737 ll.

115 760 150 808 ᾗ.
184 757 251 798 31.
296 763 338 795 et
370 759 575 797 Halmium
619 772 691 810 pro
727 760 837 796 Ses.
890 757 963 807 26,
1005 758 1074 799 56.
1145 759 1287 807 lnepte
1327 756 1498 804 Bakius,
1541 761 1584 792 ut

115 819 212 851 ante
243 814 421 852 Lbinus:
465 816 526 853 (le
566 820 843 867 potestate
885 828 1060 852 eorum
1104 819 1152 851 et
1191 815 1318 852 iure.
1382 813 1580 850 Mmirum

120 870 304 922 deipsis
347 874 625 922 potestatibus
665 874 741 910 iam
787 872 912 921 dixit,
956 885 1060 909 nunc
1102 871 1152 908 de
1192 871 1279 907 iure
1323 882 1458 906 earum
1502 867 1582 905 dici

116 925 217 965 uult.
282 927 422 965 Ceteri
449 928 509 965 de
543 935 818 979 potestate
851 934 900 965 tu
916 942 950 964 m
987 930 1097 964 iure
1122 924 1161 975 (l
1189 928 1255 964 iet.
1279 923 1582 977 Stcph.Man.)

115 989 184 1021 aut
224 982 280 1021 de
322 990 624 1035 potestate,
673 991 773 1024 tum
817 984 875 1022 de
919 986 1031 1022 iure
1081 984 1240 1037 (Gehh.
1287 983 1385 1022 Dau.
1436 980 1579 1031 reliqui

112 1045 284 1091 excepto
319 1040 483 1092 namo).

228 1097 260 1146 ᾗ.
292 1093 359 1136 49.
422 1098 478 1135 Μ.
509 1098 695 1135 Junius
729 1095 939 1134 sodalis
964 1095 1030 1146 ἢ]
1082 1093 1326 1144 intelligitur
1345 1093 1575 1143 Mdunius,

113 1153 179 1203 qui
211 1159 382 1204 propter
415 1155 598 1191 intimam
622 1167 711 1191 cum
739 1154 781 1193 C.
809 1152 995 1190 Graccho
1020 1153 1340 1189 familiaritatem
1373 1150 1580 1188 Graccha-

112 1222 188 1246 nus
229 1209 457 1260 appellatus
493 1215 579 1257 est,
623 1212 736 1246 cuius
769 1209 916 1246 librum
950 1208 1002 1245 (le
1032 1208 1306 1258 potestatibus
1350 1219 1577 1244 memorare

112 1265 263 1302 dicitur
296 1263 387 1315 [³lp.
423 1264 513 1303 libr.
545 1261 572 1303 l.
613 1264 663 1301 de
694 1266 774 1302 Off.
815 1268 972 1314 quaest.
1005 1270 1047 1301 et
1077 1264 1126 1301 ad
1161 1276 1278 1312 quem
1312 1266 1507 1313 prouocat
1539 1267 1581 1300 et

111 1319 219 1360 Gell.
259 1321 307 1360 N.
351 1322 399 1360 A.
442 1321 554 1369 xlv,
594 1325 636 1359 ὅ.
676 1326 718 1358 et
757 1320 865 1359 Plin.
907 1321 959 1360 11.
1001 1321 1052 1358 N.
1094 1319 1276 1368 xxxin,
1311 1316 1350 1357 9.
1412 1318 1576 1356 sodalis

111 1376 264 1414 dicitur
296 1382 465 1427 propter
497 1375 851 1426 familiaritatem,
896 1390 998 1427 quae
1041 1377 1077 1413 ei
1121 1388 1211 1413 cum
1244 1375 1304 1413 M.
1335 1374 1578 1426 Pomponio,

110 1434 235 1470 Attici
280 1438 425 1483 patre,
458 1432 766 1481 intercedebat3
809 1446 900 1470 nam
942 1433 1050 1470 hunc
1096 1444 1254 1482 quoque
1292 1433 1334 1469 in
1366 1431 1577 1468 fidissimis

115 1488 288 1525 Gracchi
337 1490 478 1526 amicis
517 1489 647 1526 fuisse
686 1488 796 1528 Plut.
840 1490 981 1527 scribit
1019 1490 1057 1526 in
1103 1488 1149 1528 C.
1183 1486 1354 1526 Gracch.
1396 1500 1438 1538 p.
1470 1486 1577 1535 8423

111 1550 154 1582 et
192 1544 242 1582 ad
283 1545 340 1583 Μ.
386 1546 658 1595 Pomponium
702 1550 815 1583 certe
863 1546 1082 1597 scripsisse
1124 1544 1170 1582 C.
1213 1543 1440 1582 Gracchum
1489 1544 1575 1582 Cic.

110 1600 239 1638 tradit
269 1600 321 1638 de
353 1602 445 1639 Diu.
481 1602 528 1650 ll,
561 1600 630 1640 29.
663 1599 732 1641 62.
767 1600 916 1654 (sumsi
951 1601 1146 1653 pleraque
1178 1614 1199 1638 a
1230 1597 1394 1653 Bakio).

225 1680 316 1705 nos
348 1674 514 1707 autem
547 1669 650 1719 cet.]
712 1668 925 1706 Edebatur
965 1668 1060 1706 inde
1102 1682 1123 1705 a
1156 1668 1350 1705 Turnebo
1394 1671 1442 1705 at
1481 1679 1572 1705 nos

111 1723 173 1761 de
218 1725 330 1763 iure
376 1732 600 1764 naturae
649 1726 886 1775 cogitare
934 1738 1022 1776 per
1062 1737 1152 1762 nos
1191 1729 1344 1774 atque
1386 1722 1572 1761 dicere

111 1779 386 1830 debemus3
428 1783 468 1819 in
510 1796 583 1832 qua
627 1782 885 1820 correctione
923 1783 1154 1819 rectissime
1187 1793 1232 1818 se
1267 1780 1420 1817 habent
1453 1780 1574 1817 uerba

114 1842 325 1888 postrema
379 1840 623 1889 cogitare
664 1851 757 1889 per
792 1851 883 1875 nos
921 1842 1069 1888 atque
1109 1837 1300 1875 dicere.
1370 1836 1571 1873 Nimirum

112 1894 316 1943 significat
359 1896 399 1931 in
444 1897 532 1932 iure
572 1900 744 1932 naturae
787 1899 829 1931 et
871 1895 909 1931 in
951 1893 1185 1944 republica
1218 1891 1438 1930 secundum
1473 1891 1574 1929 illud

112 1950 402 1987 constituenda
435 1964 478 1988 se
512 1953 627 2001 sequi
660 1964 740 1988 non
774 1963 897 2001 posse
930 1964 1002 2000 ea,
1037 1963 1137 2000 quae
1168 1949 1319 1987 tradita
1351 1950 1453 1997 sint,
1498 1947 1573 1985 sed

111 2008 200 2057 ipse
233 2006 329 2055 quid
359 2008 527 2055 sentiat,
561 2007 703 2045 dicere
737 2006 913 2055 dehere3
952 2007 1002 2044 de
1037 2008 1123 2044 iure
1163 2003 1302 2057 populi
1340 2005 1494 2042 romani
1527 2017 1572 2041 se

114 2063 253 2099 dicere
286 2062 455 2112 debere,
488 2077 589 2113 quae
620 2063 770 2101 tradita
803 2064 900 2101 sint.
963 2064 1117 2112 Quibus
1148 2063 1285 2099 uerbis
1323 2061 1378 2101 M.
1410 2061 1572 2098 ,lunium

112 2117 256 2155 ducem
292 2131 337 2155 se
371 2132 462 2156 esse
503 2125 735 2157 secuturum
777 2120 1009 2169 significare
1052 2118 1229 2156 uidetur.
1297 2118 1409 2154 llaec
1451 2118 1574 2167 igitur

108 2172 299 2225 placent,
342 2174 538 2226 displicet
579 2180 715 2213 autem
756 2175 979 2213 uehemens
1022 2173 1093 2212 illa
1133 2186 1400 2226 personarum
1443 2186 1571 2223 oppo-

109 2232 220 2278 sitio,
252 2243 354 2280 quae
386 2230 585 2281 particula
617 2236 667 2268 at
698 2233 947 2269 continetur.
1009 2227 1152 2281 Itaque
1195 2231 1424 2280 posteriore
1461 2230 1570 2267 illius

111 2287 381 2323 correctionis
410 2293 527 2337 parte
560 2293 722 2325 retenta
754 2289 878 2325 aseiui
911 2300 959 2325 ex
991 2288 1103 2325 Bakii
1135 2288 1368 2324 coniectura
1408 2292 1568 2323 cetero-

112 2342 206 2391 quin
249 2354 391 2392 parum
443 2343 645 2393 probabili
686 2343 765 2395 (cs.
808 2357 902 2381 ann.
947 2341 1062 2397 crit.)
1104 2345 1227 2381 uerba
1266 2356 1336 2390 ea,
1380 2341 1430 2379 ad
1468 2354 1570 2391 quae

111 2397 228 2435 ducit
275 2398 405 2448 ipsum
451 2397 571 2436 codd.
616 2398 830 2436 meliorum
872 2400 1065 2437 mendum
1108 2398 1342 2448 diligent
1377 2410 1468 2435 nos
1506 2403 1565 2437 at.

108 2454 460 2502 Quemadmodum
502 2457 607 2492 enim
656 2451 731 2494 ΙΙΙ.
775 2456 810 2506 ᾗ.
842 2454 882 2495 4.
925 2458 1043 2510 (nos
1084 2462 1254 2493 autem
1288 2476 1342 2482 —-
1374 2468 1567 2492 accom-

107 2508 449 2561 modabimus)
491 2523 535 2547 se
580 2513 708 2562 ipsum
749 2513 919 2563 opponit
955 2513 1014 2550 rei
1051 2511 1238 2564 publicae
1280 2511 1568 2562 temperationi

106 2579 316 2614 romanae,
349 2567 404 2603 ita
438 2579 483 2603 se
512 2566 552 2606 h.
587 2567 612 2606 l.
648 2570 819 2619 opponit
858 2569 918 2607 M.
958 2569 1102 2617 Junio3
1139 2569 1308 2618 eiusque
1348 2568 1410 2605 rei
1448 2580 1569 2605 causa

107 2623 208 2660 haec
239 2622 342 2672 fuit,
385 2622 491 2674 quod
524 2625 772 2662 sententiam
807 2636 922 2675 eam,
962 2638 1078 2675 quam
1110 2636 1194 2672 ⁴nos
1226 2622 1390 2675 quidem
1423 2636 1569 2663 secun-

170 2788 178 2795 ·
204 2744 235 2779 ⁴)
262 2744 296 2822 iln
323 2745 402 2788 ipsa
425 2744 588 2778 oratione
620 2757 707 2779 casu
735 2746 849 2788 prima
874 2745 984 2780 huius
1012 2747 1113 2779 uerbi
1152 2746 1273 2781 littera
1306 2757 1477 2790 express-a
1517 2751 1570 2781 est

106 2799 269 2822 maiuscu
288 2800 320 2823 a.

1312 2854 1358 2876 ὕῦ
