1743 3202
200 189 227 221 L
652 245 655 246 ⁷
784 189 1078 227 PRAEFATIO.

343 290 500 340 Quibus
543 290 747 341 capitibus
800 291 868 330 uel
917 294 1084 332 breuius
1131 293 1197 334 uel
1242 298 1445 348 copiosius
1491 297 1672 351 explica-

198 358 252 395 tis
294 355 346 395 de
384 357 691 407 magistratibus
730 359 808 397 sibi
851 361 910 398 ait
949 360 1169 400 dicendum
1213 374 1331 413 esse,
1379 365 1527 416 quippe
1569 377 1671 415 quo-

198 435 289 462 rum
330 423 555 477 descriptio
594 425 819 464 constituta
860 425 1065 480 religione
1110 442 1196 468 rem
1245 429 1451 482 publicam
1500 432 1673 470 maxime

200 492 425 529 contineat.

571 801 952 868 Argumentum
990 805 1111 854 libra·
1148 810 1298 855 tertii.

315 914 558 966 Priusquam
608 914 724 968 leges
766 915 819 954 de
858 918 1163 969 magistratibus
1201 921 1445 970 constituat,
1493 919 1675 960 Platonis
1742 965 1743 969 Ἰ

200 979 431 1033 exemplum
484 988 651 1022 secutus
697 985 954 1035 prooemium
1009 983 1115 1037 legis
1155 988 1411 1039 praemittit,
1463 1001 1540 1038 quo
1591 989 1678 1039 pri·
1742 976 1743 1008 Ῑ

199 1061 333 1099 mum,
391 1052 494 1099 quae
541 1053 605 1090 uis
662 1053 716 1090 sit
772 1052 1060 1103 magistratus,
1118 1053 1315 1105 explicat,
1373 1053 1524 1091 deinde
1578 1066 1678 1104 opus

201 1128 293 1153 esse
334 1128 476 1154 eorum
518 1119 693 1169 imperio
727 1118 934 1168 ostendit,
977 1118 1154 1171 denique
1183 1132 1266 1158 non
1298 1118 1429 1158 solum
1462 1121 1678 1169 magistra-

203 1183 313 1220 tibus
344 1183 602 1234 imperandi,
636 1183 710 1222 sed
743 1185 867 1223 etiam
901 1186 1057 1223 ciuibus
1091 1185 1403 1238 obtemperandi
1437 1184 1681 1235 colendique

200 1248 367 1287 modum
421 1252 682 1301 praescribit.
758 1252 915 1300 Quibus
964 1251 1174 1303 explicatis
1232 1251 1298 1290 lex
1345 1254 1434 1304 ipsa
1481 1252 1679 1302 sequitur,
1725 1238 1736 1272 ‘-

203 1330 305 1367 quae
337 1317 441 1355 haec
474 1318 608 1367 capita
638 1319 847 1355 continet:
1732 1359 1737 1372 ι

236 1384 274 1423 1.
309 1382 362 1421 (16
397 1384 548 1422 ciuium
582 1383 780 1422 aduersus
813 1384 985 1436 imperia
1018 1385 1127 1423 iusta
1160 1384 1398 1424 obedientia
1430 1385 1563 1436 deque
1593 1397 1681 1422 ma·
1737 1410 1740 1416 -

314 1450 559 1503 gistratuum
606 1452 720 1489 ciues
768 1465 849 1490 non
902 1451 1147 1491 obedientes
1196 1452 1415 1492 coercendi
1471 1456 1680 1504 potestate
1735 1464 1741 1500 ,j

315 1518 487 1569 eiusque
518 1519 710 1556 terminis
757 1521 791 1567 §.
824 1518 863 1560 6.
1715 1529 1742 1554 ⁴·

230 1585 269 1625 2.
312 1584 364 1623 de
403 1585 627 1623 minoribus
664 1586 993 1636 magistratibus,
1054 1599 1153 1637 quos
1212 1587 1354 1637 partiti
1395 1588 1493 1624 iuris
1521 1584 1681 1638 ‘plures
1739 1607 1743 1649 ιι

316 1655 358 1690 in
378 1652 496 1705 plura
520 1664 613 1690 esse
636 1652 768 1703 iubet,
793 1653 967 1690 tribunis
992 1651 1183 1703 militum,
1209 1655 1509 1704 quaestoribuS,
1531 1655 1679 1692 trium·
1738 1656 1743 1687 ἒ

318 1721 419 1759 uiris
452 1717 713 1771 capitalibus,
747 1720 975 1757 triumuiris
1006 1719 1309 1770 monetalibus,
1352 1720 1599 1758 decemuiris
1626 1719 1679 1758 li-

315 1789 422 1827 tibus
446 1786 695 1837 iudicandis,
732 1785 947 1825 aedilibus.
997 1789 1034 1835 §.
1060 1786 1095 1827 6.
1116 1786 1154 1826 Τ.

235 1857 273 1897 3.
321 1855 373 1894 (16
403 1866 620 1893 censorum
654 1866 827 1892 munere
863 1854 1032 1904 eiusque
1062 1854 1364 1906 perpetuitate3
1397 1853 1450 1892 de
1472 1856 1678 1906 praetori-

314 1925 411 1970 bus3
445 1921 499 1959 de
530 1920 791 1960 consulibus.
842 1924 878 1969 §.
913 1920 951 1961 7.
983 1920 1025 1960 8.
1703 1925 1722 1942 ⁶

248 1990 288 2031 4.
320 1990 372 2028 (16
403 1988 551 2027 eodem
586 1990 830 2040 magistratu
859 1989 968 2026 intra
1000 1987 1144 2027 decem
1177 2001 1304 2026 annos
1331 2000 1411 2026 non
1439 1989 1587 2027 iterum
1612 2002 1680 2027 ca-

319 2056 472 2110 piendo
506 2061 548 2094 et
579 2056 632 2096 de
663 2056 757 2107 lege
790 2055 940 2094 anuali.
988 2058 1022 2103 §.
1055 2053 1092 2095 9.

245 2127 284 2166 5.
318 2124 371 2162 (16
403 2123 607 2162 dictatore
638 2125 678 2161 in
711 2135 782 2161 sex
814 2135 979 2161 menses
1010 2119 1185 2160 dicendo
1215 2124 1257 2158 et
1284 2121 1371 2158 eius
1402 2126 1611 2172 potestate
1635 2135 1679 2160 ac

319 2190 373 2229 (16
407 2192 611 2241 magistro
645 2191 842 2242 equitum.
890 2192 922 2235 §.
955 2186 995 2228 9.

252 2264 295 2302 ὅ.
327 2258 379 2297 de
409 2258 619 2309 interrege
648 2272 668 2296 a
698 2263 841 2296 senatu
871 2255 1102 2308 prodendo.
1150 2258 1186 2303 §.
1219 2253 1259 2294 9.

244 2329 284 2368 7.
318 2326 369 2365 (16
403 2327 695 2377 imperiorum,
727 2328 1003 2377 potestatum,
1034 2322 1283 2374 legationum
1315 2327 1426 2359 extra
1460 2322 1599 2359 urbem
1634 2334 1678 2358 se

321 2393 493 2446 gerendi
524 2394 701 2431 ratione.
749 2396 786 2441 §.
819 2390 859 2432 9.

345 2463 504 2501 Horum
547 2459 710 2512 quidem
754 2460 934 2513 capitum
978 2460 1158 2498 omnium
1189 2454 1334 2494 lacuna
1365 2454 1577 2493 intercidit
1609 2468 1680 2494 ex-

202 2532 386 2586 plicatio.
1734 2545 1743 2604 Ι

247 2599 287 2639 8.
322 2596 374 2635 de
402 2595 533 2634 libera
565 2593 783 2646 legatione.
816 2598 847 2641 §.
880 2592 920 2633 9.
955 2592 1062 2646 expl.
1093 2596 1131 2641 §.
1166 2589 1227 2631 18.
1732 2610 1743 2626 ⁴

241 2666 282 2708 9.
315 2666 368 2705 de
407 2664 582 2702 tribunis
634 2661 768 2714 plebis
818 2673 1041 2712 eorumque
1092 2662 1313 2712 potestate.
1379 2659 1415 2705 ἕ.
1461 2655 1500 2696 9.
1571 2659 1680 2707 Quo-
1737 2664 1743 2710 ,ἴ

318 2745 406 2772 rum
449 2732 616 2769 nimiam
657 2732 910 2782 potestatem
943 2743 963 2768 a
994 2727 1193 2780 Pompeio
1236 2725 1469 2764 restitutam
1505 2724 1679 2773 Quintus
1735 2719 1743 2733 ²
