1781 3192
426 221 586 261 LIBER
618 219 838 258 PRIMUS.
891 218 988 257 Cn.
1024 217 1168 257 xxiii.
1448 215 1531 253 115

70 349 185 386 nus,
219 349 343 386 quos
375 339 556 373 natura
587 344 758 382 secum
800 330 1163 369 coniunxerit.
1231 328 1413 367 Primum
1455 339 1525 364 so-

67 395 258 431 cietatem
301 405 391 429 cum
430 392 541 428 suis
580 391 690 427 coire
730 387 900 435 dicitur3
950 389 1016 437 qui
1058 387 1150 437 quia
1190 385 1280 422 fere
1331 383 1526 421 dicuntur

67 450 259 501 proximi,
292 461 379 485 cum
411 448 473 484 his
504 451 637 484 autem
670 456 748 481 non
783 445 881 481 satis
913 448 976 480 est
1015 445 1119 480 inire
1166 442 1348 479 caritatis
1389 440 1525 477 socie-

68 512 219 543 tatem:
251 517 374 541 suos
405 515 545 542 omnes
577 500 788 539 habendos
821 512 913 537 esse
946 500 1163 548 significat,
1207 498 1274 548 qui
1315 496 1525 534 coniuncti

68 566 208 598 natura
241 561 323 597 sint
355 562 383 597 i.
409 573 442 598 e.
479 571 618 597 omnes
650 557 854 595 homines.
905 555 965 593 Cf,
989 569 1090 605 quae
1119 555 1170 591 de
1194 551 1367 591 naturali
1390 552 1526 589 homi-

67 629 158 654 num
187 617 296 653 inter
327 628 371 653 se
400 615 686 653 coniunctione
717 612 945 663 disputauit
976 625 1012 650 c.
1038 611 1102 651 10.
1137 615 1179 648 et
1213 611 1272 649 11.
1323 607 1526 647 Similiter

66 672 118 708 de
146 671 239 708 Fin.
274 667 330 720 ll,
370 671 432 711 1-1.
465 671 533 711 45.
563 670 778 722 praecipit,
811 675 854 705 nt
884 669 1005 706 homo
1039 667 1248 719 profectus
1292 678 1313 702 a
1354 665 1525 702 caritate

65 727 384 764 domesticorum
418 734 555 778 serpat
583 725 744 776 longius
777 731 819 761 et
850 738 893 762 se
925 723 1109 775 implicet
1139 724 1314 773 primum
1357 720 1523 770 ciuium,

64 782 216 820 deinde
254 785 429 821 omnium
475 781 703 821 mortalium
745 782 959 819 societate.
1033 779 1140 817 Uide
1180 779 1302 816 etiam
1345 775 1399 814 de
1427 777 1521 816 Fin.

63 835 144 889 lll,
182 836 246 878 19.
277 838 329 879 63

176 905 467 956 exacuerit]
520 905 702 954 Bakium,
736 905 801 954 qui
831 902 941 941 solus
974 916 1022 941 ex
1051 903 1324 940 deterioribus
1356 902 1525 952 quibus-

63 960 153 998 dam
188 961 309 1000 codd.
342 964 499 1014 recepit
531 961 862 1008 exercuerit,
896 961 988 1009 qnia
1030 971 1213 997 acuere
1252 959 1525 1008 ingenium

63 1016 248 1055 absolute
287 1018 517 1067 diceretur,
564 1018 770 1067 ingenium
823 1028 969 1053 acuere
1010 1015 1059 1052 ad
1099 1014 1251 1065 aliquid
1288 1013 1523 1052 faciendum

61 1073 142 1111 dici
182 1086 262 1110 non
307 1079 465 1124 posset,
509 1087 586 1110 nec
626 1074 729 1109 ratio
772 1071 939 1108 adiuuat
980 1077 1021 1108 et
1052 1084 1146 1108 usus
1178 1070 1403 1120 redarguit.
1463 1068 1525 1109 Cf.

60 1128 147 1165 Cic.
191 1129 241 1165 ad
282 1131 369 1167 Att.
411 1130 462 1178 ll,
506 1130 546 1167 7.
590 1128 630 1167 2.
671 1139 900 1165 acueram
944 1138 1019 1163 me
1060 1127 1118 1164 ad
1151 1124 1523 1175 exagitandam

60 1184 192 1221 hanc
224 1185 339 1221 eius
374 1184 708 1234 legationem.
767 1183 961 1219 Ceterum
992 1195 1083 1219 cum
1108 1184 1155 1219 ab
1179 1183 1298 1220 initio
1321 1183 1522 1220 animus

61 1241 234 1278 subiecti
282 1239 414 1278 locum
458 1245 622 1289 teneat,
675 1237 883 1290 paullatim
929 1239 1015 1275 eius
1057 1240 1115 1276 ita
1160 1239 1360 1288 restingui
1406 1242 1525 1288 patet

59 1298 316 1346 memoriam,
350 1302 441 1334 uta
472 1302 590 1347 parte
622 1294 671 1333 ad
709 1299 838 1332 totum
881 1295 910 1331 i.
954 1307 991 1331 e.
1033 1296 1080 1332 ab
1121 1296 1255 1332 animo
1297 1293 1349 1331 ad
1386 1295 1523 1345 ipsum

59 1352 264 1390 hominem
307 1352 546 1401 delabatur3
590 1351 634 1389 id
678 1350 786 1402 quod
826 1349 1076 1388 luculentius
1125 1353 1248 1388 etiam
1296 1363 1345 1388 ex
1387 1350 1422 1400 ξ.
1453 1349 1524 1391 61.

58 1412 242 1459 apparet.

174 1474 439 1525 eligenda]
509 1475 577 1514 Sic
614 1479 731 1512 recte
769 1474 867 1512 Dan.
913 1478 955 1511 et
995 1474 1170 1523 Bakius,
1220 1474 1285 1524 qui
1334 1474 1523 1525 apposite

58 1528 243 1568 laudauit
279 1530 330 1567 de
369 1531 462 1569 Fin.
495 1527 564 1580 ΙΙ,
613 1531 669 1571 12.
710 1529 778 1570 38.
828 1528 903 1582 (at
951 1532 1083 1567 enim
1137 1534 1341 1567 statuet
1380 1528 1523 1566 nihil

60 1598 181 1623 esse
235 1587 422 1624 bonum
481 1588 589 1624 nisi
642 1587 954 1634 honestum,
1001 1584 1140 1623 nihil
1184 1584 1371 1622 malum
1418 1587 1522 1622 nisi

58 1647 234 1692 turpe,
268 1647 451 1680 cetera
484 1649 571 1680 aut
602 1642 735 1680 nihil
772 1643 961 1681 habere
1003 1642 1249 1679 momenti
1291 1645 1375 1678 aut
1413 1646 1520 1678 tan-

57 1702 182 1746 tum,
216 1702 266 1735 ut
295 1711 385 1735 nec
410 1698 705 1750 expetenda
731 1711 824 1736 nec
847 1698 1119 1747 fugienda,
1153 1697 1242 1735 sed
1275 1696 1522 1748 eligenda

57 1753 201 1791 modo
235 1758 321 1791 aut
350 1755 656 1793 reiicienda
688 1752 817 1809 sint)
852 1759 893 1790 et
918 1755 966 1803 V,
993 1752 1062 1794 29.
1089 1753 1160 1793 88.
1193 1752 1270 1805 (et
1300 1754 1340 1790 si
1374 1754 1520 1805 optio

58 1815 219 1860 esset,
242 1808 542 1859 eligendam
570 1825 627 1848 sc.
655 1813 777 1848 uitam
807 1809 1035 1860 Metelli,
1061 1809 1248 1860 Reguli
1270 1810 1521 1848 reiicien-

56 1865 187 1904 dam.
249 1866 370 1903 Unde
409 1866 652 1917 eligendi
694 1868 884 1915 uerbum,
917 1867 1024 1917 quod
1054 1865 1218 1915 legendi
1252 1878 1300 1903 ex
1332 1866 1520 1917 pluribus

55 1922 175 1959 rebus
207 1934 342 1959 curam
376 1923 574 1973 quandam
607 1928 649 1961 et
673 1922 925 1974 diligentiam
959 1922 1155 1972 declarat,
1187 1926 1301 1960 recte
1328 1924 1519 1973 usurpari

55 1994 169 2039 patet
197 1990 236 2025 in
269 1989 343 2037 eis,
376 2003 477 2039 quae
509 1990 636 2027 Stoici
669 1978 980 2040 προηγμένα
1019 1994 1060 2027 et
1098 1974 1520 2039 ἀποπροηγμένα

55 2044 268 2093 dicebant3
300 2046 480 2095 itemque
516 2046 666 2083 dicitur
697 2047 854 2096 seligi
894 2047 946 2083 de
976 2046 1069 2083 Fin.
1102 2046 1170 2096 111,
1205 2046 1242 2087 6.
1277 2041 1419 2086 20.’6ῐ
1449 2046 1518 2086 22.

52 2098 144 2138 Alio
177 2099 297 2137 modo
327 2100 478 2138 dicitur
508 2101 558 2139 de
591 2102 682 2139 Fin.
708 2102 760 2151 V,
787 2101 855 2141 23.
888 2101 958 2142 67.
992 2101 1237 2140 delectus
1268 2103 1518 2140 bonorum

53 2160 105 2192 et
135 2154 413 2205 malorum,
444 2155 486 2194 id
518 2157 625 2208 quod
658 2158 804 2195 Gzium
838 2157 966 2208 fugit,
1009 2158 1077 2207 qui
1105 2159 1214 2196 hunc
1251 2157 1385 2196 locum
1426 2172 1517 2196 cum

52 2211 251 2249 similibus
282 2213 438 2261 citauit,
467 2217 511 2250 ut
537 2215 615 2252 hoc
646 2215 685 2251 in
718 2226 870 2264 genere
903 2213 1177 2265 deligere,
1210 2227 1289 2252 non
1315 2213 1517 2266 eligere

51 2267 261 2305 Ciceronis
293 2270 503 2320 proprium
535 2283 628 2308 esse
661 2270 917 2308 ostenderet.

164 2336 412 2385 cogitari,
453 2337 563 2387 quod
607 2337 656 2375 ad
697 2337 827 2377 solum
873 2336 996 2375 animi
1036 2340 1190 2374 motum
1229 2338 1431 2388 pertinet,
1474 2342 1517 2375 ut

51 2388 175 2426 Bakio
214 2391 443 2442 interprete
484 2395 537 2430 sit
579 2396 751 2432 animo
797 2392 1289 2444 comprehendere,
1326 2398 1440 2432 recte
1472 2406 1517 2431 se

50 2445 196 2494 habet;
230 2445 337 2484 male
369 2450 688 2500 excogitari,
722 2449 830 2501 quod
863 2454 1053 2487 euentum
1081 2449 1288 2499 cogitandi
1312 2451 1517 2501 significat

52 2501 127 2554 (de
157 2501 257 2552 Leg.
294 2503 342 2553 ll,
374 2502 414 2544 4.
448 2503 537 2557 8.),
569 2505 679 2544 nulla
709 2517 842 2558 paene
873 2505 1056 2543 codicum
1091 2507 1337 2544 auctoritate
1365 2506 1515 2558 Steph.

51 2558 193 2596 Lamb.
217 2559 326 2597 Mos.
349 2561 420 2598 Or.
454 2561 646 2612 idemque
678 2563 903 2614 probarunt
926 2562 1060 2601 Beier.
1091 2562 1143 2600 de
1161 2562 1244 2602 Off.
1269 2558 1326 2602 II.
1351 2577 1396 2616 p.
1415 2562 1513 2603 243.

50 2613 200 2652 Matth.
232 2615 366 2655 Oratt.
398 2615 475 2656 sel.
509 2631 550 2668 p.
584 2615 675 2658 129.
705 2619 898 2656 Krausius
928 2617 957 2657 l.
988 2617 1019 2657 l.
1049 2632 1091 2671 p.
1120 2616 1219 2659 468.

163 2684 194 2733 ᾗ.
225 2683 294 2725 61.
357 2696 519 2735 eaque
551 2685 685 2724 unde
717 2690 976 2736 generata
1007 2699 1102 2737 quo
1134 2686 1237 2737 cet.]
1307 2686 1513 2724 Romanos

52 2739 247 2777 orationis
286 2741 527 2779 uinciendae
560 2741 695 2780 studio
726 2743 917 2780 incensos
947 2740 1063 2794 plura
1102 2744 1342 2795 pronomina
1383 2744 1513 2779 inter-

49 2797 231 2845 rogatiua
260 2797 336 2835 sibi
375 2799 576 2837 subiicere
606 2799 862 2837 notissimum
897 2804 977 2837 est.
1039 2800 1101 2839 Cf.
1145 2800 1218 2838 Off
1255 2795 1312 2848 ll,
1351 2796 1412 2837 19.
1444 2798 1514 2839 67.

1237 2868 1295 2903 ΒΧ·
