1791 3192
193 181 238 214 YI
797 184 1084 219 PRAEFATIO.

488 294 655 359 Cap.
691 296 753 349 Ι.
823 297 939 350 Ile
974 299 1362 351 codicibus

331 409 507 448 Codices
563 411 710 450 horum
763 411 959 450 librorum
1015 413 1164 463 partim
1220 411 1463 465 diligenter,
1521 418 1667 467 partim

194 477 455 529 negligenter
507 480 666 516 excussi
721 483 815 517 sunt
869 482 968 518 satis
1019 478 1150 520 multi.
1223 480 1323 518 Nam
1373 487 1539 533 praeter
1584 496 1671 534 eos,

198 558 297 595 quos
330 546 580 595 antiquiores
608 545 754 585 horum
783 546 979 585 librorum
1013 547 1194 585 editores
1218 550 1274 587 ita
1297 549 1586 600 adhibuerunt,
1618 555 1668 589 ut

196 615 422 651 orationem
457 626 506 651 ex
538 614 598 651 eis
628 616 884 665 refingerent
913 617 1094 666 ipsorum
1125 615 1310 655 codicum
1343 622 1410 655 aut
1440 630 1520 654 non
1552 616 1662 655 sacta

196 681 423 731 mentione,
463 684 530 719 aut
561 682 615 720 ita
644 683 814 733 iniecta,
865 687 910 720 ut
939 684 1130 721 uniuerse
1158 683 1307 722 librum
1339 684 1406 723 uel
1435 683 1561 723 libros
1594 697 1668 723 ue·

196 753 310 785 teres
352 752 515 786 secutos
556 761 602 787 se
639 762 733 787 esse
775 749 985 799 dicerent,
1027 749 1155 788 ueluti
1194 751 1428 802 Manutius,
1472 752 1666 801 Ursinus,

197 816 441 864 Lambinus,
486 815 553 854 alii
592 831 787 868 perquam
818 815 938 855 multi
978 819 1251 868 suppetebant
1297 819 1498 870 Grutero‘,
1544 819 1669 858 Daui-

200 884 288 933 sio,
330 884 586 935 Goerenzio,
631 885 823 933 Mosen-0,
864 883 1002 922 Bakio.
1073 884 1169 923 lllos
1203 885 1365 936 quidem
1410 901 1552 925 curare
1590 900 1670 924 non

199 949 364 987 uidetur
395 963 545 1001 operae
576 954 754 1003 pretium
777 963 884 1000 esse,
916 963 993 988 nec
1016 950 1321 1002 discrepantiae
1342 952 1432 990 fere
1455 954 1671 1003 quicquam

198 1016 297 1054 inde
345 1021 583 1068 excerptum
633 1023 719 1069 est,
769 1017 875 1068 quod
921 1032 1002 1056 non
1048 1017 1213 1059 aliunde
1252 1021 1506 1070 innotuerit,
1557 1024 1599 1057 et
1637 1020 1672 1057 si

203 1083 364 1134 quando
398 1089 590 1135 excerpta
621 1090 686 1124 est
717 1085 993 1138 discrepantia
1025 1087 1189 1125 aliunde
1220 1100 1300 1125 non
1334 1087 1520 1137 cognita,
1560 1098 1675 1124 erro-

202 1165 290 1189 rem
323 1152 584 1189 commissum
609 1152 709 1192 licet
729 1154 908 1204 odorari,
940 1153 1070 1192 ueluti
1090 1168 1180 1193 cum
1206 1155 1320 1193 Grut.
1341 1156 1383 1191 in
1401 1152 1564 1192 S.Uict.
1585 1147 1671 1200 III,

200 1222 232 1271 ξ.
263 1218 332 1259 39.
365 1232 458 1256 esse
490 1218 610 1261 dicit:
642 1223 690 1257 in
723 1235 777 1259 eo
810 1224 879 1260 sit
909 1224 1047 1272 ipso,
1089 1235 1165 1260 nec
1199 1221 1377 1273 denique
1418 1223 1561 1272 potest
1591 1231 1664 1257 ex-

196 1286 374 1340 plorari,
420 1289 552 1324 utrum
593 1287 640 1324 ab
671 1288 746 1337 iis,
790 1290 856 1339 qui
889 1288 1128 1337 diligentius
1161 1290 1321 1326 excussi
1354 1293 1474 1338 sunt,
1509 1287 1664 1325 diuersi

198 1357 294 1404 sint,
327 1367 374 1392 an
409 1355 493 1391 sint
532 1357 670 1405 potius
716 1354 858 1394 iidem.
920 1357 1120 1404 Quocirca
1162 1355 1245 1393 illis
1286 1355 1465 1394 exclusis
1504 1354 1675 1392 Gruteri

201 1426 387 1472 tantum,
431 1422 617 1472 Dauisii,
652 1422 888 1472 Goerenzii,
920 1423 1094 1472 Moseri,
1126 1424 1242 1462 Bakii
1274 1424 1438 1463 codices
1470 1420 1675 1461 curandos

200 1502 293 1530 esse
323 1502 493 1540 censeo,
527 1503 628 1540 quos
664 1488 860 1541 deinceps
894 1490 1161 1530 enumerabo.

587 1602 659 1645 A.
719 1599 976 1648 Gruteri
1015 1602 1277 1648 codices·

316 1696 502 1743 Quatuor
533 1692 744 1731 codicibus
773 1705 888 1730 usum
923 1706 967 1731 se
1002 1707 1094 1731 esse
1123 1694 1224 1733 dicit
1256 1695 1483 1744 Gruterus,
1517 1692 1674 1731 dnobus

206 1761 426 1815 palatinis,
469 1773 640 1811 quorum
683 1774 802 1798 unum
845 1764 1011 1800 tertium
1051 1762 1248 1813 (pal-3.),
1280 1766 1466 1813 quartum
1501 1759 1676 1812 (pah—l.)

211 1827 384 1871 alterum
418 1831 552 1878 uocat,
583 1828 826 1867 Fabriciano
858 1834 900 1867 et
930 1830 969 1868 S.
1000 1830 1192 1868 Uictoris.

601 1939 672 1982 B.
734 1941 984 1985 Dauisii
1015 1940 1274 1984 codices.

314 2033 502 2071 Dauisius
552 2031 838 2081 discrepantes
888 2034 1110 2084 scripturas
1161 2045 1209 2070 ex
1256 2036 1413 2083 septem
1457 2031 1666 2069 codicibus

210 2105 424 2151 excerptas
457 2101 496 2136 in
531 2096 875 2136 'l‘ullii'oratione
906 2100 1146 2149 refingenda
1180 2098 1393 2137 adhibuit:

317 2193 349 2217 a.
380 2177 532 2215 codicis
568 2174 793 2213 Parisini
826 2174 979 2230 (Pam),
1018 2180 1171 2216 seruati
1219 2179 1257 2215 in
1293 2174 1536 2215 Iesuitarum
1564 2177 1677 2226 pari-

205 2250 385 2286 sinorum
411 2243 656 2283 bibliotheca
677 2246 719 2280 et
735 2249 1020 2284 sexcentorum
1042 2247 1131 2284 sere
1149 2259 1368 2295 annorum,
1401 2248 1445 2281 ut
1472 2239 1530 2280 lo.
1556 2241 1670 2280 Wal-

203 2317 325 2369 lxerus
355 2313 617 2352 existimauit.
667 2310 784 2361 Quod
807 2313 841 2349 si
865 2313 920 2351 ita
943 2320 1022 2364 est,
1055 2314 1218 2352 saeculo
1248 2316 1435 2352 exaratus
1473 2314 1538 2349 est
1570 2309 1673 2347 duo-

216 2384 388 2421 decimo.

314 2461 353 2498 b.
396 2457 490 2497 cod.
524 2461 666 2510 regii
711 2459 877 2511 (Reg.),
918 2463 955 2497 in
999 2457 1171 2498 Iacobea
1212 2459 1513 2496 Britanniarum
1552 2458 1662 2507 regis

202 2527 455 2567 bibliotheca
490 2528 656 2568 seruati.
718 2527 905 2567 Mutilum
937 2529 1043 2567 hunc
1076 2528 1260 2565 codicem
1289 2538 1382 2563 esse
1415 2525 1471 2562 ait
1494 2527 1536 2561 et
1567 2537 1669 2575 qua-

203 2597 516 2647 dringentorum
555 2595 645 2633 sere
686 2609 898 2635 annorum.
959 2595 1077 2646 Quod
1118 2597 1152 2633 si
1192 2596 1247 2632 ita
1280 2596 1368 2642 est,
1417 2596 1481 2630 est
1513 2589 1670 2630 saeculi

208 2665 340 2717 quarti
373 2662 535 2703 decimi.

322 2757 360 2782 c.
391 2740 674 2780 Harleiani
704 2743 916 2793 utriusque
949 2740 1089 2797 (Harl.
1120 2740 1155 2781 1.
1178 2737 1258 2793 2.),
1288 2739 1402 2777 cuius
1434 2750 1550 2777 nsum
1579 2750 1678 2776 con-

212 2825 375 2852 cessum
409 2811 485 2851 sibi
523 2823 615 2850 esse
648 2809 750 2849 dicit
782 2811 828 2848 ab
860 2808 1053 2848 Eduardo
1086 2811 1234 2849 comite
1267 2807 1506 2848 Oxoniensi.
1568 2806 1678 2855 Quo-
