1781 3192
410 218 566 255 Llfflffl
603 216 903 258 SECUNDUS,
958 215 1058 254 Car.
1091 215 1176 254 XV.
1439 213 1525 250 187

177 333 222 367 in
256 329 432 379 uitam]
494 328 596 366 cod.
630 328 740 367 arch.
771 331 1015 379 scripturam
1049 328 1099 364 in
1124 329 1234 365 uita
1258 325 1519 364 hominum

63 389 127 437 qui
161 388 267 424 tueri
310 384 444 435 uolet,
487 386 542 422 ita
582 385 846 434 interpretari
889 384 1080 433 debebit,
1125 389 1170 421 ut
1214 396 1262 421 ea
1301 382 1519 432 significari

61 443 187 492 dicat,
222 456 297 493 qua
329 444 366 479 in
403 453 448 478 re
478 439 595 490 illud,
629 439 731 490 qnod
765 441 950 478 Athenae
975 439 1101 478 multa
1123 440 1270 477 eximia
1291 436 1519 486 attulerint,

62 497 223 536 eluceat
262 496 451 552 (scheint
491 497 544 534 im
588 497 728 534 Leben
770 496 844 533 der
881 497 1111 534 Meuschen
1155 495 1235 533 viel
1275 495 1406 532 Gutes
1446 507 1520 545 ge-

61 555 206 593 bracht
243 567 291 591 zu
322 549 502 606 haben),
555 551 668 590 uelut
707 554 747 590 in
789 552 975 604 exemplo
1017 567 1038 590 a
1077 552 1203 590 Bakio
1254 550 1419 589 laudato
1469 549 1522 588 de

60 612 149 650 Diu.
183 611 214 660 Ι,
246 606 446 649 49.1Ο9.
480 608 652 646 affert
683 613 926 647 uetustas
960 610 1188 647 omnibus
1216 609 1262 645 in
1296 609 1522 645 rebus—-

60 663 442 703 incredibilem
486 665 771 702 scientiam
813 664 1011 718 (reliqua,
1053 677 1155 716 quae
1197 662 1350 713 attulit,
1389 663 1521 701 aliena

59 718 189 775 sunt).
253 720 336 759 Sed
366 718 609 759 insolentius
640 725 682 759 et
712 722 788 759 hoc
822 722 901 760 ‹lici
934 727 1035 773 puto
1068 726 1109 759 et
1134 720 1239 759 illud
1262 718 1412 773 (Tusc.
1439 715 1521 769 III,

63 778 126 818 11.
158 776 227 817 25.
261 778 344 815 his
376 782 555 815 autem
597 779 1124 829 perturbationibuS,
1164 777 1371 828 quasin
1413 776 1522 814 uita

58 834 322 872 hominum
357 832 604 872 stultitia
637 836 785 885 quasi
816 835 1062 885 quasdam
1086 835 1254 872 furias
1278 832 1523 870 immittit

59 895 110 928 et
148 887 380 943 incitat).
453 892 589 940 Quare
631 904 720 928 cum
762 890 957 929 facillima
998 890 1138 929 mendi
1190 890 1393 928 correctio
1440 889 1520 938 sit,

58 950 230 996 utroque
259 945 350 984 loco
382 948 557 998 probare
587 960 667 984 non
701 946 842 985 dubito
875 948 993 985 Lbini
1033 948 1306 985 coniecturam
1347 946 1521 983 uitam.

58 1002 341 1054 Similiterque
383 1016 458 1054 pro
500 1004 612 1041 Sest.
651 1002 715 1054 15,
748 1003 817 1044 34.
863 1003 1050 1041 Halmius
1093 1016 1181 1041 cum
1224 1002 1520 1051 Wesenbergio

55 1065 171 1097 recte
204 1060 380 1098 correxit
412 1061 460 1097 in
492 1058 737 1110 templum
784 1073 857 1111 pro
888 1061 936 1098 in
970 1058 1193 1110 templo,
1233 1057 1341 1109 quod
1377 1056 1521 1096 Madu.

56 1116 210 1167 Opusc.
242 1130 279 1167 p.
312 1114 411 1155 457.
442 1129 522 1153 non
557 1115 812 1167 probabilius
845 1115 1051 1165 defendit,
1095 1128 1213 1165 quam
1257 1114 1310 1151 de
1339 1114 1433 1152 Fin.
1468 1112 1519 1163 V,

57 1171 122 1212 30.
157 1170 225 1212 92.
260 1173 308 1210 in
338 1173 460 1210 mari
490 1173 761 1210 abiecerat
791 1185 864 1224 pro
896 1173 949 1210 in
982 1183 1121 1210 mare
1153 1171 1441 1209 abiecerat.

172 1252 227 1278 ex
259 1240 457 1290 agresti
492 1239 592 1290 cet]
663 1240 862 1289 Quantam
905 1241 986 1277 uim
1024 1239 1236 1290 mysteriis
1275 1236 1358 1276 illis
1399 1240 1520 1276 uete-

55 1309 122 1335 res
161 1298 400 1346 tribuerint,
441 1295 584 1333 uidere
624 1293 725 1334 licet
762 1309 810 1333 ex
851 1296 976 1334 lsocr.
1019 1295 1121 1334 Pan.
1163 1293 1204 1345 6,
1247 1306 1362 1345 seqq.
1403 1293 1518 1344 Diog.

56 1353 189 1393 Laert.
223 1354 295 1402 Vl,
326 1351 394 1392 39.
426 1351 533 1392 Plat.
556 1352 712 1390 Phaed.
746 1366 783 1390 c.
802 1350 868 1392 29.
899 1366 940 1403 p.
966 1351 1036 1391 81.
1069 1353 1115 1390 A.
1139 1352 1269 1389 Arist.
1298 1351 1401 1391 Ran.
1426 1348 1523 1390 454.

168 1423 218 1459 in
254 1419 556 1470 nocturnis]
619 1419 831 1458 Correctio
863 1420 966 1456 haec
1000 1423 1065 1456 est
1098 1416 1238 1455 mendi
1268 1418 1522 1455 innocen-

56 1481 140 1514 tes
171 1477 419 1525 necessaria,
451 1488 645 1525 expressa
679 1477 716 1512 in
753 1475 802 1512 ed
851 1475 942 1513 Par.
979 1473 1085 1514 154'8
1118 1479 1159 1511 et
1189 1471 1398 1524 plerisque
1428 1472 1520 1512 edi-

57 1534 213 1571 toribus
248 1533 428 1583 probata.
499 1531 610 1569 Dicit
656 1537 789 1569 autem
834 1531 977 1569 Cicero
1029 1534 1169 1581 stupra
1220 1530 1261 1566 in
1310 1530 1520 1581 mysteriis

57 1589 258 1627 obeundis
291 1589 522 1638 commissa,
556 1601 723 1638 quorum
757 1588 907 1639 passim
943 1588 982 1624 in
1017 1585 1242 1623 comoediis
1272 1587 1427 1624 mentio
1461 1586 1519 1624 fit.

5 1674 18 1689 ,
55 1644 120 1682 Cf.
163 1658 262 1695 quos
303 1645 404 1682 Dan.
444 1642 646 1693 laudauit,
687 1642 797 1681 Gell.
838 1644 888 1681 N.
934 1644 977 1682 A.
1020 1642 1076 1692 ΙΙ,
1117 1640 1181 1684 23.
1234 1640 1372 1681 Plaut.
1424 1639 1519 1681 Aul.

55 1699 158 1752 prol.
192 1700 271 1749 353
305 1700 374 1750 lV,
411 1699 474 1739 10.
509 1698 573 1740 64'.

170 1766 387 1820 egisset
427 1765 547 1818 ille]
622 1767 795 1805 Notatur
842 1765 1046 1817 Clodius,
1097 1767 1164 1817 qui
1215 1766 1342 1804 sacris
1383 1765 1520 1803 Bonae

57 1825 167 1864 Deae
197 1829 318 1863 noctu
352 1829 469 1861 ueste
501 1821 690 1861 muliebri
723 1824 890 1862 indutus
923 1824 1031 1862 domi
1056 1823 1248 1861 Caesaris
1282 1826 1347 1860 est
1366 1820 1519 1873 depre-

54 1882 232 1932 hensus,
277 1880 385 1932 apud
427 1881 542 1917 cuius
575 1891 742 1917 uxorem
777 1885 987 1918 matronae
1016 1893 1117 1919 rom.
1153 1892 1266 1917 sacra
1296 1878 1520 1916 faciebant.

54 1937 119 1977 Cf.
151 1934 210 1976 Il.
253 1938 286 1987 ᾗ.
317 1936 386 1976 21.
428 1936 512 1975 Cic.
556 1935 607 1972 ad
645 1936 727 1976 Att.
762 1932 796 1985 l,
834 1936 897 1975 12.
941 1935 981 1975 3.
1024 1931 1059 1985 I,
1098 1934 1159 1975 13.
1200 1934 1240 1975 3.
1281 1935 1395 1973 Suet.
1436 1933 1520 1972 Jnl.

54 1995 174 2033 Caes.
194 1993 218 2034 6
235 1999 277 2031 et
295 1992 362 2033 74.
395 1991 506 2030 Plut.
532 1992 653 2029 Caes.
682 2006 716 2031 e.
736 1990 759 2031 9
779 1996 819 2030 et
848 1991 910 2031 ΙΟ.
944 1992 1021 2030 Dio
1039 1992 1151 2030 Cass.
1173 1991 1375 2040 XXXVII,
1394 2003 1430 2029 c.
1449 1988 1519 2030 45.

172 2059 605 2112 imprudentiam]
667 2059 733 2098 Cf.
764 2064 930 2111 praeter
971 2060 1042 2097 Or.
1087 2058 1138 2096 de
1179 2059 1279 2097 Har.
1319 2057 1444 2108 Resp.
1477 2057 1518 2107 5,

55 2117 82 2158 8
113 2122 154 2156 et
192 2117 255 2167 17,
287 2116 354 2157 3¹7.
390 2117 506 2154 Lact.
542 2116 641 2153 lnst.
675 2114 768 2153 Diu.
800 2116 867 2165 ΙΙΙ,
899 2114 965 2155 20,
1026 2115 1211 2152 Romae
1252 2118 1301 2152 et
1330 2115 1381 2151 in
1413 2112 1521 2164 ple-

54 2175 240 2224 risque
270 2174 481 2211 urbibus
513 2173 702 2210 scimus
736 2184 855 2210 esse
887 2169 1135 2222 quaedam
1178 2184 1354 2219 sacra,
1394 2182 1521 2220 quae

55 2231 233 2282 aspici
279 2243 301 2267 a
347 2230 477 2268 uiris
525 2227 682 2266 nefas
728 2228 971 2267 habetur.
1032 2227 1312 2265 Abstinent
1360 2227 1521 2276 igitur

54 2290 298 2338 aspectu,
343 2286 525 2337 quibus
567 2286 939 2323 contaminare
980 2283 1077 2321 illa
1116 2297 1213 2322 non
1261 2282 1418 2331 licet3
1469 2286 1520 2320 et

16 2389 18 2392 y
55 2344 99 2381 si
130 2343 277 2381 forte
309 2341 394 2380 uel
427 2353 612 2380 errore
645 2340 730 2379 uel
760 2353 886 2379 casu
920 2341 1157 2392 quopiam
1193 2342 1273 2378 uir
1303 2350 1521 2390 aspexe-

53 2401 146 2450 rit,
178 2400 343 2451 primo
365 2410 533 2451 poena
557 2398 684 2446 eius,
719 2396 914 2435 deinde
938 2397 1338 2435 instauratione
1360 2396 1520 2433 sacri-

0 2488 1 2491 ,
54 2455 176 2495 ficil
208 2454 386 2493 scelus
421 2455 682 2505 expiatur.

169 2523 296 2567 XV.
359 2523 393 2572 ᾧ.
426 2521 494 2562 37.
566 2519 641 2558 Ad
681 2521 915 2571 nostras]
987 2520 1240 2570 Nostras,
1282 2518 1390 2571 quod
1429 2532 1521 2558 cum

55 2579 170 2619 Man.
200 2579 303 2618 Ern.
345 2579 492 2629 Wagn.
531 2576 654 2615 Goer.
696 2578 792 2618 Sch.
824 2599 880 2605 -—
907 2577 1054 2628 reliqui
1081 2582 1266 2615 nostra
1297 2599 1349 2604 ——
1380 2578 1521 2628 recepi

57 2649 105 2674 ex
137 2634 218 2675 Gd.
250 2635 292 2686 2,
325 2636 390 2673 cui
420 2632 530 2672 haud
557 2635 643 2671 scio
675 2647 724 2672 an
758 2635 1019 2673 consentiant
1041 2634 1068 2677 δ
1096 2638 1138 2672 et
1161 2633 1209 2683 G,
1241 2634 1521 2672 necessarium

58 2697 123 2730 est
171 2696 341 2744 propter
391 2702 620 2742 pronomen
670 2690 778 2741 quod
827 2691 1011 2741 sequitur
1055 2688 1291 2729 relatiuum.
1362 2690 1521 2740 Quippe

57 2746 234 2797 legibus,
266 2761 348 2787 non
378 2748 504 2785 rebus
540 2749 717 2785 romanis
751 2748 956 2796 sancitur„
986 2753 1029 2785 ut
1067 2746 1133 2785 lux
1165 2745 1273 2786 clara
1304 2745 1519 2785 mulierum

58 2804 206 2842 famam
239 2803 452 2844 custodiat.

1256 2874 1304 2894 ’χ’-ἓ
