1781 3192
217 187 309 227 290
790 185 858 225 DE
889 185 1123 226 LEGlBUS

234 311 328 338 esse
373 297 589 337 concessit,
651 296 740 333 Non
774 310 874 348 opus
905 302 970 336 est
999 300 1124 349 igitur
1158 298 1310 336 Dauisii
1342 300 1576 338 coniectura
1615 313 1695 339 au-

232 363 349 395 tem.
411 350 558 403 Inepte
593 351 721 390 Gzius
753 355 882 392 enim
915 354 1155 393 transeundi
1186 354 1424 406 particulam
1457 367 1550 394 esse
1580 357 1694 397 dicit.

348 412 399 447 in
431 410 537 446 ista
567 409 700 461 ipsa]
765 406 847 449 ista
886 413 977 464 ipsa
1011 424 1070 449 sc.
1104 412 1197 450 trib.
1230 416 1416 461 potestas
1448 424 1530 450 non
1564 426 1697 465 oppo-
1767 428 1781 451 ι

235 471 358 508 situm
388 466 515 503 habet
545 478 645 504 non
677 468 724 504 in
756 466 882 518 alia,
915 468 990 507 sed
1023 470 1140 519 ipsa
1173 472 1237 505 est
1267 480 1361 517 per
1393 481 1446 506 se
1487 481 1567 507 non
1601 482 1701 508 con·-

237 523 429 563 sideratis
463 522 664 574 exemplis
698 523 966 575 singulorum,
1001 530 1045 563 ut
1068 529 1184 562 recte
1210 524 1355 562 Bakius
1389 525 1700 564 animaduertit.

352 577 516 617 multo
548 581 762 618 saeuior
793 581 1067 633 multoque
1101 579 1230 629 ueh.]
1293 582 1445 619 Merito
1470 582 1577 620 hunc
1606 595 1702 620 uer-

237 639 380 675 borum
414 635 618 686 ordinem,
651 649 739 675 cum
774 644 869 689 post
900 638 1046 691 steph.
1089 642 1132 675 et
1162 638 1391 675 Manutium
1435 638 1560 678 Goer.
1603 638 1702 676 Sch.

237 694 345 732 Mos.
385 692 455 732 Or.
496 694 705 732 inuersum
749 691 933 744 (multo
982 694 1091 733 ueh.
1143 692 1415 744 multoque
1463 691 1702 748 saeuior)

241 750 562 801 expressissent,
596 762 643 787 ex
674 748 914 789 melioribus
946 750 1068 789 codd.
1100 750 1249 788 Bakius
1282 751 1506 788 reuocauit.
1568 751 1703 788 [Nimi-

1744 0 1781 126 ‘l

1769 119 1773 126 ι

1762 357 1772 373 δ

1770 458 1773 471 i

1777 138 1781 289 ἒ

1778 291 1781 405 ῑ

240 820 329 844 rum
363 818 453 844 cum
486 805 748 844 uehementia
780 808 951 846 effectus
982 810 1037 846 sit
1069 808 1283 856 saeuitiae,
1322 808 1476 858 optime
1505 807 1705 845 saeuitiae
1780 804 1781 809 ¹

238 875 314 913 per
344 860 583 912 particulam
616 875 732 914 que,
765 877 868 914 quae
901 863 1135 916 complendi
1169 865 1252 902 uim
1283 863 1432 913 habet,
1472 862 1706 914 adiungitur
1780 893 1781 897 ,

238 919 516 958 uehementia.

354 974 492 1025 quod
525 975 702 1026 habet]
765 976 901 1015 Tenui
933 983 1105 1028 quatuor
1145 975 1266 1014 codd.
1308 975 1415 1014 dett.
1459 977 1707 1014 auctoritate

239 1030 389 1069 Bakius
421 1032 588 1082 scripsit
619 1045 768 1083 quum
788 1033 980 1085 habet,
1012 1031 1120 1084 quod
1150 1033 1189 1069 in
1221 1044 1374 1082 genere
1398 1030 1507 1082 loqui
1541 1030 1705 1070 Tullius

240 1088 476 1136 uideretur3
527 1092 569 1125 at
610 1088 662 1127 de
700 1088 852 1141 populo
890 1103 1059 1128 romano
1105 1090 1275 1139 cogitari
1324 1087 1427 1126 duce
1469 1088 1575 1127 ‘tunc
1624 1101 1705 1126 non
1780 1092 1781 1096 ’

239 1152 406 1182 carente
449 1144 674 1183 ostendunt
707 1159 776 1196 ea,
818 1160 921 1197 quae
960 1150 1210 1198 sequuntur:
1251 1158 1397 1197 quam
1429 1146 1472 1182 si
1503 1143 1705 1183 nullum

234 1200 469 1239 haberet

355 1270 443 1294 suo
475 1254 742 1308 periculo]
806 1257 1040 1297 Pronomen
1073 1271 1153 1309 se,
1187 1255 1295 1307 quod
1325 1256 1432 1296 Mos.
1466 1256 1535 1296 Or.
1558 1255 1706 1295 Bakius

245 1318 343 1364 post
374 1325 489 1361 suo,
521 1311 574 1350 de
606 1313 698 1351 Gzii
728 1316 833 1354 coni.
867 1314 1113 1353 Schuetzius
1153 1319 1247 1352 ante
1287 1324 1372 1350 suo
1414 1314 1575 1363 posuit,
1615 1314 1707 1363 quia

241 1370 281 1406 in
321 1367 413 1406 cod.
457 1368 567 1407 arch.
608 1381 688 1406 non
729 1370 861 1407 fuisse
900 1375 1058 1408 certum
1102 1375 1191 1419 est,
1239 1368 1423 1420 recipere
1463 1381 1544 1406 non
1584 1382 1706 1407 ausus

246 1437 350 1464 sum.
412 1423 475 1462 Cf.
510 1437 611 1475 quae
643 1424 723 1462 dixi
757 1426 783 1464 1.
818 1426 849 1475 ξ.
883 1425 952 1465 53.

355 1479 386 1529 §.
426 1477 492 1519 24.
555 1484 608 1518 et
637 1481 865 1532 quidem]
926 1482 1045 1519 Hunc
1084 1480 1226 1519 harum
1267 1476 1559 1529 particularum
1591 1491 1708 1518 usum

242 1538 283 1574 in
316 1537 422 1585 eius,
453 1535 559 1586 quod
591 1537 639 1575 ab
671 1538 907 1576 aduersario
941 1537 1096 1576 dictum
1131 1541 1208 1586 est,
1243 1534 1307 1573 uel
1338 1535 1607 1573 concessione
1638 1534 1707 1574 uel

243 1591 479 1631 eleuatione
520 1605 619 1631 uere
650 1593 885 1644 Maduigius
927 1595 1114 1645 exposuit
1152 1595 1192 1631 in
1225 1590 1463 1631 Emendatt.
1502 1605 1542 1643 p.
1579 1590 1633 1632 90
1665 1597 1708 1631 et

242 1649 295 1687 de
335 1649 428 1688 Fin.
472 1648 513 1698 1,
559 1648 626 1689 10.
668 1649 738 1690 30.
791 1650 918 1704 (Post
964 1652 1111 1689 Gzium
1166 1654 1219 1688 et
1264 1648 1472 1699 quidem
1519 1646 1708 1700 plerique

241 1711 401 1756 atque
433 1703 564 1742 adeo
600 1719 692 1744 esse
723 1705 968 1761 dixerunt).
1014 1708 1217 1745 Nimirum
1252 1711 1301 1743 et
1332 1704 1518 1754 adiungit
1548 1702 1706 1755 aliquid

241 1761 468 1800 aduersarii
501 1762 723 1800 obiectioni
745 1768 949 1815 tamquam
974 1762 1337 1815 complementum,
1370 1760 1577 1812 quidem
1601 1760 1706 1799 illud

240 1819 374 1870 ipsum
408 1817 568 1855 attendi
599 1819 725 1859 iubet.
778 1820 841 1860 Cf.
875 1821 957 1860 Cic.
993 1821 1120 1859 Tusc.
1150 1815 1232 1869 III,
1263 1818 1318 1859 20
1364 1815 1432 1858 48.
1465 1816 1518 1855 de
1545 1817 1706 1868 Fin.li,
1739 1811 1741 1814 ’

242 1873 280 1915 3.
313 1872 350 1915 9.
380 1886 454 1925 pro
487 1872 625 1915 Plane.
662 1875 727 1923 12,
759 1875 827 1917 31.
859 1889 933 1927 pro
965 1877 1066 1917 Rab.
1099 1876 1212 1915 Post.
1245 1874 1284 1915 8.
1342 1872 1581 1924 Eademque
1601 1874 1705 1912 ista-

247 1944 335 1969 rum
367 1929 656 1982 particularum
689 1934 794 1972 ratio
826 1938 891 1972 est
919 1934 961 1971 in
986 1932 1307 1985 amplificatione
1331 1936 1373 1969 et
1396 1930 1706 1969 confirmatione

242 1989 361 2036 eius,
409 1986 519 2036 quod
567 1987 813 2027 affirmatum
868 1995 964 2027 ante
1005 1995 1100 2039 est,
1140 1993 1185 2027 ut
1227 1988 1314 2026 Cic.
1361 1984 1475 2027 Lael.
1514 1985 1602 2038 21,
1639 1985 1705 2027 79.

241 2055 408 2081 rarum
451 2040 642 2093 genus!
693 2049 745 2083 et
787 2044 996 2096 quidem
1039 2045 1212 2083 omnia
1251 2042 1527 2095 praeclara
1575 2056 1705 2083 rara.

242 2099 307 2139 cf.
336 2101 502 2149 Zumpt.
543 2098 595 2137 ad
626 2099 742 2141 Verr.
775 2102 854 2150 lv,
895 2100 962 2141 38.
994 2100 1064 2141 83.
1105 2106 1148 2139 et
1177 2100 1299 2150 Seyff.
1341 2099 1389 2138 ad
1432 2098 1545 2139 Lael.
1587 2096 1613 2137 l.
1657 2096 1705 2149 1.,

242 2157 312 2206 qui
340 2154 484 2192 laudat
515 2154 599 2194 Cic.
632 2155 684 2193 de
716 2157 787 2195 Or.
822 2153 879 2206 ΙΙ,
919 2156 989 2195 33.
1028 2155 1117 2196 142.
1187 2154 1421 2206 Simplicem
1462 2153 1702 2206 particulam

241 2215 293 2250 et
330 2209 474 2249 itidem
517 2210 556 2246 in
597 2210 861 2249 concedendo
911 2217 953 2250 et
1003 2209 1203 2250 elenando
1252 2211 1437 2262 usurpari
1487 2222 1703 2262 perperam

241 2266 390 2306 B‘a'kius
422 2263 591 2315 collegit
623 2266 821 2318 exemplis
852 2268 939 2306 his:
971 2268 1003 2318 Q.
1027 2267 1094 2309 24.
1129 2272 1179 2305 et
1211 2280 1298 2304 eos
1327 2267 1562 2317 quamuis
1587 2279 1702 2304 enu-

243 2334 417 2363 meres
449 2319 641 2360 multos
673 2321 834 2371 licet,
876 2338 950 2376 pro
983 2325 1135 2363 Scauro
1179 2323 1210 2373 ξ.
1243 2322 1311 2363 41.
1353 2328 1402 2360 at
1444 2321 1703 2361 creditum

243 2384 326 2419 est
364 2377 645 2428 aliquando
688 2379 878 2418 Sardis.
939 2381 1003 2418 Et
1042 2381 1275 2419 fortasse
1317 2377 1568 2417 credetur
1608 2377 1703 2416 ali·
1769 2379 1775 2382 ’

242 2435 464 2487 quando,
496 2435 540 2470 si
571 2435 770 2486 integri
804 2438 1069 2477 uenerint.
1130 2435 1250 2474 Nulla
1282 2437 1338 2475 ibi
1370 2435 1431 2473 rei
1457 2447 1505 2473 ex
1529 2430 1702 2473 aduerso

240 2494 402 2544 positae
434 2489 610 2529 eleuatio
643 2497 726 2542 est,
767 2492 842 2531 sed
873 2491 960 2531 sola
997 2493 1203 2531 adiunctio
1244 2491 1466 2543 quaedam3
1504 2492 1546 2529 in
1579 2485 1702 2532 Verr.
1773 2529 1775 2534 ,

242 2553 375 2586 autem
408 2544 488 2597 ΙΙΙ,
517 2543 589 2587 82.
622 2546 699 2598 90,
736 2560 856 2600 quem
896 2548 1030 2588 locum
1064 2549 1172 2588 idem
1206 2549 1373 2598 citauit,
1413 2546 1612 2599 particula
1650 2552 1704 2586 et

239 2604 472 2656 explicandi
503 2603 585 2641 uim
617 2605 765 2655 habet3
809 2605 860 2644 de
893 2618 970 2657 quo
1012 2605 1107 2644 uide
1144 2603 1440 2656 Naegelsbach.
1481 2604 1569 2643 Lat.
1609 2603 1702 2644 Stil.
1766 2602 1773 2628 ³⁴

239 2675 283 2713 p.
317 2660 410 2701 382.
474 2660 516 2697 ln
551 2659 745 2700 diluenda
775 2662 939 2713 quidem
972 2667 1014 2701 et
1044 2662 1245 2701 eleuanda
1278 2662 1510 2699 obiectione
1549 2664 1602 2698 et
1630 2661 1703 2698 ab-

243 2730 336 2755 esse
365 2720 519 2770 potest,
560 2716 787 2769 quidem,
820 2732 897 2770 quo
929 2718 1038 2770 quod
1070 2719 1278 2767 obiicitur,
1308 2716 1551 2766 intenditur,
1581 2729 1700 2755 num-

240 2787 357 2825 quam
399 2778 555 2827 potest.
603 2773 667 2815 Cf.
709 2773 894 2828 exempla
936 2789 959 2814 a
989 2775 1114 2815 Bakio
1152 2773 1275 2813 allata
1316 2774 1402 2814 Cic.
1440 2774 1489 2814 N.
1530 2773 1578 2814 D.
1618 2769 1702 2825 III,
