1781 3192
207 184 236 223 6
774 185 844 224 DE
876 185 1106 226 LEGIBUS

208 297 277 340 34.
307 298 394 338 Liu.
428 297 496 346 24,
529 295 598 336 37.
639 294 746 335 Uide
777 296 829 336 de
860 311 904 336 re
931 301 1147 337 notissima
1182 297 1323 337 Madu.
1356 297 1407 337 de
1440 299 1536 340 Fin.
1570 301 1600 351 l,
1633 300 1675 340 4.

211 353 274 396 10.
309 355 358 405 ll,
392 354 432 395 5.
467 352 532 394 15.
1402 370 1446 400 υ

319 411 353 460 ᾧ.
385 410 425 450 3.
459 408 548 447 sed
581 409 696 461 hoc]
729 408 926 449 Mendum
956 415 1043 460 est,
1087 409 1194 460 quod
1226 409 1348 450 codd.
1380 410 1519 463 plures
1553 425 1674 451 occu-

206 468 320 518 pauit
349 471 391 504 et
421 479 511 504 cum
542 465 654 505 Uict.
686 466 918 518 Stephanus
943 469 1139 516 retinuit,
1175 467 1323 505 haec.
1385 469 1673 507 Necessarium

206 527 270 560 est
311 523 426 572 hoc,
472 523 562 573 quia
602 535 829 575 pronomen
869 524 918 562 ad
958 537 1077 563 unam
1121 537 1205 561 rem
1236 524 1417 562 refertur
1460 525 1507 562 ab
1538 525 1673 563 Attico

206 579 446 629 quaesitam.

282 648 303 673 c
317 640 465 674 erten
480 650 501 674 e
533 649 557 673 n
573 649 629 673 on
658 635 744 674 lon
759 637 836 688 ge]
856 637 896 675 [n
915 637 1006 676 cod.
1023 637 1134 675 arch.
1150 635 1291 687 procul
1311 636 1432 676 dubio
1452 638 1546 688 fuit,
1565 638 1674 689 quod

203 698 369 742 praeter
400 691 500 731 alios
534 692 728 743 quosdam
763 693 882 731 codd.
916 694 947 731 C
979 698 1020 731 et
1043 694 1123 731 Gd.
1148 693 1186 732 2.
1220 697 1365 732 tenent
1395 699 1542 733 certe
1572 707 1671 734 non

202 746 375 799 longe,
407 748 616 800 plerisque
649 748 753 786 illud
784 749 1012 788 editoribus
1043 751 1285 802 probatum}
1325 763 1418 789 nam
1451 763 1575 802 praua
1607 756 1672 789 est

204 806 426 856 correctio,
470 818 573 857 quae
615 809 679 843 est
709 806 750 843 in
782 806 998 857 plerisque
1038 806 1319 855 deteriorum,
1362 812 1510 845 certe
1558 820 1672 845 num

202 858 383 911 longe:
427 876 504 912 qua
540 875 620 899 non
664 860 791 900 multo
829 862 1082 914 probabilior
1122 867 1186 899 est
1222 863 1401 901 Ernestii
1435 864 1672 901 coniectura

204 922 353 955 certe
384 932 498 956 num
526 932 625 957 non
649 916 820 969 longe.
882 919 965 957 Sed
989 932 1064 957 nec
1086 918 1263 969 negandi
1287 919 1487 969 particula
1511 933 1532 957 a
1550 919 1671 958 Lam-

201 973 297 1012 bino
322 975 364 1012 in
389 975 486 1015 edit.
510 974 632 1024 1566.
665 978 817 1013 omissa
841 977 894 1020 (is
917 977 1026 1013 enim
1048 976 1212 1027 scripsit
1244 981 1468 1013 certene
1498 975 1671 1027 longe)

201 1042 279 1068 nec
308 1032 590 1083 interrogandi
622 1030 766 1070 uocula
798 1033 837 1069 in
869 1033 946 1070 hac
973 1045 1172 1083 suspensa
1193 1033 1533 1083 interrogatione,
1568 1044 1671 1083 quae

199 1099 280 1125 uno
313 1089 496 1126 membro
529 1089 780 1137 absoluitur,
817 1088 967 1126 deesse
996 1093 1158 1139 potest3
1202 1100 1279 1125 nec
1320 1090 1533 1139 quicquam
1573 1101 1669 1138 pro-

200 1142 306 1181 fecit
337 1145 591 1183 Goerenzius
624 1144 806 1182 directae
836 1146 1170 1194 interrogationis
1201 1145 1387 1195 exempla
1418 1147 1457 1181 in
1488 1145 1669 1182 medium

201 1200 393 1251 afferenS,
427 1207 470 1240 ut
496 1201 776 1252 interrogandi
805 1200 1049 1253 particulam
1082 1200 1229 1238 deesse
1253 1213 1376 1250 posse
1409 1200 1670 1239 demonstra-

199 1261 279 1306 ret,
317 1257 445 1296 ueluti
477 1258 593 1297 Suet.
625 1260 726 1308 Aug.
760 1256 828 1297 33.
862 1262 1009 1295 certe
1050 1262 1251 1308 patrem
1285 1261 1429 1295 tuum
1462 1269 1559 1295 non
1590 1269 1669 1295 oc-

200 1312 417 1353 cidisti?
447 1316 538 1353 Non
569 1316 700 1365 magis
732 1315 919 1365 profecto
952 1314 993 1351 h.
1018 1313 1048 1351 1.
1074 1315 1152 1351 ista
1183 1315 1328 1352 abesse
1363 1318 1517 1365 potest,
1550 1326 1666 1364 quam

200 1369 286 1408 Cic.
320 1371 446 1410 Tusc.
481 1372 531 1421 V,
574 1371 642 1411 11.
675 1370 744 1411 33.
790 1383 888 1408 non
941 1382 1031 1419 ego
1071 1370 1112 1407 h.
1152 1368 1182 1407 l.
1222 1370 1273 1407 id
1313 1370 1669 1420 quaerendum

198 1430 349 1479 puto,
380 1440 625 1465 uerumne
665 1428 761 1475 sit,
794 1425 929 1476 quod
960 1426 1162 1464 Zenoni
1194 1425 1488 1477 placuerat.
1557 1428 1670 1475 Quae

201 1495 292 1522 cum
333 1485 391 1522 ita
429 1485 535 1533 sint,
578 1482 868 1534 amplectenda
906 1484 971 1520 est
1006 1487 1050 1520 ut
1093 1487 1135 1520 et
1175 1482 1309 1521 facilis
1348 1487 1390 1522 et
1429 1484 1669 1521 necessaria

200 1542 429 1591 correctio,
471 1553 576 1591 quae
610 1543 768 1578 tentata
805 1540 885 1576 iam
930 1542 993 1576 est
1030 1539 1070 1576 in
1113 1539 1202 1578 cod.
1233 1539 1327 1578 Par.
1361 1540 1410 1578 A.
1444 1543 1667 1577 certene

198 1609 296 1634 non
327 1594 504 1648 longe:
544 1609 661 1647 quam
700 1608 833 1647 paene
873 1595 1043 1632 eandem
1086 1593 1306 1648 (certen’
1346 1609 1447 1634 non
1486 1592 1666 1648 longe)

199 1652 455 1691 Camerarius
497 1657 539 1691 et
576 1653 721 1703 WVagn.
762 1656 1066 1703 proposuerunt
1108 1658 1150 1690 et
1186 1653 1378 1691 Moserus
1422 1652 1667 1703 deprauauit

197 1723 271 1761 pro
304 1715 521 1748 certene
546 1708 764 1748 scribendo
796 1712 1030 1747 certene.
1092 1708 1249 1747 Certo
1282 1707 1461 1746 dicere
1496 1708 1666 1745 sirecte

199 1767 431 1816 diceretur,
482 1767 561 1804 uim
598 1766 772 1804 haberet
809 1768 889 1816 pro'
923 1769 1072 1802 certo
1112 1763 1353 1814 dicendi,
1397 1768 1439 1801 ut
1476 1763 1519 1801 id
1559 1763 1667 1813 quod

200 1822 350 1861 dixerit
378 1822 575 1862 Proculus
607 1821 721 1860 nullo
759 1820 881 1859 modo
922 1819 1087 1857 dubium
1129 1820 1279 1870 fuerit,
1325 1818 1666 1871 quemadmodum

199 1884 346 1918 certo
378 1881 488 1918 scio
518 1879 692 1928 dicitur,
736 1882 779 1916 ut
807 1876 850 1915 id
881 1876 989 1928 qnod
1028 1877 1180 1914 sciatur
1211 1881 1369 1915 certum
1401 1888 1494 1915 esse
1526 1873 1667 1913 decla-

198 1941 327 1975 retur.
371 1937 460 1974 Hoc
483 1940 617 1974 autem
639 1935 729 1973 loco
755 1938 1029 1973 certumne
1060 1935 1134 1971 sit
1159 1935 1368 1983 quaeritur
1388 1945 1479 1970 eum
1496 1931 1665 1981 dixisse,

197 1993 243 2032 id
274 1994 381 2043 quod
414 1992 542 2030 altera
575 1993 759 2030 aduerbii
790 1991 922 2028 forma
953 1993 1098 2028 certe
1130 1989 1356 2039 indicatur,
1389 2001 1491 2040 quae
1520 1987 1571 2026 ad
1602 1987 1666 2026 di-

198 2049 316 2088 cendi
335 2049 499 2088 modum
518 2048 822 2099 spectat.›cf.1,
838 2045 902 2086 10.
918 2045 984 2086 30.
1004 2048 1143 2084 ratio
1167 2069 1222 2074 ——-
1244 2051 1390 2084 certe
1424 2049 1502 2083 est
1535 2057 1665 2082 com-

198 2107 370 2144 munis
404 2104 485 2159 (ist
514 2104 736 2143 sicherlich
767 2098 1060 2153 gemeinsam).
1101 2102 1223 2141 Tusc.
1259 2102 1309 2151 V,
1342 2101 1382 2141 5.
1420 2101 1485 2142 12.
1518 2105 1665 2139 certe

197 2163 332 2201 satis
362 2164 373 2200 i
416 2175 453 2200 e.
476 2166 630 2199 certum
666 2164 730 2198 est
761 2160 861 2197 satis
882 2171 1004 2209 posse
1037 2159 1248 2196 uirtutem.
1311 2158 1405 2198 Par.
1430 2154 1504 2207 IV,
1534 2156 1570 2197 1.
1595 2157 1665 2198 27.

197 2224 354 2257 certe
393 2219 610 2268 negabis
660 2218 684 2254 i.
718 2228 755 2254 e.
799 2220 955 2253 certum
994 2219 1059 2251 est
1096 2220 1137 2252 te
1171 2215 1215 2252 id
1245 2227 1414 2265 negare.
1473 2213 1582 2252 Uide
1613 2213 1666 2252 de

200 2276 410 2326 utriusque
448 2275 605 2312 formae
647 2272 884 2311 discrimine
926 2269 1043 2308 Klotz
1085 2271 1135 2309 ad
1166 2272 1255 2309 Cat.
1285 2272 1344 2310 M,
1382 2270 1418 2320 1,
1450 2271 1487 2311 2.
1520 2283 1560 2322 p.
1595 2268 1664 2311 74.

199 2331 350 2370 [laudii
383 2331 505 2369 Turs.
538 2327 596 2370 ΙΙ.
629 2343 666 2381 p.
704 2328 766 2369 15.
798 2328 1017 2366 Stuerenb.
1061 2340 1134 2378 pro
1165 2328 1289 2369 Arch,
1321 2341 1363 2379 p.
1399 2325 1495 2367 191.
1528 2326 1593 2366 ed.
1628 2326 1665 2367 1.

198 2390 259 2428 Ab
286 2389 361 2426 hac
388 2392 520 2426 autem
552 2384 768 2439 principali
801 2385 920 2422 huius
951 2383 1175 2435 particulae
1207 2383 1475 2422 confirmandi
1505 2385 1546 2422 ui
1576 2388 1667 2422 orta

201 2449 267 2482 est
302 2447 364 2483 uis
403 2442 810 2494 restringendi,
841 2454 927 2479 cum
963 2439 1135 2492 aliquam
1169 2453 1254 2479 rem
1288 2445 1331 2479 ut
1361 2445 1515 2480 certam
1546 2441 1664 2491 poni-

199 2514 316 2552 mus,
360 2499 563 2552 reliquas,
604 2500 655 2538 de
696 2499 839 2551 quibus
874 2499 974 2536 item
1017 2499 1155 2548 quaeri
1186 2499 1340 2549 possit,
1379 2496 1663 2547 relinquimuS.

198 2553 371 2608 Ac.11,
406 2557 597 2598 32.105.
630 2558 754 2595 haec
791 2577 840 2582 —
875 2555 986 2593 sint
1016 2553 1180 2603 falsa3
1207 2554 1482 2592 inuidiosa
1513 2557 1664 2591 certe

197 2628 295 2654 non
336 2618 470 2655 sunt.
528 2615 622 2652 Fin.
666 2613 735 2664 lV,
767 2612 802 2651 3.
836 2611 876 2651 7.
937 2612 1066 2661 Quam
1104 2612 1292 2661 quoniam
1333 2610 1485 2648 Bakius
1516 2610 1664 2660 ubique

198 2673 316 2711 huius
356 2670 585 2725 particulae
631 2671 837 2724 propriam
884 2680 977 2706 esse
1021 2666 1125 2706 dixit
1161 2680 1251 2706 cum
1280 2668 1425 2705 Beiero
1462 2667 1501 2704 in
1537 2666 1662 2704 lahnii

198 2730 297 2768 Anu.
342 2728 462 2770 1827.
506 2725 541 2769 l.
582 2742 623 2781 p.
667 2727 744 2778 32,
791 2726 980 2778 imperite
1025 2724 1201 2762 coniecit
1247 2724 1513 2762 Romanae
1563 2734 1661 2761 non

196 2784 354 2839 longe
389 2791 466 2825 cet.

1772 1952 1781 1990 ,Α
