1781 3192
432 190 589 229 {ABER
622 190 880 228 ‘suissuis
935 189 1033 228 CAr.
1067 189 1134 227 m.
1432 187 1516 225 261

61 304 181 344 soluti
217 303 359 343 uidere
389 304 598 353 iubentur,
627 314 679 340 ne
707 302 801 352 quid
833 301 1074 340 detrimenti
1098 300 1232 352 capiat
1250 297 1518 351 respublica.

61 362 124 402 Cf.
159 362 242 401 Cic.
276 358 379 400 Phil.
412 359 481 408 xl,
518 359 579 399 12.
613 357 680 398 28.

175 416 409 455 eumdem
443 412 836 465 magistratum]
899 414 1048 463 Legem
1084 410 1244 450 Tullius
1277 411 1521 449 instanrauit

61 474 219 527 pridem
252 486 274 509 a
306 472 349 511 L.
383 473 564 510 Genucio
604 485 636 511 a.
679 484 716 510 u.
756 468 851 509 41⁴2.
896 468 1019 507 latam
1061 466 1175 521 (Liu.
1207 464 1308 518 VII,
1341 465 1436 521 42)
1476 470 1520 505 et

65 544 83 569 a
118 528 229 569 Sulla
260 533 497 565 renouatum
538 529 654 580 (App.
684 528 727 566 B.
761 527 804 566 C.
839 522 873 575 I,
911 526 1022 571 100.)
1063 538 1138 562 uec
1176 537 1341 575 semper
1381 528 1521 562 tamen

63 589 335 625 obseruatum.
398 587 568 634 Spectat
609 589 650 622 et
691 583 792 621 haec
833 587 875 619 et
906 595 1006 632 quae
1039 582 1222 630 sequitur
1251 580 1316 618 lex
1347 579 1523 629 annalis,

59 643 234 694 primum
269 653 288 677 a
321 640 366 678 L.
402 640 526 677 l‘illio
559 646 607 680 tr.
639 639 692 692 pl.
727 652 758 677 a*
794 636 889 683 574.
930 637 1010 675 lata
1049 635 1160 689 (Liu.
1192 636 1280 686 XL,
1312 632 1431 688 431),
1471 635 1523 674 ad

60 709 202 736 omnes
244 698 505 746 magistratus
545 698 742 745 maiores,
783 701 904 744 atque
943 693 1052 732 haud
1092 694 1176 730 scio
1213 705 1263 730 an
1306 694 1426 729 etiam
1468 692 1520 730 ad

63 752 335 802 aedilitatem,
368 766 482 801 quam
510 766 531 790 a
554 752 718 803 reliquis
745 751 1052 802 magistratibus
1077 750 1300 786 minoribus
1329 749 1521 789 seiunxit.

174 809 206 859 ᾗ.
241 807 278 847 9.
341 808 673 859 discordiae]
737 804 783 846 In
825 807 915 847 cod.
949 806 1056 846 arch.
1090 805 1395 842 discordiae
1426 804 1522 854 suit,

58 877 140 904 non
173 864 584 915 discordiaeue,
618 865 725 916 quod
756 869 850 916 post
882 865 1072 912 Lbinum,
1106 862 1344 911 Gruterum,
1386 860 1521 899 Erne-

59 923 179 959 stium
223 920 372 971 reliqui
412 921 646 961 ediderunt.
707 922 793 959 Nec
833 933 934 972 opus
975 932 1066 957 esse
1095 917 1293 969 particula
1324 930 1381 955 ue
1414 919 1521 955 arbi-

57 982 145 1015 tror
177 979 215 1014 iu
245 978 320 1015 hac
354 991 487 1015 rerum
522 980 848 1026 enumeratione,
894 989 1058 1027 quarum
1094 975 1195 1012 haec
1227 980 1294 1013 aut
1326 974 1395 1012 illa
1430 986 1523 1013 esse

57 1035 203 1086 possit.
264 1035 373 1071 satis
407 1040 471 1072 est
500 1039 713 1085 utramque
751 1035 972 1085 separatim
1006 1043 1174 1084 ponere.
1227 1028 1366 1071 (21:11.
1402 1033 1433 1082 ᾧ.
1455 1031 1524 1070 31.

58 1103 165 1130 cum
200 1089 418 1140 populo,
462 1104 562 1128 cum
592 1089 760 1142 plebe.
796 1087 872 1129 lll.
908 1090 939 1139 §ss
973 1089 1011 1129 6.
1052 1100 1286 1138 poenae,
1328 1088 1524 1126 multae

60 1147 292 1185 certatio
334 1153 462 1185 esto.
523 1147 592 1184 Me
624 1148 753 1184 inuito
793 1148 833 1184 in
876 1146 1091 1182 uerborum
1133 1145 1282 1181 seriem
1317 1150 1421 1195 part,
1464 1155 1524 1180 ue

60 1204 240 1253 irrepsit.
322 1202 416 1240 Mox
463 1203 583 1240 Lbiui
642 1204 880 1240 coniectura
930 1204 1144 1248 escunt,
1189 1212 1356 1237 oenus
1410 1198 1525 1253 (ipse

61 1261 285 1310 scripserat
324 1256 478 1311 unus)
508 1264 550 1296 et
579 1257 792 1296 meliorum
825 1257 943 1298 codd.
999 1254 1148 1293 mendo
1195 1257 1434 1295 confirmata
1483 1259 1526 1293 et

60 1315 111 1353 ad
143 1315 388 1352 sententiam
430 1317 606 1352 maxime
638 1314 944 1352 accommodata
975 1313 1122 1350 merito
1153 1313 1320 1363 probata
1355 1315 1402 1351 ab
1435 1325 1525 1351 om-

60 1372 178 1410 nibus
210 1377 294 1418 est3
323 1372 484 1420 priores
517 1384 565 1408 ex
593 1371 698 1408 dett.
731 1371 877 1409 codd:
911 1373 1149 1417 estuntO,
1180 1381 1241 1406 ne
1280 1369 1523 1420 amplius,

175 1425 421 1475 tenunto]
482 1427 650 1465 Retinui
692 1439 780 1464 cum
822 1426 1006 1464 Uictorio
1048 1430 1295 1474 tenunto,
1336 1425 1444 1476 quod
1483 1425 1525 1462 in

63 1481 152 1521 cod.
193 1482 301 1521 arch.
345 1482 475 1518 fuisse
517 1489 670 1520 certum
713 1488 802 1532 est,
844 1482 955 1520 nulla
993 1481 1248 1519 correctione
1290 1495 1392 1533 opus
1431 1493 1526 1519 esse

62 1543 173 1575 ratus
204 1551 281 1575 nec
314 1538 514 1588 Stephani
548 1543 631 1575 ten
648 1544 794 1588 ento,
827 1551 942 1590 quam
978 1537 1111 1575 denuo
1138 1537 1287 1575 Bakius
1315 1550 1525 1576 commen-

62 1592 190 1642 dauit,
222 1606 298 1631 nec
332 1594 584 1644 reliquorum
619 1600 821 1635 teneto.
884 1595 939 1632 Et
972 1593 1136 1644 quidem
1171 1594 1397 1633 secundum
1440 1600 1526 1632 ter-

60 1651 160 1687 tiam
201 1651 529 1699 coniugationem
576 1651 805 1689 tenendi
856 1653 1025 1689 uerbum
1072 1649 1207 1702 prisco
1250 1652 1526 1689 Romanorum

61 1717 252 1743 sermone
284 1718 376 1743 esse
407 1706 659 1745 declinatum
693 1709 811 1746 testis
846 1714 910 1746 est
945 1712 986 1745 et
1005 1708 1173 1758 Festus,
1207 1709 1273 1757 qui
1296 1721 1333 1759 p.
1360 1706 1449 1748 131.
1482 1712 1525 1744 et

61 1761 157 1802 217.
201 1761 265 1802 ed.
299 1761 420 1802 Lind.
462 1763 589 1801 futuri
630 1766 758 1802 exacti
798 1765 969 1802 formam
1011 1763 1254 1802 tetinero
1294 1770 1336 1802 et
1368 1764 1525 1801 Nouius

60 1831 99 1870 p.
127 1817 220 1868 178,
253 1819 319 1869 qui
350 1819 493 1856 itidem
525 1821 702 1871 pen—itti
738 1820 889 1859 formas
914 1822 1215 1870 tetinerim,
1249 1821 1524 1868 tetinerit,

61 1876 320 1912 tetinisse
359 1888 408 1912 ex
439 1877 616 1914 Pacuuio
658 1883 699 1914 et
736 1879 850 1915 Attio
890 1879 1107 1928 excerpsit.
1168 1876 1344 1916 Pluralis
1388 1883 1526 1914 autem

62 1944 256 1969 numerus
290 1934 399 1978 (nam
434 1937 477 1970 ut
508 1934 554 1970 ad
582 1946 744 1971 oenus
777 1935 944 1971 uerbum
984 1935 1232 1984 referretur,
1272 1932 1523 1984 singularem

62 1991 158 2040 poni
191 1990 389 2039 oportuit)
418 2002 491 2039 per
521 1992 777 2028 attractionis
811 1990 1014 2041 quoddam
1047 2005 1175 2042 genus
1210 1996 1251 2028 et
1282 1990 1452 2028 Graecis
1482 1992 1525 2026 et

60 2045 258 2083 Romanis
301 2046 494 2082 usitatum
538 2046 588 2083 ad
620 2046 868 2084 consules
901 2047 1091 2090 refertur.
1130 2048 1193 2088 Cf.
1227 2048 1310 2088 Cic.
1331 2044 1436 2086 Phil.
1454 2045 1525 2094 1V,

61 2099 99 2142 4.
141 2099 181 2142 9.
229 2099 340 2152 quis
393 2100 539 2139 illum
594 2103 759 2151 igitur
813 2103 1080 2142 consulem
1129 2106 1232 2143 nisi
1278 2103 1525 2141 latrones

60 2163 261 2210 putant.
294 2157 412 2198 Ouid.
456 2158 580 2196 Trist.
617 2159 685 2208 lv,
723 2158 788 2208 10,
818 2158 886 2199 85.
925 2161 968 2197 si
1010 2164 1186 2199 tamen
1230 2159 1524 2198 exstinctis

63 2213 271 2265 aliquid
302 2215 407 2252 nisi
437 2217 648 2253 nomina
679 2222 912 2264 restant3
942 2222 984 2254 et
1016 2216 1224 2268 aliquanto
1258 2216 1523 2264 insolentius,

65 2271 159 2318 quia
206 2270 403 2319 particula
451 2277 505 2310 ut
544 2274 710 2310 uerbum
747 2286 831 2312 non
875 2273 1025 2323 habet,
1076 2274 1126 2312 ad
1167 2274 1272 2325 quod
1301 2273 1522 2320 reseratur,

66 2325 156 2364 Liu.
204 2322 300 2375 lV,
348 2325 386 2366 2.
435 2330 938 2378 reminiscerentur,
997 2343 1136 2380 quam
1190 2333 1523 2369 maiestatem

65 2386 282 2419 senatus
311 2382 414 2433 ipsi
446 2397 468 2422 a
494 2387 734 2437 patribus
768 2388 1124 2438 accepissent,
1158 2400 1301 2438 quam
1330 2385 1522 2423 liberis

65 2437 329 2476 tradituri
360 2446 566 2490 essent,
600 2447 650 2480 ut
673 2442 1098 2492 quemadmodum
1125 2443 1273 2495 plebs
1300 2441 1523 2493 gloriari

63 2499 271 2546 posset,
303 2498 587 2536 auctiorem
622 2497 1040 2550 amplioremque
1080 2514 1207 2540 esse.
1271 2501 1523 2538 Graecorum

64 2550 252 2602 exempla
284 2558 379 2589 suut
410 2553 515 2606 apud
547 2554 678 2595 Thuc.
711 2551 746 2606 Ι,
777 2555 845 2596 ὅ2.
878 2551 959 2607 llI,
989 2554 1056 2598 47.
1108 2558 1170 2599 Cf.
1195 2558 1309 2609 Popo
1341 2555 1393 2594 de
1418 2554 1521 2594 eloe.

64 2608 199 2647 Thac.
226 2621 266 2659 p.
301 2608 391 2649 160.

177 2666 426 2716 magister
456 2665 658 2718 populi]
721 2668 970 2707 Dictatorem
1000 2671 1243 2721 magistrum
1265 2666 1403 2723 populi
1429 2679 1523 2705 esse

64 2720 313 2773 appellatum
353 2723 531 2773 produnt
570 2724 653 2763 Cic.
695 2724 745 2762 de
787 2725 890 2776 Rep.
936 2722 979 2776 I,
1011 2725 1078 2768 40.
1125 2728 1253 2767 Varro
1297 2728 1340 2766 L.
1371 2726 1415 2765 L.
1447 2719 1522 2765 IV.

65 2777 97 2828 ᾗ.
134 2775 196 2818 14.
227 2777 340 2818 Fest.
372 2793 410 2832 p.
451 2778 538 2822 194.
573 2794 605 2821 s.
640 2795 676 2822 u.
709 2783 902 2835 optima
932 2780 1027 2825 lex,
