1781 3192
346 178 505 218 Lnssmn
539 175 840 217 SECUNDUS.
893 178 990 216 cn.
1030 177 1168 216 xvm.
1401 177 1488 213 207

32 297 171 345 uertit,
204 300 269 332 est
302 292 360 342 id,
394 290 500 342 quod
532 290 697 328 omuino
729 291 862 327 anima
893 294 1055 339 careat,
1097 302 1178 326 non
1212 287 1319 339 quod
1350 291 1488 327 exani-

29 358 178 393 matum
212 352 281 388 sit.
344 347 410 387 Cf.
447 348 532 386 Cic.
565 346 690 384 'l'usc.
725 342 760 394 I,
793 345 857 385 223.
894 345 962 385 54.
996 346 1069 383 Ac.
1105 342 1161 395 ΙΙ,
1200 345 1259 385 12.
1289 342 1356 385 37.

140 404 397 458 ligneum]
479 401 578 443 Cod,
620 402 729 441 arch.
787 403 1023 453 scriptura:
1070 401 1261 452 lignum
1316 406 1487 440 autem

29 465 263 518 quodque
295 460 526 499 uoluerit
553 458 709 496 duobus
741 459 818 495 iam
852 458 1010 496 mendis
1043 459 1251 508 inquinata
1278 462 1342 496 est
1373 457 1488 510 (lig-

29 536 136 561 num
169 542 223 548 --
254 516 425 568 quodq
439 530 459 553 u
475 522 530 561 e).
591 513 694 552 illud
715 513 872 565 pridem
895 513 1093 552 sublatum
1123 527 1213 552 esse
1237 516 1487 565 coniectura,

30 591 146 630 quam
178 575 267 625 quis
299 574 453 623 primus
487 572 769 622 proposuerit,
815 572 976 620 nescio,
1015 572 1280 609 consentiunt
1321 578 1489 622 praeter

29 634 194 672 Bakium
227 641 394 678 omneS,
439 631 505 678 qui
547 632 590 665 et
628 627 670 665 h.
703 626 733 665 l.
777 631 819 664 et
862 640 952 664 mox
984 639 1058 678 pro
1089 626 1358 678 lapideum
1391 629 1491 666 sub-¹

35 688 258 728 stantiuum
290 685 479 735 requirit,
512 683 618 734 quod
657 695 703 720 ex
745 684 990 734 imperatiuo
1029 682 1225 735 pendeat.
1286 684 1487 722 Nimirum

30 755 294 802 adiectiuum,
328 757 372 790 ut
400 764 588 803 graecum
621 748 804 788 Platonis
838 751 1004 788 uerbum
1038 735 1233 798 ξύλου,
1273 753 1485 790 materiam

27 811 255 862 significat,
291 821 338 846 ex
370 821 448 858 quo
482 806 587 858 quod
620 806 834 845 dedicetur
871 808 1021 845 factum
1062 809 1139 856 sit3
1178 807 1302 858 idque
1340 820 1488 847 neces-

28 868 179 906 sarium
211 877 383 916 prorsus
415 877 508 902 esse
536 863 784 901 adiectiuum
818 863 1085 915 lapideum
1125 863 1335 914 ostendit,
1381 865 1487 915 quod

26 924 222 974 sequitur.
293 920 478 959 Alterum
511 927 645 958 autem
685 919 904 969 mendum,
945 919 1053 969 quod
1095 922 1203 958 serio
1243 934 1330 958 cum
1365 921 1487 961 Goer.

26 979 137 1019 Mos.
170 978 238 1017 Or.
272 976 362 1014 aliis
396 975 635 1015 defenderit
666 989 802 1025 nemo,
845 989 920 1014 nec
954 977 1136 1014 'l'urnebi
1178 975 1378 1015 sublatum
1424 982 1489 1015 est

24 1037 261 1074 coniectura
301 1034 467 1072 Dauisio
507 1035 676 1084 probata
725 1046 747 1082 q
764 1032 860 1069 uod
904 1033 1026 1082 qui,
1074 1045 1150 1070 nec
1187 1033 1308 1070 Lbini
1354 1033 1488 1084 quod

24 1093 159 1144 quis,
191 1103 292 1140 quae
323 1089 534 1138 Ernestio,
567 1089 789 1145 Wagnero,
815 1089 1008 1139 Zumptio
1030 1086 1197 1139 placuit.
1258 1089 1313 1126 Et
1341 1102 1487 1140 graeca

22 1158 208 1199 Platonis
241 1157 364 1194 uerba
396 1143 567 1194 ξύλου
614 1139 718 1202 3727
766 1140 833 1189 ἄν
870 1143 1026 1203 ἐθέλῃ
1048 1158 1146 1203 τῖς,
1186 1139 1486 1193 ἀνατῖὲέτω

25 1222 68 1256 et
97 1216 186 1265 ipsa
216 1216 424 1253 sententia
457 1212 640 1251 declarat
669 1212 971 1250 restituendum
1004 1224 1095 1250 esse
1118 1213 1310 1251 Ciceroni
1349 1215 1487 1264 quic-

24 1270 174 1325 quid,
221 1269 329 1320 quod
367 1274 567 1308 tentatum
607 1270 685 1306 iam
729 1272 794 1305 est
830 1270 872 1306 in
912 1267 1005 1306 cod.
1051 1267 1113 1309 10.
1181 1268 1237 1306 Et
1276 1271 1487 1321 utriusque

24 1329 136 1369 uocis
175 1325 438 1378 (quodque
494 1330 537 1364 et
584 1324 857 1376 quicquid)
904 1329 1025 1362 notae
1073 1323 1306 1363 simillimae
1355 1332 1486 1365 erant.

25 1383 175 1424 Bakius
214 1382 320 1419 dett.
355 1382 605 1433 quorundam
638 1380 756 1420 codd.
799 1382 1096 1418 correctionem
1139 1381 1487 1433 quodcunque

23 1443 83 1480 ita
112 1439 316 1490 probauit,
349 1445 391 1477 ut
426 1440 534 1490 quis
565 1437 659 1475 addi
691 1435 834 1475 uellet.
894 1438 1047 1475 Uerum
1079 1439 1244 1475 tertiam
1267 1450 1487 1488 personam

26 1493 243 1547 singularis
274 1494 315 1531 in
347 1494 524 1533 iubendo
557 1493 607 1531 ad
636 1492 890 1531 indefinitam
921 1506 1140 1545 personam
1177 1495 1485 1543 significandam

25 1555 115 1591 sine
151 1552 393 1602 pronomine
434 1551 619 1602 usurpari
655 1550 753 1587 satis
796 1554 972 1588 constat.
1033 1549 1098 1588 Cf.
1134 1546 1164 1588 l.
1210 1549 1243 1599 ᾧ.
1275 1549 1316 1591 9.
1359 1553 1403 1590 si
1434 1553 1487 1590 in

24 1612 108 1648 ius
139 1611 311 1657 uocat,
343 1609 438 1646 ito.
499 1607 617 1645 Klotz
648 1604 698 1642 ad
729 1605 813 1644 Cic.
850 1606 976 1644 Tusc.
1013 1606 1043 1656 l,
1076 1605 1145 1646 38.
1177 1604 1246 1646 91.

138 1662 416 1714 dedicato]
476 1663 538 1701 Ex
571 1661 722 1701 mendo
754 1662 842 1700 cod.
876 1663 986 1700 arch.
1027 1660 1142 1715 (nam
1182 1664 1383 1702 correctio
1421 1669 1487 1702 est

25 1715 266 1772 cauato),
309 1720 417 1771 quod
457 1724 596 1758 natum
635 1723 699 1756 est
739 1717 893 1756 duabus
925 1717 1092 1768 syllabis
1123 1720 1308 1769 omissis,
1348 1723 1395 1758 ut
1426 1715 1484 1757 II.

25 1778 58 1827 §.
91 1775 157 1816 28.
189 1788 358 1826 manu,
400 1775 548 1826 reliqui
590 1773 736 1812 melius
777 1775 1006 1814 effecerunt
1044 1774 1324 1826 dedicato,
1367 1789 1483 1828 quam

25 1834 123 1873 Dau.
155 1837 363 1870 sacrato
396 1837 438 1870 et
469 1832 614 1870 Bakius
646 1835 976 1870 consecrato.

138 1898 282 1937 albus
314 1897 628 1950 praecipue]
690 1898 861 1936 Probari
898 1911 979 1936 non
1020 1911 1142 1951 posse
1178 1899 1342 1937 uidetur
1371 1899 1486 1938 Bakii

26 1957 140 1996 coni„
179 1953 338 1993 albus
384 1955 468 2006 qui
505 1955 826 2007 praecipue,
868 1956 946 1992 etsi
988 1955 1138 1993 mendo
1179 1956 1322 1994 nititur
1362 1955 1485 1994 codd.

26 2011 241 2051 meliorum
271 2009 560 2061 albusque,
593 2011 686 2061 quia
715 2023 818 2061 quae
851 2024 940 2049 cum
981 2011 1152 2063 reliquis
1195 2014 1486 2064 expressimus,

26 2081 117 2106 cum
150 2068 252 2118 ipsis
279 2065 465 2105 Platonis
499 2067 634 2104 uerbis
665 2072 916 2116 congruunt,
947 2068 1068 2106 modo
1100 2068 1207 2119 quod
1234 2081 1336 2119 quae
1368 2067 1486 2107 Plato

24 2124 264 2162 dubitanter
294 2136 339 2161 ac
360 2121 549 2160 modeste
571 2123 800 2174 proposuit,
834 2122 1078 2175 simpliciter
1097 2125 1137 2162 h.
1164 2123 1194 2162 l.
1216 2125 1487 2165 affirmantur.

136 2203 243 2229 cum
275 2191 323 2228 in
353 2189 577 2240 ceteris]
624 2183 751 2229 'Male
783 2191 924 2229 Lamb.
947 2191 1050 2229 Dau.
1072 2190 1172 2231 ΕΓΒ.
1196 2192 1340 2242 Wagn.
1369 2196 1485 2231 tum.

134 2256 411 2307 utendam]
473 2257 592 2306 Quod
622 2259 779 2308 primus
810 2258 914 2296 Dau.
946 2259 1124 2296 coniecit
1154 2264 1197 2297 et
1219 2259 1345 2298 Goer.
1379 2259 1486 2298 Mos.

23 2314 94 2355 Or.
125 2313 275 2352 Bakius
307 2314 495 2365 probauit
526 2314 769 2351 utendam
804 2336 852 2342 —
884 2313 1029 2365 reliqui
1061 2315 1306 2354 tuendam
1336 2338 1412 2365 ——,
1445 2314 1487 2352 id

24 2371 289 2409 confirmatur
319 2370 448 2407 tribus
481 2369 573 2407 Gzii
607 2369 815 2408 codicibus
850 2376 996 2421 estque
1026 2372 1317 2411 necessarium.
1370 2369 1487 2410 Nihil

23 2427 133 2465 enim
176 2439 268 2464 cum
299 2430 437 2464 terrae
468 2424 580 2464 cultu
609 2424 654 2463 id
684 2439 899 2465 commune
932 2427 1078 2477 habet,
1121 2426 1228 2478 quod
1267 2440 1356 2466 eam
1393 2433 1487 2466 tue-

23 2496 131 2534 mur,
165 2495 262 2521 usus
302 2482 438 2520 habet.
505 2479 706 2520 Similiter
743 2481 910 2521 litterae
947 2496 1040 2522 mox
1072 2485 1351 2535 transpositae
1392 2488 1488 2522 sunt

25 2541 67 2578 in
98 2538 222 2578 codd.
254 2537 366 2577 mell.
400 2538 482 2588 qui
511 2537 663 2576 domo
694 2551 767 2588 pro
800 2540 883 2589 qui
920 2538 1084 2580 modo⁴
1144 2541 1239 2579 Alia
1278 2545 1344 2579 est
1380 2541 1486 2578 ratio

23 2593 104 2634 loci
141 2609 164 2634 a
193 2595 293 2632 Dau.
331 2593 486 2632 laudati
524 2607 597 2646 pro
638 2593 762 2634 Rosc.
802 2596 893 2634 Am.
938 2595 1005 2647 15,
1047 2594 1118 2636 43.
1162 2597 1229 2635 ubi
1266 2608 1486 2649 perperam

23 2650 134 2690 idem
166 2649 365 2689 tuenda
397 2648 643 2689 sollicitauit.

139 2706 508 2758 subigendam]
569 2707 686 2744 IIanc
717 2707 995 2747 coniecturam
1026 2722 1048 2747 a
1077 2706 1266 2747 Manutio
1307 2719 1356 2745 ex
1393 2705 1485 2745 cod.

31 2759 164 2813 aliquo
199 2768 432 2816 excerptam
465 2769 507 2802 et
538 2776 560 2800 a
588 2761 798 2815 plerisque
827 2765 1038 2815 probatam
1081 2765 1225 2813 (Goer.
1265 2763 1372 2803 Mos.
1415 2763 1485 2805 Or.
