1781 3192
235 174 326 214 256
803 173 873 212 ΒΕ
905 174 1137 213 LEGIBUS
1156 187 1158 190 ’

240 287 325 339 legi
363 289 479 326 recte
520 285 711 324 dicuntur
751 297 832 335 ea,
885 299 989 336 quae
1030 292 1126 325 ante
1164 286 1392 326 resecanda
1429 292 1546 327 erant
1585 286 1701 344 (nam

242 342 323 394 legi
356 357 403 382 ea
434 343 595 379 demum
628 346 825 393 possunt,
864 355 967 392 quae
1008 344 1098 381 sine
1138 345 1176 380 ui
1216 342 1327 380 demi
1366 342 1587 396 possunt),
1627 358 1703 383 nec

242 400 357 453 plura
390 412 480 435 ossa
512 398 702 435 solebant
730 400 925 448 resecari,
958 399 1031 437 sed
1062 402 1286 438 membrum
1322 413 1458 440 unum.
1491 401 1553 439 cf.
1577 400 1610 450 ξ.
1634 401 1700 442 55.

244 460 438 506 Quaeque
477 453 718 502 Quintiliani
759 455 884 493 uerba
914 456 1028 505 VIII,
1064 457 1102 496 5.
1144 457 1176 506 ξ.
1207 456 1275 496 21.
1336 457 1524 495 Dauisius
1566 458 1707 495 citauit

244 510 655 566 (infelicissima
702 511 895 549 femina
951 512 1168 550 nondum
1230 512 1480 551 extulisti
1532 511 1705 551 filium

242 574 294 607 et
339 569 432 605 iam
483 580 600 604 ossa
642 566 888 620 legisti),
935 582 981 607 ea
1022 571 1142 607 istam
1188 567 1438 607 locutionem
1479 568 1708 607 insolenter

242 624 460 664 transferri
506 628 678 673 arguunt
733 623 783 661 ad
831 624 1033 663 uulnerati
1082 631 1125 663 et
1170 628 1332 664 contusi
1384 627 1561 664 hominis
1614 638 1707 664 ossa

241 680 442 731 legenda3
473 694 589 730 quam
623 683 661 718 iu
695 682 940 719 sententiam
974 682 1119 720 eadem
1154 683 1276 719 uerba
1316 690 1484 733 usurpat
1515 682 1612 722 sen.
1655 681 1708 719 de

243 733 345 777 Ben.
380 737 429 786 V,
463 735 529 777 2³2.
592 738 722 775 Recte
754 737 879 777 Turn.
926 739 1049 789 WJtt.
1091 740 1307 789 Zumptius
1347 739 1424 776 hoc
1464 738 1544 776 dici
1583 736 1707 775 intel-

245 790 438 832 lexerunt
482 793 534 830 de
573 795 733 831 ossibus
775 797 1023 832 concremati
1064 797 1249 846 eorporis
1289 808 1336 833 eo
1379 794 1550 832 consilio
1589 793 1709 832 colli-

246 850 417 903 gendiS,
464 857 506 887 ut
548 857 643 901 post
684 850 807 887 sunus
853 850 1007 888 faciant
1048 850 1286 902 luctumque
1338 857 1526 901 augeant.
1597 849 1709 889 Male

185 908 189 922 s
247 914 386 947 tamen
418 909 636 958 Zumptius
678 908 885 958 pessimae
922 914 1045 945 notae
1086 908 1294 958 codicem,
1328 908 1708 961 Uindobonensem,

246 969 414 1003 secutus
447 963 752 1001 commendauit
784 964 994 1001 homine
1027 971 1252 1015 mortuo,
1287 966 1399 1015 quasi
1424 960 1520 1002 uero
1548 963 1710 1002 [latitius

244 1035 324 1059 non
375 1020 483 1058 eum
514 1021 736 1070 significet,
786 1020 833 1057 ad
885 1034 1002 1070 quem
1050 1023 1202 1059 ossium
1254 1020 1445 1059 collectio
1492 1022 1709 1072 pertineat.

245 1072 441 1117 Bellicam
476 1081 608 1114 autem
641 1078 981 1128 peregrinamque
1005 1084 1179 1116 mortem
1204 1076 1269 1115 lex
1291 1082 1453 1129 excepit
1475 1082 1710 1128 propterea,

248 1136 340 1187 quia
373 1148 492 1182 eum,
548 1134 687 1183 quiin
730 1133 863 1171 aliena
908 1138 1019 1171 terra
1059 1140 1242 1173 mortuus
1289 1139 1429 1182 esset,
1483 1133 1710 1170 domestico

247 1193 395 1230 funere
432 1190 609 1242 spoliare
642 1191 821 1240 iniquum
855 1190 1087 1240 uidebatur,
1128 1204 1205 1229 nec
1245 1195 1381 1228 tamen
1416 1189 1560 1227 eodem
1603 1194 1710 1226 tem-

245 1260 349 1301 pore
391 1252 433 1285 et
472 1260 620 1298 corpus
661 1247 845 1284 comburi
885 1251 928 1285 et
969 1248 1131 1285 cineres
1167 1249 1207 1286 in
1252 1247 1479 1285 domestico
1519 1243 1712 1297 sepulcro

247 1303 367 1344 condi
400 1309 606 1354 poterant.

363 1358 586 1397 seruilis
613 1359 952 1408 uncturacet.]
1002 1360 1118 1397 Lbini
1139 1361 1373 1398 coniectura
1393 1358 1452 1396 de
1476 1364 1713 1409 unctura,

251 1418 439 1468 quibus
470 1412 699 1453 seruilis
734 1420 959 1452 unctura
993 1414 1206 1452 tollitur
1244 1416 1382 1453 mendi
1413 1416 1611 1465 originem
1641 1417 1715 1453 ob-

250 1473 454 1521 scurauit,
495 1485 573 1509 non
618 1469 786 1509 sustulit
825 1471 1035 1510 mendum.
1103 1472 1191 1509 Nec
1242 1477 1338 1523 apte
1388 1470 1449 1508 de
1502 1476 1717 1509 unctura

250 1531 555 1583 praemittitur,
595 1541 683 1565 cum
731 1534 900 1565 unctura
932 1529 972 1565 in
1005 1529 1095 1578 ipsa
1124 1527 1217 1578 lege
1250 1530 1305 1566 sit
1335 1529 1569 1577 nominata,
1611 1532 1653 1566 et
1682 1529 1717 1566 si

251 1586 355 1625 illud
396 1587 663 1637 praemittere
708 1583 931 1634 uoluisset,
980 1584 1135 1622 addere
1173 1586 1297 1622 etiam
1348 1583 1492 1622 debuit
1542 1585 1717 1622 circum-

252 1644 523 1696 potationem.
594 1640 709 1690 Quod
750 1640 913 1691 quidem
958 1641 1183 1679 Manutium
1231 1642 1478 1690 commouit,
1531 1647 1574 1678 ut
1612 1642 1718 1679 hane

253 1701 534 1740 coniecturam
566 1702 750 1736 tentaret
781 1697 844 1734 de
868 1702 1084 1735 unctura
1107 1698 1716 1748 circumpotationeque.

256 1756 341 1796 Sed
373 1757 506 1808 ipsum
541 1754 632 1793 cod.
665 1754 777 1792 arch.
810 1753 1002 1791 mendum
1037 1753 1099 1791 de
1140 1759 1383 1802 unctura,
1425 1766 1548 1803 quae
1586 1767 1716 1792 seru.

254 1818 478 1853 unctura
513 1808 735 1849 tollitur
762 1813 1178 1860 interpretamentum
1213 1810 1279 1848 uel
1301 1810 1342 1846 h.
1366 1809 1394 1847 l.
1427 1810 1466 1846 in
1491 1811 1718 1848 orationem

254 1870 478 1921 irrepsisse
509 1869 610 1906 satis
643 1869 792 1918 arguit.
853 1866 1016 1904 Primus
1051 1866 1092 1903 id
1127 1867 1230 1905 uidit
1262 1867 1464 1915 Dauisius,
1497 1868 1562 1917 qui
1596 1867 1720 1905 uerba

257 1927 319 1966 de
358 1929 580 1964 unctura
625 1938 750 1975 quae
787 1922 1007 1961 seruilis
1046 1921 1137 1960 tolli
1178 1923 1330 1972 uoluit3
1372 1924 1436 1961 cui
1478 1921 1626 1973 reliqui
1665 1924 1721 1961 ita

258 1988 544 2031 assenserunt,
578 1985 620 2019 ut
650 1986 787 2019 tamen
823 1979 1051 2017 seruilis
1083 1982 1329 2019 retinerent.
1390 1980 1446 2016 Et
1483 1985 1600 2018 recte
1631 1981 1721 2031 qui-

258 2041 375 2089 dem3
407 2050 497 2077 nam
532 2040 677 2089 inepte*
705 2042 874 2075 unctura
906 2038 1095 2075 uniuersa
1127 2035 1299 2076 tollitur.
1361 2035 1444 2074 Sed
1476 2036 1570 2087 quid
1602 2037 1722 2075 dein-

258 2110 356 2148 ceps
389 2103 459 2134 aut
490 2097 680 2133 circum
695 2094 962 2145 portatio,
992 2093 1100 2143 quod
1124 2094 1249 2132 Goer.
1273 2092 1370 2131 Sch.
1395 2094 1503 2131 Mos.
1537 2106 1586 2131 ex
1614 2093 1721 2132 dett.

261 2152 498 2205 quibusdam
540 2150 661 2188 codd.
699 2155 970 2199 receperunt,
1017 2154 1085 2186 aut
1124 2151 1564 2199 circumpotatio,
1615 2148 1723 2200 quod

259 2209 407 2261 reliqui
438 2204 725 2245 retinuerunt?
764 2205 910 2243 Nonne
942 2205 1018 2243 hoc
1050 2207 1216 2243 nomine
1245 2219 1374 2256 genus
1408 2211 1604 2243 uncturae
1635 2218 1723 2244 ser-

262 2265 356 2306 uilis
394 2264 599 2303 contineri
634 2274 809 2301 necesse
852 2259 947 2299 est?
998 2263 1139 2312 ltaque
1180 2264 1414 2300 necessaria
1451 2275 1619 2313 prorsus
1660 2267 1726 2300 est

262 2323 464 2363 correctio
509 2320 951 2371 circurnputatio,
994 2324 1154 2357 tentata
1192 2317 1265 2357 illa
1306 2320 1384 2356 iam
1425 2319 1467 2356 in
1508 2318 1630 2358 codd.
1674 2317 1721 2359 11

263 2385 306 2419 et
337 2379 405 2420 58.
468 2378 550 2416 Isto
584 2376 705 2415 modo
739 2388 950 2413 seruorum
986 2382 1156 2414 unctura
1189 2374 1349 2413 tollitur
1390 2376 1606 2426 omnisque
1644 2376 1724 2413 cir-

263 2436 532 2488 cumputatio,
564 2434 592 2472 i.
627 2446 664 2471 e.
696 2434 1053 2483 circumpurgatio,
1085 2445 1138 2470 ne
1169 2431 1277 2470 idem
1320 2432 1451 2470 honos
1493 2433 1549 2470 sit
1589 2432 1724 2470 seruis

263 2499 386 2544 atque
416 2491 560 2530 liberis
591 2495 633 2528 et
662 2494 705 2527 ut
736 2495 894 2527 sumtus
926 2490 1146 2528 minuatur.
1190 2489 1257 2527 Cf.
1282 2490 1398 2527 Fest.
1431 2502 1464 2527 S.
1490 2503 1529 2527 u.
1562 2489 1724 2541 impu·

264 2555 427 2588 tatum
467 2546 609 2602 (imp.
646 2548 676 2586 i.
717 2559 755 2585 e.
796 2545 1020 2584 nondum
1061 2551 1354 2598 purgatum.
1418 2545 1603 2584 Putum
1644 2548 1726 2583 est

265 2608 401 2645 enim
433 2600 659 2657 purum).
719 2604 820 2642 Nam
858 2601 1060 2640 falluntur
1096 2603 1204 2641 haud
1236 2602 1383 2651 dubie,
1415 2603 1482 2653 qui
1514 2607 1725 2640 uncturam

265 2662 358 2701 tolli
412 2663 702 2700 existimarunt
743 2674 764 2698 a
807 2660 938 2698 seruis
981 2661 1008 2697 i.
1049 2673 1087 2698 e.
1136 2673 1158 2698 a
1193 2658 1507 2712 pollinctoribus
1556 2658 1726 2697 factam.

266 2720 357 2759 Hoc
400 2718 568 2770 quidem
605 2720 718 2755 esset
758 2722 968 2755 uncturam
1019 2718 1183 2755 omnino
1232 2715 1404 2765 tollere,
1451 2728 1568 2767 quam
1615 2717 1725 2753 omni

271 2782 409 2816 tamen
459 2781 650 2827 tempore
690 2788 714 2813 a
762 2772 1074 2826 pollinctoribus
1120 2786 1209 2812 cum
1260 2774 1443 2824 corporis
1485 2773 1730 2825 purgatIone
