1781 3192
200 186 258 223 76
766 185 836 224 DE
871 186 1099 227 LEGIBUS

208 304 294 338 rata
335 303 488 337 essent.
549 297 612 344 Cf.
657 298 737 337 Cic.
779 298 832 338 de
873 298 954 350 leg.
995 314 1079 352 agr.
1123 301 1190 351 ΙΙΙ,
1230 301 1268 341 2.
1299 302 1338 342 5.
1409 302 1518 341 Uide
1550 305 1670 341 etiam

207 359 312 408 App.
352 357 400 394 B.
440 356 530 392 Ciu.
573 355 604 403 1,
642 352 709 394 99.
748 354 857 395 Plnt.
891 357 997 397 suli.
1029 371 1065 397 c.
1098 358 1184 407 33„
1228 357 1335 395 unde
1367 358 1536 397 alteram
1567 360 1672 410 legis

210 419 368 465 partem
407 411 459 448 ad
501 422 548 447 ea
587 412 841 462 pertinuisse
881 419 1020 465 patet,
1064 427 1165 463 qnae
1196 419 1358 452 acturus
1390 420 1526 464 esset3
1567 415 1672 466 qnod

210 470 320 507 idem
360 471 404 504 et
443 468 545 505 haec
586 468 711 505 uerba
752 468 936 508 indicant
978 476 1019 507 et
1059 469 1128 508 illa
1160 471 1200 507 in
1231 467 1353 509 Verr.
1389 468 1469 521 ΙΙΙ,
1502 470 1571 511 35.
1603 471 1673 512 81.

210 526 415 564 Peruersa
445 529 509 562 est
530 525 656 574 igitur
675 525 830 563 Dauisii
856 528 1032 577 suspicio
1058 532 1106 564 nt
1134 528 1221 577 qui
1251 526 1487 566 dictator
1510 532 1672 566 esset.

320 578 535 618 indicta
565 593 722 617 cansa
752 582 979 633 impune]
1041 584 1146 632 lloc,
1180 583 1285 632 quod
1319 598 1339 621 a
1372 584 1578 636 plerisque
1608 585 1673 621 in-

207 637 459 689 terpretibus
492 638 707 687 probatum
740 643 820 688 est,
855 652 1073 689 pancorum
1103 645 1256 677 tantum
1283 639 1531 679 deteriorum
1556 640 1673 678 codi-

208 708 296 735 cum
331 695 573 731 auctoritate
604 695 762 732 nititur.
825 694 867 732 in
906 694 1145 734 melioribus
1184 695 1305 734 codd.
1339 703 1434 735 ante
1470 698 1675 735 indicta

208 756 408 792 insertum
441 756 507 787 est
540 754 654 799 ant,
686 752 727 788 in
761 748 1009 789 deteriorum
1035 752 1242 803 plerisque
1269 759 1320 790 nt
1342 754 1402 791 nei
1431 767 1506 792 an.
1554 752 1674 791 Unde

211 807 319 860 qnod
351 807 479 844 Gzins
514 815 556 844 et
579 807 825 844 Schuetzius
859 808 1086 846 effecerunt
1112 809 1223 858 nel,
1258 809 1298 847 id
1325 813 1469 848 merito
1493 815 1675 860 spretum

211 871 276 904 est
307 865 354 901 ab
388 862 544 901 Orellio
577 869 619 900 et
652 862 791 901 ssakio.
852 865 952 902 Nam
979 865 1086 914 qnod
1119 867 1341 916 impunitas
1374 868 1552 904 cuiusuis
1576 867 1676 904 ciuis

209 920 384 961 necandi
406 933 452 957 eo
473 919 716 969 intenditur,
737 919 842 970 quod
863 921 928 960 uel
948 922 1099 960 indicta
1118 935 1238 960 cansa
1259 922 1298 960 id
1320 923 1457 961 facere
1478 925 1677 974 potnerit,

209 979 251 1018 id
283 980 339 1016 ita
372 976 537 1026 dicitur,
573 978 687 1027 qnasi
718 978 796 1014 iam
832 977 940 1015 dicta
970 991 1091 1015 cansa
1128 983 1240 1017 ciues
1280 981 1515 1017 interlicere
1553 990 1677 1027 grune

209 1036 348 1075 fuerit.
409 1034 494 1071 Nec
528 1046 626 1072 uero
656 1033 794 1085 placet
825 1033 912 1072 sola
943 1036 1143 1084 particula
1167 1034 1302 1073 deleta
1326 1038 1447 1074 uerba
1475 1028 1679 1074 indicta

210 1104 365 1131 causa
395 1091 603 1140 retinere,
647 1092 739 1140 quia
786 1095 828 1128 et
868 1090 975 1128 idem
1021 1098 1084 1128 est
1123 1094 1170 1129 in
1187 1094 1324 1129 dieta
1357 1106 1511 1130 cansa
1544 1093 1677 1130 oeci-

213 1149 337 1187 dere
370 1153 492 1197 atque
524 1148 735 1197 impune
767 1147 1018 1185 occidere
1060 1148 1182 1199 (hinc
1226 1161 1420 1199 nusquam
1463 1155 1678 1197 utrumque

212 1205 444 1252 coniunxit3
478 1202 670 1241 similiter
701 1207 836 1241 autem
873 1202 973 1240 dixit
1009 1206 1047 1241 in
1093 1205 1207 1244 Vei-r.
1255 1206 1301 1253 i,
1345 1207 1413 1244 tio.
1460 1204 1549 1244 168.
1590 1205 1679 1240 im-

209 1275 345 1314 pune
385 1273 543 1311 posse
583 1266 888 1311 praetorem
933 1260 1252 1311 supplicium
1294 1258 1678 1311 constituere),

211 1332 288 1357 nec
320 1317 458 1356 mendi
490 1323 577 1354 aut
609 1318 722 1367 origo
755 1318 1020 1367 perspicitur,
1065 1319 1141 1354 nisi
1176 1319 1302 1355 uerba
1345 1323 1431 1354 ant
1474 1316 1679 1354 indicta

212 1388 370 1415 causa
397 1373 449 1411 ad
480 1386 623 1411 uocem
655 1375 867 1423 impune
899 1373 1249 1423 interpretandam
1285 1376 1460 1424 primum
1504 1372 1680 1422 margini

212 1443 307 1470 esse
338 1429 543 1480 adscripta
575 1434 693 1480 atque
734 1429 832 1466 inde
866 1430 904 1465 in
941 1432 1158 1466 uerborum
1191 1432 1340 1467 seriem
1373 1434 1542 1481 recepta
1572 1428 1681 1468 iudi-

210 1489 383 1528 canen-is.
444 1485 602 1523 Eodem
643 1484 764 1523 modo
805 1484 869 1523 uel
911 1486 949 1522 in
993 1486 1083 1523 (rod.
1128 1487 1285 1525 archet.
1331 1485 1396 1524 nel
1429 1488 1470 1524 in
1509 1485 1680 1535 singulis

213 1544 453 1596 quibusdam
495 1541 612 1580 codd.
653 1543 814 1592 saepius
854 1547 1067 1592 pem-atum
1111 1548 1197 1592 est,
1241 1542 1353 1580 nelnt
1386 1539 1444 1580 II.
1473 1543 1507 1593 ᾧ.
1544 1542 1608 1584 16.
1641 1543 1682 1579 ἰιι

213 1604 279 1640 Cr.
323 1604 512 1651 cogant
551 1598 634 1637 nel
673 1604 1015 1649 cognoscant.
1061 1595 1117 1647 ΙΙ,
1163 1600 1194 1649 §-
1229 1598 1382 1639 35:111
1418 1606 1451 1632 a
1483 1605 1681 1650 tempe..

213 1662 325 1697 rata
357 1656 446 1695 nel
475 1655 762 1694 moderata.
823 1657 958 1705 Quare
1005 1657 1132 1694 uerba
1171 1655 1378 1694 indicta
1416 1669 1572 1695 cansa
1612 1668 1681 1693 ex-

212 1713 408 1768 pellenda
439 1726 607 1752 censeo.

326 1771 620 1811 constituit
659 1783 775 1818 una3
819 1782 948 1819 qnae
987 1769 1090 1820 lex]
1159 1770 1274 1808 Hanc
1323 1767 1528 1820 uulgatum
1579 1769 1681 1805 scri-

214 1834 375 1882 pturam
423 1840 470 1865 ex
508 1827 722 1865 meliorum
768 1826 1103 1876 deteriormnqno
1144 1826 1330 1864 codicum
1365 1828 1552 1875 uestigiis
1584 1837 1682 1862 con-

215 1888 353 1924 ssatam
399 1885 606 1922 immerito
639 1884 789 1922 Bakius
832 1883 1031 1931 desernit,
1077 1884 1142 1932 qni
1185 1882 1378 1921 meliores
1412 1883 1574 1920 codices
1606 1882 1684 1918 hoc

220 1943 384 1995 quidem
417 1941 508 1979 loco
540 1940 762 1979 mendosos
795 1944 962 1977 secutus
996 1941 1162 1991 scripsit
1203 1945 1252 1977 et
1290 1939 1423 1990 qnod
1460 1937 1539 1977 lex
1571 1950 1683 1982 eon-

216 2001 415 2047 stituit,
447 2011 647 2049 unaque
676 1997 776 2047 lex,
809 2009 940 2047 qnae
967 2001 1062 2045 est,
1096 1998 1188 2047 quia
1221 2001 1438 2046 utrumqne
1463 1995 1683 2046 separatim

214 2059 351 2095 dicere
383 2057 582 2094 attineret
610 2059 665 2092 et-
688 2067 808 2091 unum
842 2055 903 2090 ius
937 2066 1045 2101 esse,
1077 2053 1183 2103 qnod
1212 2053 1279 2090 lex
1308 2054 1609 2099 constitueret,
1643 2055 1684 2088 et

217 2127 336 2152 unam
367 2112 513 2161 legem.
575 2114 625 2148 At
656 2109 738 2147 lex
770 2113 851 2147 isto
884 2109 1004 2146 modo
1039 2111 1076 2146 in
1111 2111 1317 2147 sententia
1356 2107 1528 2146 relatiua
1561 2108 1684 2145 nimis

217 2183 318 2221 uage
351 2168 503 2206 dictum
537 2172 674 2215 esset,
706 2180 783 2203 nee
816 2171 894 2202 tam
932 2165 1034 2203 illud
1061 2168 1262 2203 attinebat
1284 2168 1501 2216 separatim
1528 2163 1683 2212 dicere,

216 2239 334 2278 quam
367 2226 445 2262 hoc
477 2225 750 2271 coniuncti1n3
785 2235 938 2271 „nnnm
975 2222 1074 2259 illud
1111 2225 1197 2271 ins,
1241 2236 1316 2272 qno
1349 2223 1542 2259 denincta
1573 2226 1686 2258 esset

217 2284 425 2322 hominum
458 2283 660 2329 societas,
705 2281 973 2317 constitutum
1016 2293 1108 2316 esse
1149 2278 1242 2328 lege
1287 2292 1386 2327 una,
1429 2289 1531 2328 qnae
1574 2282 1687 2315 esset

218 2346 331 2380 recta
387 2338 491 2376 ratio
546 2336 773 2387 imperandi
824 2341 944 2386 atque
996 2336 1292 2386 p1·ohii)endi“.
1373 2334 1601 2386 separatim
1653 2333 1687 2370 si

221 2398 366 2436 Cicero
405 2398 622 2444 utrumqne
654 2394 792 2431 dicere
825 2394 1041 2441 uoluisset,
1083 2394 1321 2444 scripsisset
1353 2392 1567 2443 profecto:
1609 2394 1688 2428 est

220 2454 358 2492 enim
392 2464 539 2489 unum
573 2452 666 2499 ius,
702 2463 797 2499 qno
831 2455 913 2487 est
946 2450 1195 2487 denincta
1231 2450 1489 2486 hominum
1516 2448 1687 2485 socie-

219 2518 323 2560 tas,
366 2519 574 2558 unaque
615 2505 720 2555 lex,
762 2521 889 2557 quae
938 2508 1015 2544 ius
1066 2507 1383 2555 constituit,
1433 2515 1561 2554 quae
1606 2503 1687 2540 est

217 2573 362 2606 recta
389 2565 522 2602 ratio
550 2569 631 2601 cet.

334 2620 569 2672 ignorat]
631 2621 708 2668 Qui
743 2621 903 2670 ignorat
934 2631 998 2669 ea,
1033 2633 1134 2669 qnae
1161 2631 1285 2656 nosse
1318 2628 1458 2655 omnes
1491 2615 1686 2663 debeant,

220 2683 254 2719 is
295 2692 372 2716 nec
402 2678 559 2729 probat
606 2690 680 2713 ner
719 2677 882 2714 in‘nita
917 2677 1114 2726 sequitur.
1175 2677 1230 2713 Ac
1262 2687 1340 2711 non
1375 2672 1571 2723 probandi
1606 2674 1686 2709 uim

223 2735 439 2785 ignorandi
490 2734 645 2770 notioni
686 2733 890 2771 interdum
933 2733 1151 2770 admixtam
1196 2744 1289 2768 esse
1332 2730 1469 2766 elucet
1512 2743 1559 2767 ex
1601 2728 1687 2766 Cic.

224 2791 335 2834 Phil.
365 2790 471 2842 Vin,
503 2791 539 2831 2,
573 2790 611 2829 7.
644 2789 702 2827 de
735 2792 974 2841 proximo
1017 2789 1160 2828 bello
1203 2786 1362 2826 ciuili
1408 2798 1502 2825 non
1545 2785 1689 2823 lubet

1763 354 1773 421 ,ἒ

1758 422 1772 495 i
