<?xml version="1.0" encoding="UTF-8"?>
<!DOCTYPE html PUBLIC "-//W3C//DTD XHTML 1.0 Transitional//EN"
    "http://www.w3.org/TR/xhtml1/DTD/xhtml1-transitional.dtd">
<html xmlns="http://www.w3.org/1999/xhtml" xml:lang="en" lang="en">
 <head>
  <title>
</title>
<meta http-equiv="Content-Type" content="text/html;charset=utf-8" />
  <meta name='ocr-system' content='tesseract 3.04.00' />
  <meta name='ocr-capabilities' content='ocr_page ocr_carea ocr_par ocr_line ocrx_word'/>
</head>
<body>
  <div class='ocr_page' id='page_1' title='image "./delegibuslibritr0102ciceuoft_0016.png"; bbox 0 0 1791 3192; ppageno 0'>
   <div class='ocr_carea' id='block_1_1' title="bbox 205 181 1087 218">
    <p class='ocr_par' dir='ltr' id='par_1_1' title="bbox 205 181 1087 218">
     <span class='ocr_line' id='line_1_1' title="bbox 205 181 1087 218; baseline 0.003 -5"><span class='ocrx_word' id='word_1_1' title='bbox 205 181 287 214; x_wconf 71' lang='lat' dir='ltr'><strong>vni</strong></span> <span class='ocrx_word' id='word_1_2' title='bbox 800 183 1087 218; x_wconf 77' lang='lat' dir='ltr'><strong>PRAEFATIO.</strong></span> 
     </span>
    </p>
   </div>
   <div class='ocr_carea' id='block_1_2' title="bbox 202 283 1675 1756">
    <p class='ocr_par' dir='ltr' id='par_1_2' title="bbox 204 283 1673 549">
     <span class='ocr_line' id='line_1_2' title="bbox 204 283 1668 340; baseline 0.004 -18"><span class='ocrx_word' id='word_1_3' title='bbox 204 285 395 333; x_wconf 81' lang='lat' dir='ltr'>exeunti,</span> <span class='ocrx_word' id='word_1_4' title='bbox 431 295 549 333; x_wconf 90' lang='lat' dir='ltr'><strong>quam</strong></span> <span class='ocrx_word' id='word_1_5' title='bbox 581 284 737 320; x_wconf 87' lang='lat' dir='ltr'><strong>ineunti</strong></span> <span class='ocrx_word' id='word_1_6' title='bbox 771 287 937 324; x_wconf 84' lang='lat' dir='ltr'><strong>attribui</strong></span> <span class='ocrx_word' id='word_1_7' title='bbox 969 286 1070 325; x_wconf 91' lang='lat' dir='ltr'><strong>dicit</strong></span> <span class='ocrx_word' id='word_1_8' title='bbox 1100 283 1164 340; x_wconf 41' lang='grc' dir='ltr'><strong>ἦ).</strong></span> <span class='ocrx_word' id='word_1_9' title='bbox 1225 287 1423 326; x_wconf 85' lang='lat' dir='ltr'><strong>Seruatur</strong></span> <span class='ocrx_word' id='word_1_10' title='bbox 1453 290 1487 327; x_wconf 93' lang='lat' dir='ltr'><strong>is</strong></span> <span class='ocrx_word' id='word_1_11' title='bbox 1527 290 1569 328; x_wconf 90' lang='lat' dir='ltr'><strong>in</strong></span> <span class='ocrx_word' id='word_1_12' title='bbox 1598 304 1668 329; x_wconf 90' lang='lat' dir='ltr'><strong>ea-</strong></span> 
     </span>
     <span class='ocr_line' id='line_1_3' title="bbox 208 348 1673 406; baseline 0.004 -16"><span class='ocrx_word' id='word_1_13' title='bbox 208 352 302 390; x_wconf 87' lang='lat' dir='ltr'><strong>dem</strong></span> <span class='ocrx_word' id='word_1_14' title='bbox 353 348 603 389; x_wconf 80' lang='lat' dir='ltr'><strong>bibliotheca</strong></span> <span class='ocrx_word' id='word_1_15' title='bbox 650 354 692 388; x_wconf 89' lang='lat' dir='ltr'><strong>et</strong></span> <span class='ocrx_word' id='word_1_16' title='bbox 742 350 878 390; x_wconf 88' lang='lat' dir='ltr'><strong>denuo</strong></span> <span class='ocrx_word' id='word_1_17' title='bbox 917 366 939 391; x_wconf 93' lang='lat' dir='ltr'><strong>a</strong></span> <span class='ocrx_word' id='word_1_18' title='bbox 977 366 1045 392; x_wconf 90' lang='lat' dir='ltr'><strong>me</strong></span> <span class='ocrx_word' id='word_1_19' title='bbox 1091 353 1313 406; x_wconf 81' lang='lat' dir='ltr'><strong>diligenter</strong></span> <span class='ocrx_word' id='word_1_20' title='bbox 1358 368 1554 395; x_wconf 87' lang='lat' dir='ltr'><strong>excussus</strong></span> <span class='ocrx_word' id='word_1_21' title='bbox 1592 362 1673 395; x_wconf 85' lang='lat' dir='ltr'><strong>est.</strong></span> 
     </span>
     <span class='ocr_line' id='line_1_4' title="bbox 208 417 1673 475; baseline 0.003 -17"><span class='ocrx_word' id='word_1_22' title='bbox 208 420 404 458; x_wconf 86' lang='lat' dir='ltr'><strong>Continet</strong></span> <span class='ocrx_word' id='word_1_23' title='bbox 455 421 622 469; x_wconf 76' lang='lat' dir='ltr'><strong>praeter</strong></span> <span class='ocrx_word' id='word_1_24' title='bbox 673 417 750 456; x_wconf 86' lang='lat' dir='ltr'><strong>hos</strong></span> <span class='ocrx_word' id='word_1_25' title='bbox 806 418 858 458; x_wconf 90' lang='lat' dir='ltr'><strong>de</strong></span> <span class='ocrx_word' id='word_1_26' title='bbox 913 419 1072 473; x_wconf 83' lang='lat' dir='ltr'><strong>legibus</strong></span> <span class='ocrx_word' id='word_1_27' title='bbox 1125 422 1264 475; x_wconf 86' lang='lat' dir='ltr'><strong>plures</strong></span> <span class='ocrx_word' id='word_1_28' title='bbox 1317 421 1417 461; x_wconf 89' lang='lat' dir='ltr'><strong>alios</strong></span> <span class='ocrx_word' id='word_1_29' title='bbox 1462 424 1673 463; x_wconf 86' lang='lat' dir='ltr'><strong>Ciceronis</strong></span> 
     </span>
     <span class='ocr_line' id='line_1_5' title="bbox 217 485 640 549; baseline 0.007 -26"><span class='ocrx_word' id='word_1_30' title='bbox 217 485 361 524; x_wconf 86' lang='lat' dir='ltr'><strong>libros.</strong></span> <span class='ocrx_word' id='word_1_31' title='bbox 620 532 640 549; x_wconf 58' lang='lat' dir='ltr'><strong>a·</strong></span> 
     </span>
    </p>

    <p class='ocr_par' dir='ltr' id='par_1_3' title="bbox 202 545 1675 1280">
     <span class='ocr_line' id='line_1_6' title="bbox 326 545 1674 610; baseline 0.004 -20"><span class='ocrx_word' id='word_1_32' title='bbox 326 567 363 591; x_wconf 86' lang='lat' dir='ltr'><strong>e.</strong></span> <span class='ocrx_word' id='word_1_33' title='bbox 409 545 748 591; x_wconf 81' lang='lat' dir='ltr'><strong>Dresdenses</strong></span> <span class='ocrx_word' id='word_1_34' title='bbox 782 553 897 594; x_wconf 90' lang='lat' dir='ltr'><strong>duo.</strong></span> <span class='ocrx_word' id='word_1_35' title='bbox 959 558 1138 606; x_wconf 80' lang='lat' dir='ltr'><strong>Quorum</strong></span> <span class='ocrx_word' id='word_1_36' title='bbox 1171 560 1221 609; x_wconf 85' lang='lat' dir='ltr'><strong>is,</strong></span> <span class='ocrx_word' id='word_1_37' title='bbox 1255 571 1374 610; x_wconf 90' lang='lat' dir='ltr'><strong>quem</strong></span> <span class='ocrx_word' id='word_1_38' title='bbox 1398 559 1467 597; x_wconf 88' lang='lat' dir='ltr'><strong>Dr.</strong></span> <span class='ocrx_word' id='word_1_39' title='bbox 1489 559 1526 599; x_wconf 78' lang='lat'><strong>2.</strong></span> <span class='ocrx_word' id='word_1_40' title='bbox 1555 562 1674 596; x_wconf 85' lang='lat' dir='ltr'><strong>uocat</strong></span> 
     </span>
     <span class='ocr_line' id='line_1_7' title="bbox 202 616 1672 678; baseline 0.004 -20"><span class='ocrx_word' id='word_1_41' title='bbox 202 618 397 674; x_wconf 84' lang='lat' dir='ltr'><strong>(membr.</strong></span> <span class='ocrx_word' id='word_1_42' title='bbox 432 617 502 659; x_wconf 77' lang='lat'><strong>97.</strong></span> <span class='ocrx_word' id='word_1_43' title='bbox 535 618 611 657; x_wconf 84' lang='lat' dir='ltr'><strong>sol.</strong></span> <span class='ocrx_word' id='word_1_44' title='bbox 643 616 737 674; x_wconf 81' lang='grc'>4.),</span> <span class='ocrx_word' id='word_1_45' title='bbox 771 626 836 660; x_wconf 87' lang='lat' dir='ltr'><strong>est</strong></span> <span class='ocrx_word' id='word_1_46' title='bbox 864 625 1219 676; x_wconf 82' lang='lat' dir='ltr'><strong>membranaceus,</strong></span> <span class='ocrx_word' id='word_1_47' title='bbox 1248 626 1379 664; x_wconf 85' lang='lat' dir='ltr'><strong>forma</strong></span> <span class='ocrx_word' id='word_1_48' title='bbox 1410 632 1566 678; x_wconf 89' lang='lat' dir='ltr'><strong>quarta,</strong></span> <span class='ocrx_word' id='word_1_49' title='bbox 1597 626 1672 664; x_wconf 88' lang='lat' dir='ltr'><strong>lit-</strong></span> 
     </span>
     <span class='ocr_line' id='line_1_8' title="bbox 202 687 1670 745; baseline 0.003 -18"><span class='ocrx_word' id='word_1_50' title='bbox 202 690 306 727; x_wconf 84' lang='lat' dir='ltr'><strong>teris</strong></span> <span class='ocrx_word' id='word_1_51' title='bbox 336 687 564 726; x_wconf 83' lang='lat' dir='ltr'><strong>initialibus</strong></span> <span class='ocrx_word' id='word_1_52' title='bbox 596 689 719 739; x_wconf 85' lang='lat' dir='ltr'><strong>pictis</strong></span> <span class='ocrx_word' id='word_1_53' title='bbox 753 694 795 728; x_wconf 90' lang='lat' dir='ltr'><strong>et</strong></span> <span class='ocrx_word' id='word_1_54' title='bbox 827 693 992 742; x_wconf 86' lang='lat' dir='ltr'><strong>auratis,</strong></span> <span class='ocrx_word' id='word_1_55' title='bbox 1027 692 1239 743; x_wconf 76' lang='lat' dir='ltr'><strong>eleganter</strong></span> <span class='ocrx_word' id='word_1_56' title='bbox 1269 695 1307 731; x_wconf 93' lang='lat' dir='ltr'><strong>in</strong></span> <span class='ocrx_word' id='word_1_57' title='bbox 1342 693 1462 732; x_wconf 83' lang='lat' dir='ltr'><strong>ltalia</strong></span> <span class='ocrx_word' id='word_1_58' title='bbox 1493 696 1670 745; x_wconf 88' lang='lat' dir='ltr'><strong>scriptus</strong></span> 
     </span>
     <span class='ocr_line' id='line_1_9' title="bbox 203 754 1670 812; baseline 0.003 -18"><span class='ocrx_word' id='word_1_59' title='bbox 203 754 369 794; x_wconf 85' lang='lat' dir='ltr'><strong>saeculo</strong></span> <span class='ocrx_word' id='word_1_60' title='bbox 410 755 498 794; x_wconf 79' lang='lat' dir='ltr'><strong>XV.</strong></span> <span class='ocrx_word' id='word_1_61' title='bbox 532 756 716 794; x_wconf 89' lang='lat' dir='ltr'><strong>ineunte.</strong></span> <span class='ocrx_word' id='word_1_62' title='bbox 778 758 975 797; x_wconf 85' lang='lat' dir='ltr'><strong>Continet</strong></span> <span class='ocrx_word' id='word_1_63' title='bbox 1005 765 1219 812; x_wconf 89' lang='lat' dir='ltr'><strong>praeterea</strong></span> <span class='ocrx_word' id='word_1_64' title='bbox 1259 762 1546 811; x_wconf 87' lang='lat' dir='ltr'><strong>Timaeum,</strong></span> <span class='ocrx_word' id='word_1_65' title='bbox 1581 761 1670 799; x_wconf 83' lang='lat' dir='ltr'><strong>Pa-</strong></span> 
     </span>
     <span class='ocr_line' id='line_1_10' title="bbox 203 823 1671 880; baseline 0.005 -20"><span class='ocrx_word' id='word_1_66' title='bbox 203 823 419 873; x_wconf 84' lang='lat' dir='ltr'><strong>radoxa,</strong></span> <span class='ocrx_word' id='word_1_67' title='bbox 453 824 718 862; x_wconf 85' lang='lat' dir='ltr'><strong>Somnium</strong></span> <span class='ocrx_word' id='word_1_68' title='bbox 750 825 1043 878; x_wconf 84' lang='lat' dir='ltr'><strong>Scipionis.</strong></span> <span class='ocrx_word' id='word_1_69' title='bbox 1093 827 1391 866; x_wconf 88' lang='lat' dir='ltr'><strong>Commenticia</strong></span> <span class='ocrx_word' id='word_1_70' title='bbox 1416 828 1671 880; x_wconf 80' lang='lat' dir='ltr'><strong>igiturGoe-</strong></span> 
     </span>
     <span class='ocr_line' id='line_1_11' title="bbox 202 891 1670 944; baseline 0.002 -16"><span class='ocrx_word' id='word_1_71' title='bbox 202 892 367 929; x_wconf 89' lang='lat' dir='ltr'><strong>renzius</strong></span> <span class='ocrx_word' id='word_1_72' title='bbox 392 891 532 943; x_wconf 80' lang='lat' dir='ltr'><strong>tradit,</strong></span> <span class='ocrx_word' id='word_1_73' title='bbox 567 894 633 943; x_wconf 92' lang='lat' dir='ltr'><strong>qui</strong></span> <span class='ocrx_word' id='word_1_74' title='bbox 658 891 767 930; x_wconf 91' lang='lat' dir='ltr'><strong>solos</strong></span> <span class='ocrx_word' id='word_1_75' title='bbox 791 892 815 929; x_wconf 91' lang='lat' dir='ltr'><strong>d</strong></span> <span class='ocrx_word' id='word_1_76' title='bbox 831 906 852 930; x_wconf 91' lang='lat' dir='ltr'><strong>e</strong></span> <span class='ocrx_word' id='word_1_77' title='bbox 882 893 1090 944; x_wconf 81' lang='lat' dir='ltr'><strong>legibus</strong></span> <span class='ocrx_word' id='word_1_78' title='bbox 1119 893 1249 932; x_wconf 89' lang='lat' dir='ltr'><strong>libros</strong></span> <span class='ocrx_word' id='word_1_79' title='bbox 1271 896 1351 933; x_wconf 86' lang='lat' dir='ltr'><strong>hoc</strong></span> <span class='ocrx_word' id='word_1_80' title='bbox 1374 895 1515 933; x_wconf 90' lang='lat' dir='ltr'><strong>codice</strong></span> <span class='ocrx_word' id='word_1_81' title='bbox 1537 895 1670 932; x_wconf 90' lang='lat' dir='ltr'><strong>conti-</strong></span> 
     </span>
     <span class='ocr_line' id='line_1_12' title="bbox 203 960 1671 1010; baseline 0.001 -14"><span class='ocrx_word' id='word_1_82' title='bbox 203 960 292 996; x_wconf 86' lang='lat' dir='ltr'><strong>neri</strong></span> <span class='ocrx_word' id='word_1_83' title='bbox 318 960 474 997; x_wconf 84' lang='lat' dir='ltr'><strong>scribit.</strong></span> <span class='ocrx_word' id='word_1_84' title='bbox 522 961 652 1008; x_wconf 71' lang='lat' dir='ltr'><strong>Quem</strong></span> <span class='ocrx_word' id='word_1_85' title='bbox 676 960 855 1010; x_wconf 86' lang='lat' dir='ltr'><strong>priorem</strong></span> <span class='ocrx_word' id='word_1_86' title='bbox 877 961 967 1004; x_wconf 86' lang='lat' dir='ltr'><strong>(Dr.</strong></span> <span class='ocrx_word' id='word_1_87' title='bbox 983 961 1037 1004; x_wconf 89' lang='lat'><strong>1.)</strong></span> <span class='ocrx_word' id='word_1_88' title='bbox 1059 961 1313 999; x_wconf 89' lang='lat' dir='ltr'><strong>Goerenzius</strong></span> <span class='ocrx_word' id='word_1_89' title='bbox 1336 965 1456 1000; x_wconf 89' lang='lat' dir='ltr'><strong>uocat</strong></span> <span class='ocrx_word' id='word_1_90' title='bbox 1480 961 1671 1004; x_wconf 85' lang='lat' dir='ltr'><strong>(membr.</strong></span> 
     </span>
     <span class='ocr_line' id='line_1_13' title="bbox 209 1024 1674 1080; baseline -0.001 -14"><span class='ocrx_word' id='word_1_91' title='bbox 209 1024 306 1066; x_wconf 75' lang='grc'><strong>342.</strong></span> <span class='ocrx_word' id='word_1_92' title='bbox 321 1025 540 1078; x_wconf 81' lang='lat' dir='ltr'><strong>sol.mai..),</strong></span> <span class='ocrx_word' id='word_1_93' title='bbox 561 1029 594 1065; x_wconf 85' lang='lat' dir='ltr'><strong>is</strong></span> <span class='ocrx_word' id='word_1_94' title='bbox 611 1026 756 1065; x_wconf 89' lang='lat' dir='ltr'><strong>itidem</strong></span> <span class='ocrx_word' id='word_1_95' title='bbox 775 1027 928 1066; x_wconf 87' lang='lat' dir='ltr'><strong>litteris</strong></span> <span class='ocrx_word' id='word_1_96' title='bbox 948 1027 1173 1067; x_wconf 84' lang='lat' dir='ltr'><strong>initialibus</strong></span> <span class='ocrx_word' id='word_1_97' title='bbox 1193 1030 1345 1067; x_wconf 83' lang='lat' dir='ltr'><strong>affabre</strong></span> <span class='ocrx_word' id='word_1_98' title='bbox 1359 1030 1543 1080; x_wconf 54' lang='lat' dir='ltr'><strong>pictisffet</strong></span> <span class='ocrx_word' id='word_1_99' title='bbox 1559 1041 1674 1065; x_wconf 88' lang='lat' dir='ltr'><strong>aura-</strong></span> 
     </span>
     <span class='ocr_line' id='line_1_14' title="bbox 204 1092 1669 1148; baseline -0.001 -17"><span class='ocrx_word' id='word_1_100' title='bbox 204 1096 259 1131; x_wconf 81' lang='lat' dir='ltr'><strong>tis</strong></span> <span class='ocrx_word' id='word_1_101' title='bbox 302 1092 515 1144; x_wconf 79' lang='lat' dir='ltr'><strong>eleganter</strong></span> <span class='ocrx_word' id='word_1_102' title='bbox 555 1096 733 1145; x_wconf 88' lang='lat' dir='ltr'><strong>scriptus</strong></span> <span class='ocrx_word' id='word_1_103' title='bbox 776 1102 840 1134; x_wconf 87' lang='lat' dir='ltr'><strong>est</strong></span> <span class='ocrx_word' id='word_1_104' title='bbox 871 1099 911 1134; x_wconf 90' lang='lat' dir='ltr'><strong>in</strong></span> <span class='ocrx_word' id='word_1_105' title='bbox 944 1093 1083 1145; x_wconf 85' lang='lat' dir='ltr'><strong>ltalia,</strong></span> <span class='ocrx_word' id='word_1_106' title='bbox 1126 1102 1168 1134; x_wconf 88' lang='lat' dir='ltr'><strong>ut</strong></span> <span class='ocrx_word' id='word_1_107' title='bbox 1197 1098 1323 1148; x_wconf 86' lang='lat' dir='ltr'><strong>periti</strong></span> <span class='ocrx_word' id='word_1_108' title='bbox 1353 1097 1497 1134; x_wconf 91' lang='lat' dir='ltr'><strong>harum</strong></span> <span class='ocrx_word' id='word_1_109' title='bbox 1531 1107 1669 1132; x_wconf 88' lang='lat' dir='ltr'><strong>rerum</strong></span> 
     </span>
     <span class='ocr_line' id='line_1_15' title="bbox 210 1160 1675 1214; baseline 0 -15"><span class='ocrx_word' id='word_1_110' title='bbox 210 1162 511 1200; x_wconf 75' lang='lat' dir='ltr'><strong>existimatores</strong></span> <span class='ocrx_word' id='word_1_111' title='bbox 555 1162 758 1214; x_wconf 84' lang='lat' dir='ltr'><strong>iudicant,</strong></span> <span class='ocrx_word' id='word_1_112' title='bbox 798 1165 905 1202; x_wconf 87' lang='lat' dir='ltr'><strong>circa</strong></span> <span class='ocrx_word' id='word_1_113' title='bbox 945 1179 981 1202; x_wconf 84' lang='lat' dir='ltr'><strong>a.</strong></span> <span class='ocrx_word' id='word_1_114' title='bbox 1019 1162 1142 1205; x_wconf 66' lang='lat'><strong>1460.</strong></span> <span class='ocrx_word' id='word_1_115' title='bbox 1203 1164 1399 1202; x_wconf 86' lang='lat' dir='ltr'><strong>Continet</strong></span> <span class='ocrx_word' id='word_1_116' title='bbox 1440 1164 1506 1201; x_wconf 91' lang='lat' dir='ltr'><strong>hic</strong></span> <span class='ocrx_word' id='word_1_117' title='bbox 1547 1160 1675 1200; x_wconf 84' lang='lat' dir='ltr'><strong>codex</strong></span> 
     </span>
     <span class='ocr_line' id='line_1_16' title="bbox 208 1227 1056 1280; baseline 0.004 -14"><span class='ocrx_word' id='word_1_118' title='bbox 208 1227 347 1280; x_wconf 89' lang='lat' dir='ltr'><strong>plures</strong></span> <span class='ocrx_word' id='word_1_119' title='bbox 381 1231 503 1267; x_wconf 86' lang='lat' dir='ltr'><strong>etiam</strong></span> <span class='ocrx_word' id='word_1_120' title='bbox 538 1230 638 1267; x_wconf 89' lang='lat' dir='ltr'><strong>alios</strong></span> <span class='ocrx_word' id='word_1_121' title='bbox 671 1232 883 1269; x_wconf 79' lang='lat' dir='ltr'><strong>Ciceronis</strong></span> <span class='ocrx_word' id='word_1_122' title='bbox 913 1230 1056 1269; x_wconf 84' lang='lat' dir='ltr'><strong>libros.</strong></span> 
     </span>
    </p>

    <p class='ocr_par' dir='ltr' id='par_1_4' title="bbox 202 1294 1672 1539">
     <span class='ocr_line' id='line_1_17' title="bbox 323 1294 1672 1350; baseline 0.003 -17"><span class='ocrx_word' id='word_1_123' title='bbox 323 1298 350 1335; x_wconf 84' lang='lat' dir='ltr'><strong>s.</strong></span> <span class='ocrx_word' id='word_1_124' title='bbox 400 1296 725 1335; x_wconf 86' lang='lat' dir='ltr'><strong>Casselanus</strong></span> <span class='ocrx_word' id='word_1_125' title='bbox 766 1294 951 1348; x_wconf 77' lang='lat' dir='ltr'><strong>(ssasS.),</strong></span> <span class='ocrx_word' id='word_1_126' title='bbox 995 1311 1071 1347; x_wconf 89' lang='lat' dir='ltr'><strong>quo</strong></span> <span class='ocrx_word' id='word_1_127' title='bbox 1102 1300 1269 1336; x_wconf 86' lang='lat' dir='ltr'><strong>nomine</strong></span> <span class='ocrx_word' id='word_1_128' title='bbox 1301 1297 1482 1350; x_wconf 84' lang='lat' dir='ltr'><strong>appellat</strong></span> <span class='ocrx_word' id='word_1_129' title='bbox 1513 1298 1672 1337; x_wconf 81' lang='lat' dir='ltr'><strong>discre-</strong></span> 
     </span>
     <span class='ocr_line' id='line_1_18' title="bbox 202 1364 1672 1417; baseline 0.002 -16"><span class='ocrx_word' id='word_1_130' title='bbox 202 1369 349 1415; x_wconf 79' lang='lat' dir='ltr'><strong>pantes</strong></span> <span class='ocrx_word' id='word_1_131' title='bbox 393 1366 617 1415; x_wconf 83' lang='lat' dir='ltr'><strong>scripturas</strong></span> <span class='ocrx_word' id='word_1_132' title='bbox 658 1365 922 1403; x_wconf 82' lang='lat' dir='ltr'><strong>Uictorianae</strong></span> <span class='ocrx_word' id='word_1_133' title='bbox 965 1364 1135 1402; x_wconf 87' lang='lat' dir='ltr'><strong>editioni</strong></span> <span class='ocrx_word' id='word_1_134' title='bbox 1178 1366 1432 1417; x_wconf 87' lang='lat' dir='ltr'><strong>adscriptas,</strong></span> <span class='ocrx_word' id='word_1_135' title='bbox 1485 1380 1582 1417; x_wconf 87' lang='lat' dir='ltr'><strong>quas</strong></span> <span class='ocrx_word' id='word_1_136' title='bbox 1620 1368 1672 1416; x_wconf 83' lang='lat' dir='ltr'><strong>is,</strong></span> 
     </span>
     <span class='ocr_line' id='line_1_19' title="bbox 202 1430 1671 1484; baseline 0.005 -17"><span class='ocrx_word' id='word_1_137' title='bbox 202 1432 268 1480; x_wconf 87' lang='lat' dir='ltr'><strong>qui</strong></span> <span class='ocrx_word' id='word_1_138' title='bbox 301 1430 536 1483; x_wconf 76' lang='lat' dir='ltr'><strong>adscripsit,</strong></span> <span class='ocrx_word' id='word_1_139' title='bbox 570 1446 617 1470; x_wconf 61' lang='lat' dir='ltr'><strong>ex</strong></span> <span class='ocrx_word' id='word_1_140' title='bbox 648 1431 870 1471; x_wconf 85' lang='lat' dir='ltr'><strong>Cassclano</strong></span> <span class='ocrx_word' id='word_1_141' title='bbox 900 1433 1043 1471; x_wconf 89' lang='lat' dir='ltr'><strong>codice</strong></span> <span class='ocrx_word' id='word_1_142' title='bbox 1065 1446 1110 1471; x_wconf 88' lang='lat' dir='ltr'><strong>se</strong></span> <span class='ocrx_word' id='word_1_143' title='bbox 1131 1435 1383 1484; x_wconf 79' lang='lat' dir='ltr'><strong>excerpsisse</strong></span> <span class='ocrx_word' id='word_1_144' title='bbox 1407 1435 1671 1484; x_wconf 76' lang='lat' dir='ltr'><strong>significauit.</strong></span> 
     </span>
     <span class='ocr_line' id='line_1_20' title="bbox 208 1494 1168 1539; baseline 0.002 -3"><span class='ocrx_word' id='word_1_145' title='bbox 208 1494 248 1536; x_wconf 91' lang='lat' dir='ltr'><strong>A</strong></span> <span class='ocrx_word' id='word_1_146' title='bbox 282 1501 438 1537; x_wconf 81' lang='lat' dir='ltr'><strong>Zeunio</strong></span> <span class='ocrx_word' id='word_1_147' title='bbox 472 1513 538 1538; x_wconf 79' lang='lat' dir='ltr'><strong>eas</strong></span> <span class='ocrx_word' id='word_1_148' title='bbox 572 1503 648 1539; x_wconf 77' lang='lat' dir='ltr'><strong>sibi</strong></span> <span class='ocrx_word' id='word_1_149' title='bbox 678 1502 941 1539; x_wconf 79' lang='lat' dir='ltr'><strong>transmissas</strong></span> <span class='ocrx_word' id='word_1_150' title='bbox 975 1513 1067 1537; x_wconf 83' lang='lat' dir='ltr'><strong>esse</strong></span> <span class='ocrx_word' id='word_1_151' title='bbox 1099 1501 1168 1538; x_wconf 83' lang='lat' dir='ltr'><strong>ait.</strong></span> 
     </span>
    </p>

    <p class='ocr_par' dir='ltr' id='par_1_5' title="bbox 204 1566 1671 1756">
     <span class='ocr_line' id='line_1_21' title="bbox 311 1566 1671 1622; baseline 0.002 -18"><span class='ocrx_word' id='word_1_152' title='bbox 311 1579 351 1616; x_wconf 77' lang='lat' dir='ltr'><strong>g.</strong></span> <span class='ocrx_word' id='word_1_153' title='bbox 398 1566 824 1607; x_wconf 83' lang='lat' dir='ltr'><strong>Uffenbacensis</strong></span> <span class='ocrx_word' id='word_1_154' title='bbox 863 1566 1026 1622; x_wconf 62' lang='lat' dir='ltr'><strong>(Um),</strong></span> <span class='ocrx_word' id='word_1_155' title='bbox 1076 1580 1195 1618; x_wconf 90' lang='lat' dir='ltr'><strong>quem</strong></span> <span class='ocrx_word' id='word_1_156' title='bbox 1241 1568 1306 1605; x_wconf 87' lang='lat' dir='ltr'><strong>his</strong></span> <span class='ocrx_word' id='word_1_157' title='bbox 1349 1569 1390 1605; x_wconf 90' lang='lat' dir='ltr'><strong>in</strong></span> <span class='ocrx_word' id='word_1_158' title='bbox 1428 1566 1543 1607; x_wconf 86' lang='lat' dir='ltr'><strong>libris</strong></span> <span class='ocrx_word' id='word_1_159' title='bbox 1589 1574 1671 1607; x_wconf 90' lang='lat' dir='ltr'><strong>tam</strong></span> 
     </span>
     <span class='ocr_line' id='line_1_22' title="bbox 204 1632 1670 1687; baseline 0.003 -18"><span class='ocrx_word' id='word_1_160' title='bbox 204 1632 311 1671; x_wconf 88' lang='lat' dir='ltr'><strong>male</strong></span> <span class='ocrx_word' id='word_1_161' title='bbox 340 1632 548 1687; x_wconf 84' lang='lat' dir='ltr'><strong>lacerum,</strong></span> <span class='ocrx_word' id='word_1_162' title='bbox 581 1640 665 1674; x_wconf 88' lang='lat' dir='ltr'><strong>tam</strong></span> <span class='ocrx_word' id='word_1_163' title='bbox 697 1635 885 1674; x_wconf 87' lang='lat' dir='ltr'><strong>euanidis</strong></span> <span class='ocrx_word' id='word_1_164' title='bbox 915 1634 1069 1673; x_wconf 89' lang='lat' dir='ltr'><strong>litteris</strong></span> <span class='ocrx_word' id='word_1_165' title='bbox 1102 1648 1196 1674; x_wconf 88' lang='lat' dir='ltr'><strong>esse</strong></span> <span class='ocrx_word' id='word_1_166' title='bbox 1225 1636 1350 1685; x_wconf 91' lang='lat' dir='ltr'><strong>dicit,</strong></span> <span class='ocrx_word' id='word_1_167' title='bbox 1382 1642 1424 1673; x_wconf 89' lang='lat' dir='ltr'><strong>ut</strong></span> <span class='ocrx_word' id='word_1_168' title='bbox 1456 1637 1493 1672; x_wconf 92' lang='lat' dir='ltr'><strong>iu</strong></span> <span class='ocrx_word' id='word_1_169' title='bbox 1529 1635 1670 1674; x_wconf 91' lang='lat' dir='ltr'><strong>admo-</strong></span> 
     </span>
     <span class='ocr_line' id='line_1_23' title="bbox 206 1699 1017 1756; baseline 0.006 -19"><span class='ocrx_word' id='word_1_170' title='bbox 206 1699 302 1739; x_wconf 88' lang='lat' dir='ltr'><strong>dum</strong></span> <span class='ocrx_word' id='word_1_171' title='bbox 333 1704 475 1755; x_wconf 81' lang='lat' dir='ltr'><strong>paucis</strong></span> <span class='ocrx_word' id='word_1_172' title='bbox 507 1704 583 1741; x_wconf 87' lang='lat' dir='ltr'><strong>sibi</strong></span> <span class='ocrx_word' id='word_1_173' title='bbox 617 1717 732 1742; x_wconf 86' lang='lat' dir='ltr'><strong>usum</strong></span> <span class='ocrx_word' id='word_1_174' title='bbox 765 1703 1017 1756; x_wconf 80' lang='lat' dir='ltr'><strong>praebuerit.</strong></span> 
     </span>
    </p>
   </div>
   <div class='ocr_carea' id='block_1_3' title="bbox 609 1831 1260 1877">
    <p class='ocr_par' dir='ltr' id='par_1_6' title="bbox 609 1831 1260 1877">
     <span class='ocr_line' id='line_1_24' title="bbox 609 1831 1260 1877; baseline 0 0"><span class='ocrx_word' id='word_1_175' title='bbox 609 1833 677 1877; x_wconf 81' lang='grc' dir='ltr'><strong>Ι)-</strong></span> <span class='ocrx_word' id='word_1_176' title='bbox 736 1831 969 1875; x_wconf 78' lang='lat' dir='ltr'><strong>Moseri</strong></span> <span class='ocrx_word' id='word_1_177' title='bbox 1001 1832 1260 1877; x_wconf 77' lang='lat' dir='ltr'><strong>codices·</strong></span> 
     </span>
    </p>
   </div>
   <div class='ocr_carea' id='block_1_4' title="bbox 198 1920 1672 2650">
    <p class='ocr_par' dir='ltr' id='par_1_7' title="bbox 198 1920 1672 2650">
     <span class='ocr_line' id='line_1_25' title="bbox 316 1920 1672 1976; baseline 0 -17"><span class='ocrx_word' id='word_1_178' title='bbox 316 1935 352 1961; x_wconf 90' lang='lat' dir='ltr'><strong>a.</strong></span> <span class='ocrx_word' id='word_1_179' title='bbox 415 1921 808 1961; x_wconf 89' lang='lat' dir='ltr'><strong>Creuzerianus</strong></span> <span class='ocrx_word' id='word_1_180' title='bbox 853 1920 995 1976; x_wconf 69' lang='lat' dir='ltr'><strong>(Cn),</strong></span> <span class='ocrx_word' id='word_1_181' title='bbox 1043 1921 1139 1961; x_wconf 92' lang='lat' dir='ltr'><strong>olim</strong></span> <span class='ocrx_word' id='word_1_182' title='bbox 1189 1923 1520 1962; x_wconf 85' lang='lat' dir='ltr'><strong>Ufsenbacensis.</strong></span> <span class='ocrx_word' id='word_1_183' title='bbox 1595 1923 1672 1971; x_wconf 78' lang='lat' dir='ltr'><strong>Qui</strong></span> 
     </span>
     <span class='ocr_line' id='line_1_26' title="bbox 201 1987 1672 2041; baseline 0.001 -16"><span class='ocrx_word' id='word_1_184' title='bbox 201 1994 332 2026; x_wconf 86' lang='lat' dir='ltr'><strong>utrum</strong></span> <span class='ocrx_word' id='word_1_185' title='bbox 378 1990 432 2026; x_wconf 88' lang='lat' dir='ltr'><strong>sit</strong></span> <span class='ocrx_word' id='word_1_186' title='bbox 472 1990 608 2040; x_wconf 90' lang='lat' dir='ltr'><strong>idem,</strong></span> <span class='ocrx_word' id='word_1_187' title='bbox 648 2002 766 2040; x_wconf 90' lang='lat' dir='ltr'><strong>quem</strong></span> <span class='ocrx_word' id='word_1_188' title='bbox 809 1991 1063 2029; x_wconf 86' lang='lat' dir='ltr'><strong>Goerenzius</strong></span> <span class='ocrx_word' id='word_1_189' title='bbox 1104 1992 1341 2041; x_wconf 87' lang='lat' dir='ltr'><strong>usurpauit,</strong></span> <span class='ocrx_word' id='word_1_190' title='bbox 1381 1989 1423 2027; x_wconf 87' lang='lat' dir='ltr'><strong>id</strong></span> <span class='ocrx_word' id='word_1_191' title='bbox 1466 1988 1574 2040; x_wconf 86' lang='lat' dir='ltr'><strong>quod</strong></span> <span class='ocrx_word' id='word_1_192' title='bbox 1605 1987 1672 2026; x_wconf 88' lang='lat' dir='ltr'><strong>uel</strong></span> 
     </span>
     <span class='ocr_line' id='line_1_27' title="bbox 201 2055 1671 2108; baseline -0.001 -14"><span class='ocrx_word' id='word_1_193' title='bbox 201 2069 249 2094; x_wconf 84' lang='lat' dir='ltr'><strong>ex</strong></span> <span class='ocrx_word' id='word_1_194' title='bbox 281 2059 485 2096; x_wconf 84' lang='lat' dir='ltr'><strong>communi</strong></span> <span class='ocrx_word' id='word_1_195' title='bbox 527 2070 671 2103; x_wconf 15' lang='lat' dir='ltr'><strong>eorum,</strong></span> <span class='ocrx_word' id='word_1_196' title='bbox 707 2059 898 2108; x_wconf 89' lang='lat' dir='ltr'><strong>nomine,</strong></span> <span class='ocrx_word' id='word_1_197' title='bbox 943 2057 1011 2095; x_wconf 87' lang='lat' dir='ltr'><strong>uel</strong></span> <span class='ocrx_word' id='word_1_198' title='bbox 1039 2058 1135 2094; x_wconf 85' lang='lat' dir='ltr'><strong>hinc</strong></span> <span class='ocrx_word' id='word_1_199' title='bbox 1167 2055 1408 2107; x_wconf 80' lang='lat' dir='ltr'><strong>collegeris,</strong></span> <span class='ocrx_word' id='word_1_200' title='bbox 1442 2056 1550 2107; x_wconf 87' lang='lat' dir='ltr'><strong>quod</strong></span> <span class='ocrx_word' id='word_1_201' title='bbox 1579 2056 1671 2093; x_wconf 92' lang='grc' dir='ltr'><strong>Μο-</strong></span> 
     </span>
     <span class='ocr_line' id='line_1_28' title="bbox 202 2123 1670 2176; baseline 0.001 -17"><span class='ocrx_word' id='word_1_202' title='bbox 202 2136 320 2161; x_wconf 87' lang='lat' dir='ltr'><strong>serus</strong></span> <span class='ocrx_word' id='word_1_203' title='bbox 366 2136 526 2174; x_wconf 87' lang='lat' dir='ltr'><strong>quoque</strong></span> <span class='ocrx_word' id='word_1_204' title='bbox 566 2126 608 2161; x_wconf 91' lang='lat' dir='ltr'><strong>in</strong></span> <span class='ocrx_word' id='word_1_205' title='bbox 648 2124 725 2162; x_wconf 90' lang='lat' dir='ltr'><strong>hoc</strong></span> <span class='ocrx_word' id='word_1_206' title='bbox 762 2124 904 2162; x_wconf 86' lang='lat' dir='ltr'><strong>codice</strong></span> <span class='ocrx_word' id='word_1_207' title='bbox 936 2124 1181 2174; x_wconf 89' lang='lat' dir='ltr'><strong>scripturam</strong></span> <span class='ocrx_word' id='word_1_208' title='bbox 1225 2123 1443 2162; x_wconf 87' lang='lat' dir='ltr'><strong>admodum</strong></span> <span class='ocrx_word' id='word_1_209' title='bbox 1476 2123 1670 2176; x_wconf 86' lang='lat' dir='ltr'><strong>pallidam</strong></span> 
     </span>
     <span class='ocr_line' id='line_1_29' title="bbox 205 2190 1671 2242; baseline -0.001 -13"><span class='ocrx_word' id='word_1_210' title='bbox 205 2196 248 2229; x_wconf 88' lang='lat' dir='ltr'><strong>et</strong></span> <span class='ocrx_word' id='word_1_211' title='bbox 280 2191 496 2229; x_wconf 88' lang='lat' dir='ltr'><strong>euauidam</strong></span> <span class='ocrx_word' id='word_1_212' title='bbox 529 2203 623 2230; x_wconf 84' lang='lat' dir='ltr'><strong>esse</strong></span> <span class='ocrx_word' id='word_1_213' title='bbox 652 2190 779 2242; x_wconf 87' lang='lat' dir='ltr'><strong>dicit,</strong></span> <span class='ocrx_word' id='word_1_214' title='bbox 821 2193 879 2228; x_wconf 89' lang='lat' dir='ltr'><strong>ita</strong></span> <span class='ocrx_word' id='word_1_215' title='bbox 909 2195 1070 2240; x_wconf 90' lang='lat' dir='ltr'><strong>tamen,</strong></span> <span class='ocrx_word' id='word_1_216' title='bbox 1103 2196 1145 2228; x_wconf 89' lang='lat' dir='ltr'><strong>ut</strong></span> <span class='ocrx_word' id='word_1_217' title='bbox 1177 2194 1404 2230; x_wconf 84' lang='lat' dir='ltr'><strong>accuratius</strong></span> <span class='ocrx_word' id='word_1_218' title='bbox 1435 2191 1671 2242; x_wconf 81' lang='lat' dir='ltr'><strong>inspicienti</strong></span> 
     </span>
     <span class='ocr_line' id='line_1_30' title="bbox 198 2257 1669 2310; baseline -0.001 -14"><span class='ocrx_word' id='word_1_219' title='bbox 198 2257 429 2297; x_wconf 88' lang='lat' dir='ltr'><strong>litterarum</strong></span> <span class='ocrx_word' id='word_1_220' title='bbox 474 2259 619 2297; x_wconf 87' lang='lat' dir='ltr'><strong>ductus</strong></span> <span class='ocrx_word' id='word_1_221' title='bbox 656 2260 745 2297; x_wconf 86' lang='lat' dir='ltr'><strong>sere</strong></span> <span class='ocrx_word' id='word_1_222' title='bbox 787 2271 930 2297; x_wconf 90' lang='lat' dir='ltr'><strong>omnes</strong></span> <span class='ocrx_word' id='word_1_223' title='bbox 971 2262 1219 2310; x_wconf 84' lang='lat' dir='ltr'><strong>appareant,</strong></span> <span class='ocrx_word' id='word_1_224' title='bbox 1260 2261 1358 2298; x_wconf 88' lang='lat' dir='ltr'><strong>sciri</strong></span> <span class='ocrx_word' id='word_1_225' title='bbox 1401 2258 1512 2297; x_wconf 91' lang='lat' dir='ltr'><strong>nullo</strong></span> <span class='ocrx_word' id='word_1_226' title='bbox 1549 2261 1669 2309; x_wconf 87' lang='lat' dir='ltr'><strong>pacto</strong></span> 
     </span>
     <span class='ocr_line' id='line_1_31' title="bbox 199 2324 1669 2379; baseline -0.002 -14"><span class='ocrx_word' id='word_1_227' title='bbox 199 2331 362 2379; x_wconf 85' lang='lat' dir='ltr'><strong>potest,</strong></span> <span class='ocrx_word' id='word_1_228' title='bbox 395 2341 484 2365; x_wconf 85' lang='lat' dir='ltr'><strong>cum</strong></span> <span class='ocrx_word' id='word_1_229' title='bbox 519 2327 777 2365; x_wconf 86' lang='lat' dir='ltr'><strong>Goerenzius</strong></span> <span class='ocrx_word' id='word_1_230' title='bbox 813 2326 1155 2364; x_wconf 81' lang='lat' dir='ltr'><strong>Ufl&#39;enbacensem</strong></span> <span class='ocrx_word' id='word_1_231' title='bbox 1199 2329 1337 2378; x_wconf 84' lang='lat' dir='ltr'><strong>paucis</strong></span> <span class='ocrx_word' id='word_1_232' title='bbox 1382 2331 1540 2365; x_wconf 89' lang='lat' dir='ltr'><strong>tantum</strong></span> <span class='ocrx_word' id='word_1_233' title='bbox 1566 2324 1669 2363; x_wconf 87' lang='lat' dir='ltr'><strong>locis</strong></span> 
     </span>
     <span class='ocr_line' id='line_1_32' title="bbox 202 2391 1669 2445; baseline -0.003 -12"><span class='ocrx_word' id='word_1_234' title='bbox 202 2396 358 2434; x_wconf 83' lang='lat' dir='ltr'><strong>diserte</strong></span> <span class='ocrx_word' id='word_1_235' title='bbox 399 2396 689 2433; x_wconf 87' lang='lat' dir='ltr'><strong>nominauerit.</strong></span> <span class='ocrx_word' id='word_1_236' title='bbox 750 2394 850 2432; x_wconf 86' lang='lat' dir='ltr'><strong>Cum</strong></span> <span class='ocrx_word' id='word_1_237' title='bbox 884 2397 1017 2431; x_wconf 82' lang='lat' dir='ltr'><strong>autem</strong></span> <span class='ocrx_word' id='word_1_238' title='bbox 1042 2391 1251 2445; x_wconf 87' lang='lat' dir='ltr'><strong>plerisque</strong></span> <span class='ocrx_word' id='word_1_239' title='bbox 1274 2394 1346 2432; x_wconf 90' lang='lat' dir='ltr'><strong>ille</strong></span> <span class='ocrx_word' id='word_1_240' title='bbox 1369 2394 1471 2431; x_wconf 79' lang='lat' dir='ltr'><strong>locis</strong></span> <span class='ocrx_word' id='word_1_241' title='bbox 1498 2407 1519 2430; x_wconf 90' lang='lat' dir='ltr'><strong>a</strong></span> <span class='ocrx_word' id='word_1_242' title='bbox 1540 2393 1669 2430; x_wconf 89' lang='lat' dir='ltr'><strong>Creu-</strong></span> 
     </span>
     <span class='ocr_line' id='line_1_33' title="bbox 201 2456 1667 2515; baseline -0.002 -14"><span class='ocrx_word' id='word_1_243' title='bbox 201 2465 364 2501; x_wconf 86' lang='lat' dir='ltr'><strong>zeriano</strong></span> <span class='ocrx_word' id='word_1_244' title='bbox 388 2462 623 2514; x_wconf 86' lang='lat' dir='ltr'><strong>discrepare</strong></span> <span class='ocrx_word' id='word_1_245' title='bbox 643 2462 819 2510; x_wconf 88' lang='lat' dir='ltr'><strong>dicatur,</strong></span> <span class='ocrx_word' id='word_1_246' title='bbox 853 2459 978 2498; x_wconf 87' lang='lat' dir='ltr'><strong>uel-uti</strong></span> <span class='ocrx_word' id='word_1_247' title='bbox 1006 2456 1063 2510; x_wconf 86' lang='grc' dir='ltr'><strong>ΙΙ,</strong></span> <span class='ocrx_word' id='word_1_248' title='bbox 1085 2460 1153 2501; x_wconf 74' lang='lat'><strong>20.</strong></span> <span class='ocrx_word' id='word_1_249' title='bbox 1187 2462 1385 2515; x_wconf 78' lang='lat' dir='ltr'><strong>(uirgin</strong></span> <span class='ocrx_word' id='word_1_250' title='bbox 1401 2473 1561 2511; x_wconf 83' lang='lat' dir='ltr'><strong>esque</strong></span> <span class='ocrx_word' id='word_1_251' title='bbox 1585 2459 1667 2497; x_wconf 81' lang='lat' dir='ltr'><strong>Uff.</strong></span> 
     </span>
     <span class='ocr_line' id='line_1_34' title="bbox 202 2525 1667 2583; baseline -0.005 -14"><span class='ocrx_word' id='word_1_252' title='bbox 202 2530 590 2582; x_wconf 76' lang='lat' dir='ltr'><strong>uirgines[que]</strong></span> <span class='ocrx_word' id='word_1_253' title='bbox 624 2526 734 2583; x_wconf 82' lang='lat' dir='ltr'><strong>Cr.);</strong></span> <span class='ocrx_word' id='word_1_254' title='bbox 769 2528 800 2579; x_wconf 90' lang='lat' dir='ltr'><strong>l,</strong></span> <span class='ocrx_word' id='word_1_255' title='bbox 834 2527 899 2569; x_wconf 78' lang='lat'><strong>26.</strong></span> <span class='ocrx_word' id='word_1_256' title='bbox 933 2525 1295 2582; x_wconf 85' lang='lat' dir='ltr'><strong>(obscurarum</strong></span> <span class='ocrx_word' id='word_1_257' title='bbox 1328 2527 1667 2567; x_wconf 86' lang='lat' dir='ltr'><strong>necessarias</strong></span> 
     </span>
     <span class='ocr_line' id='line_1_35' title="bbox 200 2590 1669 2650; baseline -0.005 -13"><span class='ocrx_word' id='word_1_258' title='bbox 200 2599 283 2637; x_wconf 82' lang='lat' dir='ltr'><strong>Uff.</strong></span> <span class='ocrx_word' id='word_1_259' title='bbox 316 2599 544 2636; x_wconf 89' lang='lat' dir='ltr'><strong>obscura</strong></span> <span class='ocrx_word' id='word_1_260' title='bbox 575 2611 666 2636; x_wconf 92' lang='lat' dir='ltr'><strong>uec</strong></span> <span class='ocrx_word' id='word_1_261' title='bbox 699 2597 831 2635; x_wconf 81' lang='lat' dir='ltr'><strong>satis</strong></span> <span class='ocrx_word' id='word_1_262' title='bbox 865 2595 1228 2647; x_wconf 78' lang='lat' dir='ltr'><strong>intelligenda</strong></span> <span class='ocrx_word' id='word_1_263' title='bbox 1253 2595 1366 2650; x_wconf 81' lang='lat' dir='ltr'><strong>Cr.);</strong></span> <span class='ocrx_word' id='word_1_264' title='bbox 1399 2590 1456 2645; x_wconf 91' lang='lat' dir='ltr'><strong>II,</strong></span> <span class='ocrx_word' id='word_1_265' title='bbox 1489 2592 1551 2634; x_wconf 84' lang='grc'><strong>11.</strong></span> <span class='ocrx_word' id='word_1_266' title='bbox 1578 2590 1669 2647; x_wconf 95' lang='lat' dir='ltr'><strong>(iu-</strong></span> 
     </span>
    </p>
   </div>
   <div class='ocr_carea' id='block_1_5' title="bbox 202 2743 1669 2839">
    <p class='ocr_par' dir='ltr' id='par_1_8' title="bbox 202 2743 1669 2839">
     <span class='ocr_line' id='line_1_36' title="bbox 292 2743 1669 2791; baseline -0.005 -10"><span class='ocrx_word' id='word_1_267' title='bbox 292 2749 319 2789; x_wconf 81' lang='lat'><strong>’)</strong></span> <span class='ocrx_word' id='word_1_268' title='bbox 365 2746 535 2781; x_wconf 80' lang='lat' dir='ltr'><strong>Halmius</strong></span> <span class='ocrx_word' id='word_1_269' title='bbox 561 2746 594 2779; x_wconf 90' lang='lat' dir='ltr'><strong>in</strong></span> <span class='ocrx_word' id='word_1_270' title='bbox 622 2758 742 2791; x_wconf 77' lang='lat' dir='ltr'><strong>progr.</strong></span> <span class='ocrx_word' id='word_1_271' title='bbox 768 2748 988 2788; x_wconf 65' lang='lat' dir='ltr'><strong>nonan-ensi,</strong></span> <span class='ocrx_word' id='word_1_272' title='bbox 1013 2746 1104 2790; x_wconf 86' lang='lat' dir='ltr'><strong>quod</strong></span> <span class='ocrx_word' id='word_1_273' title='bbox 1132 2745 1241 2778; x_wconf 78' lang='lat' dir='ltr'><strong>edidit</strong></span> <span class='ocrx_word' id='word_1_274' title='bbox 1264 2743 1360 2783; x_wconf 67' lang='lat'><strong>1850,</strong></span> <span class='ocrx_word' id='word_1_275' title='bbox 1394 2743 1566 2787; x_wconf 71' lang='lat' dir='ltr'><strong>scriptum</strong></span> <span class='ocrx_word' id='word_1_276' title='bbox 1591 2754 1669 2775; x_wconf 76' lang='lat' dir='ltr'><strong>esso</strong></span> 
     </span>
     <span class='ocr_line' id='line_1_37' title="bbox 202 2803 747 2839; baseline 0.004 -4"><span class='ocrx_word' id='word_1_277' title='bbox 202 2804 288 2838; x_wconf 70' lang='lat' dir='ltr'><strong>«licit</strong></span> <span class='ocrx_word' id='word_1_278' title='bbox 312 2815 405 2839; x_wconf 78' lang='lat' dir='ltr'><strong>saec.</strong></span> <span class='ocrx_word' id='word_1_279' title='bbox 434 2803 523 2837; x_wconf 67' lang='lat' dir='ltr'><strong>XIV.</strong></span> <span class='ocrx_word' id='word_1_280' title='bbox 553 2803 586 2837; x_wconf 91' lang='lat' dir='ltr'><strong>in</strong></span> <span class='ocrx_word' id='word_1_281' title='bbox 613 2803 747 2837; x_wconf 80' lang='lat' dir='ltr'><strong>Gallia.</strong></span> 
     </span>
    </p>
   </div>
  </div>
 </body>
</html>
