1781 3192
443 178 601 215 [ABER
637 177 892 214 'smirnos
947 176 1048 215 can».
1083 175 1209 214 xvii.
1473 174 1562 213 5¹5

213 291 516 342 praestabis
553 303 612 329 sc.
649 288 806 339 legen13
858 302 946 327 nam
989 292 1200 338 praestare
1241 299 1324 326 rem
1366 287 1487 325 etiam
1532 288 1556 323 ii

99 347 303 397 dicuutur,
337 349 404 397 qui
437 352 601 396 cauent,
632 357 685 384 ne
717 345 809 395 quid
844 346 939 383 iude
959 345 1198 384 detrimenti
1225 344 1386 384 existat.
1448 341 1558 382 Male

97 403 222 455 wytt.
257 403 463 455 culpam
500 401 673 453 intelligi
707 401 852 439 uoluit.

210 494 401 537 xvn.
459 493 575 530 dico
600 505 646 529 ex
669 490 788 532 codd.
811 491 999 529 reuocaui
1024 503 1111 529 curn
1137 491 1261 529 Goer.
1285 490 1390 527 Mos.
1413 488 1560 537 Bakio;

96 548 241 601 reliqui
272 548 322 586 de
351 551 454 589 coni.
495 549 642 586 duco.
685 547 748 585 Cf.
778 548 806 586 l.
853 549 886 598 ξ.
913 548 980 587 37.
1043 549 1137 585 Mox
1176 550 1263 585 sinc
1302 548 1407 583 iusta
1440 544 1558 584 codd.

96 605 341 644 auctoritate
373 606 518 657 steph.
552 604 807 644 Gebh.1)au.
841 606 933 643 Ern.
968 602 1112 655 reliqui
1146 605 1192 641 in
1225 608 1560 655 potestatem.

209 684 244 734 ξ.
278 682 345 723 38.
409 684 508 722 Uos
542 683 762 734 quidem]
827 685 955 722 Praua
989 690 1053 721 est
1085 682 1220 721 mendi
1255 696 1339 721 uos
1373 682 1481 718 dem
1518 681 1558 718 in

97 739 333 778 melioribus
365 740 487 778 codd.
523 741 672 777 seruati
707 742 907 777 correctio
942 754 1030 778 uos
1063 739 1288 788 demum,
1332 751 1431 789 quae
1465 735 1554 775 uul-

95 803 186 843 gata
231 802 295 833 est
328 797 555 834 secundum
590 796 833 834 deteriores.
897 797 974 833 lsto
1009 796 1128 834 modo
1163 809 1239 834 non
1275 797 1348 832 iam
1385 807 1455 842 se,
1487 794 1552 843 qui

97 851 205 890 illam
241 851 373 902 legem
406 853 592 890 tulisset:
634 854 986 904 optimatibus
1024 861 1173 901 uota,
1215 851 1352 904 plebi
1387 850 1560 888 libera

96 913 278 958 sunto,
310 907 442 958 legem
476 908 760 957 tabellariam,
793 923 895 960 quae
932 911 1084 947 Romae
1118 908 1300 956 ualeret,
1343 904 1561 946 sustulisse

96 966 360 1015 signiticaret,
393 965 465 1003 sed
493 967 687 1014 Quintum
715 965 874 1003 demum
912 972 952 1002 et
979 967 1175 1003 Atticum.
1237 966 1335 1002 ,Nam
1365 961 1561 1016 particula

95 1022 291 1060 demum
328 1023 558 1072 pronomini
593 1021 732 1059 addita
761 1022 838 1060 hoc
871 1023 994 1059 habet
1033 1023 1289 1072 oppositum:
1330 1034 1425 1058 non
1462 1020 1559 1056 iam

95 1077 244 1117 alius,
311 1078 353 1114 ld
397 1086 530 1116 autem
580 1080 762 1129 ineptum
797 1083 884 1127 est,
919 1079 1011 1128 quia
1041 1078 1142 1114 haec
1174 1080 1305 1114 omnis
1339 1076 1559 1128 disputatio

95 1135 144 1172 ad
177 1134 310 1184 legem
343 1137 540 1185 pertinet,
575 1148 692 1183 quam
727 1136 815 1185 ipse
847 1147 968 1184 supra
990 1135 1217 1183 constituit,
1252 1146 1329 1170 non
1353 1132 1400 1170 ad
1426 1130 1558 1182 legem

95 1203 318 1228 romanam.
389 1191 442 1228 Et
481 1190 588 1240 quod
630 1203 741 1227 suam
784 1191 912 1240 ipsius
963 1189 1209 1226 sententiam
1253 1203 1272 1226 a
1315 1190 1466 1237 Quinto
1519 1192 1562 1224 et

93 1249 230 1286 Attico
283 1247 465 1282 secernit
515 1245 630 1295 (sed
675 1258 764 1295 ego
808 1244 949 1296 cet),
1002 1244 1042 1282 id
1093 1243 1330 1282 luculenter
1380 1243 1564 1281 ostendit

95 1303 351 1340 uerissimam
386 1314 479 1339 esse
513 1302 694 1339 'l'urnebi
729 1303 1028 1340 correctionem
1065 1313 1156 1338 uos
1200 1315 1220 1350 q
1238 1300 1426 1349 uidem,
1459 1311 1561 1351 quae

94 1360 216 1396 etiam
250 1358 432 1395 Manutio
465 1357 618 1408 placuit
647 1370 722 1396 nec
756 1356 968 1408 displicuit
998 1358 1133 1396 Bakio.
1204 1358 1264 1396 De
1307 1355 1446 1394 mendi
1486 1368 1560 1406 ge·

93 1428 193 1452 nere
224 1414 278 1451 cs.
313 1414 438 1462 praes.
474 1426 513 1464 p.
550 1413 673 1451 XVll.

208 1493 365 1529 istam
406 1490 723 1529 libertatem
765 1491 834 1529 ita
878 1489 1098 1542 largior]
1171 1491 1285 1528 Haec
1323 1491 1415 1529 Gzii
1461 1503 1561 1528 con-

93 1548 268 1597 iectura,
301 1560 321 1584 a
352 1547 445 1588 Sch.
480 1549 585 1587 Mos.
619 1548 688 1587 Or.
721 1549 905 1599 probata,
938 1553 980 1584 et
1011 1546 1160 1585 mendo
1194 1546 1317 1586 codd.
1342 1545 1557 1585 meliorum

93 1604 358 1641 confirmatur
390 1610 431 1642 et
462 1605 681 1642 sententia.
747 1604 943 1641 Nimirum
976 1606 1093 1641 istam
1127 1617 1202 1654 per
1233 1602 1425 1641 tabellam
1470 1602 1559 1641 suf-

91 1660 210 1709 fragii
245 1660 406 1698 ferendi
441 1661 702 1707 libertatem,
736 1673 852 1710 quam
886 1661 1024 1712 Scipio
1055 1660 1168 1697 nulla
1209 1674 1251 1697 re
1283 1664 1554 1711 temperatam

92 1716 332 1754 defendisse
366 1717 545 1765 uidetur,
576 1718 632 1755 ita
664 1714 712 1768 (i.
741 1729 776 1756 e.
809 1729 897 1754 cum
931 1729 976 1754 ea
1009 1714 1316 1769 moderatione)
1346 1715 1552 1763 concedit,

92 1777 137 1811 ut
169 1774 413 1811 auctoritate
446 1779 486 1810 et
517 1773 681 1811 ualeant
711 1778 752 1810 et
778 1778 944 1810 utantur
966 1775 1085 1821 boni3
1119 1772 1157 1809 id
1184 1772 1288 1822 quod
1313 1773 1400 1810 fieri
1426 1771 1557 1809 uoluit

90 1829 255 1866 tabellis
287 1842 367 1867 non
402 1830 675 1878 occultandis,
707 1828 781 1867 sed
810 1831 963 1880 optimo
996 1831 1140 1879 cuique
1175 1828 1282 1866 ultro
1313 1828 1555 1866 offerendis.

92 1884 157 1923 cf.
192 1887 226 1936 <x-
261 1883 326 1925 39.
389 1887 536 1924 Bakius
570 1892 611 1923 et
643 1891 800 1923 temere
828 1899 1052 1936 pronomen
1099 1888 1216 1923 istam
1257 1890 1352 1922 ante
1393 1883 1558 1922 liber-

94 1946 256 1979 tatem
303 1942 482 1992 deleuit,
524 1944 635 1992 quasi
674 1955 773 1979 uero
808 1941 976 1979 libertas
1019 1943 1210 1979 uniuersa
1251 1947 1464 1992 ageretur,
1515 1943 1558 1977 et

93 2011 289 2049 peruerse
332 2001 454 2036 uerba
496 2001 572 2036 ita
614 1997 816 2047 largior
854 1999 913 2036 sic
954 2000 1248 2049 interpretatus
1298 2003 1380 2034 est:
1433 2008 1557 2046 „meo

91 2068 249 2105 quoque
283 2067 397 2093 more
430 2055 538 2092 istud
572 2060 665 2105 post
699 2056 931 2106 Scipionem
966 2054 1237 2092 defendan1“.
1299 2049 1557 2104 Interpretes

92 2110 217 2148 Bakio
259 2113 496 2161 superiores
540 2123 683 2148 omnes
727 2116 899 2158 tamen
934 2110 1237 2148 libertatem
1271 2111 1424 2147 istam
1457 2107 1558 2146 lar·

90 2168 228 2217 gior,
263 2169 375 2216 quasi
411 2180 507 2205 uero
538 2165 607 2203 illa
639 2179 714 2217 per
738 2166 929 2204 tabellam
955 2167 1136 2217 suffragii
1162 2165 1323 2204 ferendi
1346 2165 1557 2213 libertate,

90 2224 167 2260 nisi
201 2222 428 2260 moderatio
463 2222 647 2272 accedat,
682 2224 774 2261 boni
799 2224 1082 2261 auctoritatem
1109 2224 1334 2274 acquirant.
1382 2221 1555 2259 Rathius

89 2279 288 2315 coniecitz
321 2283 520 2316 tantum
552 2277 868 2317 libertatem
902 2280 1057 2317 istam
1090 2278 1304 2330 largior.

204 2371 256 2403 ut
289 2368 619 2404 auctoritate
652 2371 704 2404 et
734 2366 948 2405 ualeant
983 2388 1032 2394 —
1065 2365 1209 2416 boni]
1263 2366 1330 2405 Sic
1352 2371 1466 2404 recte
1492 2364 1559 2404 uel

91 2436 140 2460 ex
169 2421 288 2460 codd.
323 2421 563 2460 melioribus
606 2421 673 2459 uel
715 2435 763 2461 ex
794 2423 916 2461 Odini
959 2424 1195 2460 coniectura
1233 2424 1396 2467 (boni)
1430 2423 1556 2463 Goer.

90 2478 187 2518 Scln.
220 2480 325 2518 Mos.
361 2479 431 2517 Or.
465 2478 638 2527 Bakius3
670 2477 761 2529 lege
795 2482 900 2517 enim
935 2478 1150 2517 tabellaria
1190 2491 1387 2517 concessa
1428 2480 1558 2517 bono-

93 2548 185 2573 rum
216 2536 501 2573 auctoritatem
537 2537 706 2572 retineri
731 2536 832 2574 uult.
894 2536 1133 2573 Ernestius:
1158 2540 1210 2572 ut
1241 2540 1292 2573 et
1324 2536 1558 2574 auctori-

92 2596 204 2630 tate
241 2589 452 2629 ualeant
490 2596 538 2629 et
578 2596 792 2630 utantur
830 2592 971 2630 boni.
1040 2592 1268 2641 wagnerus
1312 2604 1410 2637 cum
1450 2593 1558 2630 anti-

94 2649 304 2697 quioribus
346 2652 517 2698 excepto
561 2648 689 2686 Lbino
730 2652 801 2695 (ut
841 2653 890 2686 et
928 2649 1255 2686 auctoritate
1293 2647 1472 2686 ualeat
1507 2651 1559 2686 et

99 2708 275 2742 utatur
305 2705 486 2751 bonis)
519 2702 768 2743 deteriorum
801 2703 923 2743 codd.
955 2705 1250 2743 correctionem
1283 2706 1413 2743 secuti
1440 2709 1557 2743 sunt:

97 2764 148 2797 ut
179 2765 229 2798 et
260 2762 594 2799 auctoritate
627 2760 848 2800 ualeant
879 2765 933 2799 et
962 2766 1181 2800 utantur
1212 2762 1373 2802 bonis.

1294 2830 1343 2853 n
