1781 3192
433 185 591 224 Limen
625 183 883 223 TERTlUS.
935 183 1038 223 Car.
1071 183 1214 223 XVlll.
1467 181 1555 222 319

97 310 293 351 peruersa
335 305 453 346 sunt3
498 297 546 336 ad
588 297 722 347 legem
766 300 898 334 autem
937 298 1003 347 qui
1044 294 1297 346 retulerunt,
1338 299 1382 333 ut
1424 293 1555 335 Turn.

97 355 237 395 Madu.
280 353 486 404 Orellius,
528 366 599 391 eos
642 352 748 404 sugit
786 354 972 404 profecto
1012 366 1089 391 nec
1129 358 1223 404 apte
1264 353 1412 401 uerba,
1452 363 1555 401 quae

95 424 255 452 causam
288 409 392 461 legis
424 411 676 459 contineant,
707 410 944 461 parenthesi
968 410 1243 447 circumscribi
1267 407 1554 461 (parenthesis

95 476 180 508 tum
214 480 285 505 suo
317 466 405 504 loco
438 472 527 516 est,
569 468 601 504 si
643 470 737 517 post
770 478 856 503 eam
891 466 1074 503 eiusdem
1110 467 1336 516 argumenti
1369 467 1557 516 sequitur

95 525 366 571 continuatio,
397 529 438 560 ut
470 520 526 561 Il.
560 523 594 573 §-
628 520 723 576 49.)
762 536 837 559 nec
881 529 973 573 apte
1016 530 1108 573 post
1155 523 1419 573 parenthesin
1460 534 1556 572 pro-

94 593 245 619 nomen
284 580 502 617 relatiunm
552 581 673 631 poni,
722 584 766 617 ut
816 579 864 616 ad
913 579 1044 627 legem
1094 580 1301 621 redeatur.
1371 579 1557 627 Denique

94 650 193 676 uere
235 636 380 673 Bakins
423 638 580 673 monuit
621 647 698 674 non
740 636 816 673 hoc
859 637 1022 685 quaeri,
1079 641 1211 673 utrum
1254 635 1335 685 legi
1384 634 1556 673 obedire

96 692 217 732 facile
249 704 296 729 311
329 692 503 730 dislieile
534 697 660 741 esset,
700 694 790 743 quia
824 694 929 729 actio
960 692 1119 729 modica
1162 690 1271 730 nulla
1310 689 1555 729 difficultate

94 755 310 801 regeretur
358 752 426 785 ant
477 748 711 798 facilitate,
766 748 839 786 sed
887 748 1058 787 consilio
1113 754 1154 786 et
1207 750 1340 786 auimo
1391 748 1554 786 actoris.

94 807 286 856 Idemque
323 810 436 841 recte
479 805 729 855 Maduigium
770 805 1064 856 reprehendit,
1113 805 1221 856 qnod
1261 817 1346 842 rem
1382 806 1421 841 in
1455 802 1554 841 duas

94 868 234 916 partes
273 860 565 910 distribueret,
613 874 778 912 quarum
822 861 970 911 altera,
1022 863 1126 899 actio
1167 864 1205 899 in
1249 866 1392 898 senatu
1432 860 1473 898 h.
1506 859 1553 909 l.,

96 918 247 968 altera,
291 931 380 954 cum
423 917 571 969 populo
613 919 746 967 actio,
795 919 824 968 ᾧ.
869 918 935 958 42.
979 917 1271 968 explicaretur,
1320 918 1432 968 qnasi
1482 916 1554 953 illa

94 977 126 1027 ξ.
161 975 230 1015 42.
270 974 523 1025 deinceps
572 989 675 1012 euni
725 975 916 1026 populo
960 976 1200 1011 actiones
1239 987 1317 1011 non
1358 974 1407 1012 ad
1449 973 1555 1011 hanc

93 1034 253 1083 legem:
298 1032 374 1067 uis
413 1032 461 1068 iu
503 1030 695 1082 populo
732 1033 913 1069 abesto
962 1036 1003 1068 et
1052 1030 1226 1081 reliquas
1277 1032 1551 1081 pertinerent.

93 1086 191 1141 Ipse
239 1087 383 1125 Bakius
432 1100 571 1138 parum
618 1086 920 1139 probabiliter:
962 1088 1066 1124 etsi
1115 1089 1164 1124 in
1218 1093 1400 1124 senatu
1454 1085 1554 1123 dif-

92 1144 251 1184 ficile
283 1149 378 1181 est.

210 1205 290 1238 est
322 1201 458 1236 enim
492 1200 602 1249 ipse
629 1199 867 1249 senator]
931 1195 1081 1249 Ipse,
1115 1198 1221 1248 quod
1246 1199 1284 1236 in
1317 1198 1409 1236 cod.
1443 1197 1552 1237 arch.

92 1259 222 1296 fuisse
257 1254 521 1305 plurimorum
566 1254 687 1292 codd.
731 1267 955 1293 consensus
1004 1256 1167 1304 arguit,
1220 1268 1310 1292 cum
1353 1255 1459 1294 Uict.
1514 1258 1555 1291 et

91 1312 217 1352 Bakio
250 1311 460 1358 reuocaui3
504 1309 652 1360 reliqui
682 1313 923 1349 omiserunt.
985 1311 1066 1349 Sed
1102 1312 1262 1349 Marcus
1292 1314 1466 1363 primum
1502 1312 1556 1348 ita

92 1370 256 1409 uidetur
286 1368 532 1405 sententiam
567 1369 822 1418 concepisse,
857 1369 967 1418 quasi
1002 1368 1184 1406 dicturus
1228 1372 1360 1406 esset:
1403 1380 1554 1406 sena-

93 1432 177 1464 tor
217 1425 347 1461 enim
387 1424 505 1473 ipse
543 1436 633 1460 suo
677 1423 878 1461 iudicio
918 1425 1106 1461 utitur.
1168 1425 1399 1462 Prouomen
1431 1425 1555 1474 igitur

95 1480 270 1529 addidit,
303 1484 347 1517 ut
379 1483 612 1516 senatorem
646 1480 693 1516 ab
727 1487 865 1517 actore
904 1480 1192 1531 distingueret.
1260 1480 1342 1519 Sed
1380 1481 1554 1519 relatiua

95 1539 303 1576 sententia
342 1548 430 1573 cum
470 1537 690 1585 negatione
731 1538 956 1587 praemissa
997 1538 1052 1574 ita
1082 1539 1329 1575 sententiam
1363 1538 1552 1584 uariauit,

95 1601 138 1633 ut
168 1594 277 1631 flecti
319 1604 442 1644 posse
481 1592 639 1630 diceret
677 1600 932 1643 senatorem,
979 1595 1038 1643 si,
1078 1593 1185 1644 quod
1215 1595 1347 1645 ipsum
1381 1592 1552 1631 difficile

94 1655 223 1699 esset,
265 1655 432 1687 senator
462 1649 551 1699 ipse
583 1661 658 1699 per
688 1663 733 1687 se
766 1654 1045 1701 spectaretur,
1087 1653 1099 1687 i
1147 1664 1184 1688 e.
1226 1652 1260 1688 si
1298 1652 1421 1689 animi
1463 1651 1552 1687 eius

93 1719 286 1746 recessus
329 1707 642 1755 exquirerentur
682 1711 802 1756 atque
843 1705 893 1742 ad
943 1719 1014 1743 eos
1063 1712 1151 1744 arte
1201 1706 1372 1757 quadam
1421 1706 1552 1744 oratio

94 1767 426 1814 componeretur.
497 1760 627 1798 Praua
669 1767 733 1799 est
768 1768 810 1800 et
842 1762 1025 1800 'l‘urnebi
1066 1765 1267 1803 correctio
1307 1768 1551 1815 spectare

94 1826 136 1859 et
176 1819 315 1857 Rathii
364 1818 448 1867 qui
498 1829 587 1867 per
633 1831 686 1855 se
732 1819 895 1870 ipsam
951 1821 1186 1870 spectari
1235 1832 1342 1858 rem
1403 1817 1551 1857 uelit.

94 1877 282 1926 Denique
328 1872 507 1911 notanda
548 1879 613 1911 est
654 1874 863 1913 Schuetzii
905 1874 1078 1924 leuitas,
1129 1877 1195 1925 qui
1236 1877 1435 1914 coniecit:
1474 1887 1553 1912 se-

94 1933 224 1971 data.
293 1929 439 1980 Quod
476 1932 521 1966 in
564 1936 746 1969 senatu
787 1944 882 1969 non
937 1931 1179 1970 difficile
1229 1938 1325 1970 est.
1395 1933 1554 1969 Actor

94 1990 231 2028 enim
281 1989 331 2024 in
381 1987 646 2025 concione
691 2001 745 2026 se
792 1987 1099 2026 moderatur
1148 1993 1198 2026 et
1244 1989 1410 2038 fingit
1454 2000 1551 2025 non

93 2044 241 2083 modo
275 2042 333 2081 ad
365 2046 566 2080 mentes
598 2056 652 2081 ac
684 2043 1016 2094 uoluntates,
1048 2044 1140 2082 sed
1173 2057 1336 2095 paene
1359 2043 1417 2082 ad
1443 2041 1551 2082 uul-

94 2106 174 2139 tus
227 2111 402 2138 eorum
455 2101 533 2136 cet.
613 2100 708 2137 Mox
759 2101 940 2138 'l'urnebi
996 2103 1270 2139 coniecturam
1320 2107 1550 2138 actorem

92 2158 240 2195 merito
273 2155 386 2193 Man.
419 2152 564 2203 wagn.
599 2155 723 2193 Goer.
757 2156 855 2193 Sch.
888 2156 998 2195 Mos.
1026 2157 1097 2194 Or.
1131 2158 1375 2207 probarunt3
1404 2156 1552 2193 Bakius

90 2214 223 2264 ipsum
257 2210 379 2249 codd.
412 2209 602 2248 mendum
629 2211 685 2248 ad
707 2219 995 2262 auctorem,
1031 2227 1049 2250 a
1074 2213 1204 2251 Lbino
1228 2224 1386 2263 quoque
1410 2218 1552 2250 reten-

93 2274 205 2317 tum,
236 2268 292 2304 ita
323 2265 536 2314 defendit,
570 2273 614 2303 ut
644 2269 682 2304 in
717 2274 862 2306 senatu
894 2281 975 2306 non
1005 2276 1210 2319 actorem,
1241 2269 1315 2306 sed
1346 2275 1552 2306 auctorem

94 2324 234 2374 quaeri
271 2322 432 2360 diceret
471 2327 515 2358 et
548 2328 757 2361 auctorem
791 2326 984 2362 uniuerse
1021 2324 1244 2377 appellari,
1283 2326 1348 2375 qui
1393 2337 1551 2374 quoquo

93 2378 215 2418 modo
242 2379 490 2417 sententiam
523 2377 693 2419 diceret.
755 2380 858 2417 Mihi
890 2387 971 2418 tam
1004 2382 1047 2419 h.
1076 2381 1105 2420 l.
1138 2395 1256 2432 quam
1289 2379 1425 2431 paullo
1456 2385 1553 2419 ante

92 2436 350 2474 correctione
391 2432 556 2471 uidetur
601 2447 704 2486 opus
752 2448 860 2474 esse.
927 2437 1070 2489 Steph.
1119 2438 1251 2477 Gebh.
1291 2437 1392 2476 Dan.
1428 2437 1551 2476 Ern.:

94 2492 154 2531 ad
187 2491 495 2530 auditorem.

207 2560 305 2587 non
338 2545 483 2584 modo
516 2549 792 2585 senatoris
823 2548 924 2600 cet.]
992 2549 1223 2588 Uerissime
1261 2548 1365 2588 haec
1398 2549 1551 2588 Bakius

93 2606 153 2643 sic
183 2607 479 2656 interpretatus
511 2608 590 2653 est,
632 2605 672 2641 in
704 2607 910 2643 sententia
950 2618 1030 2643 non
1070 2609 1227 2644 tantum
1267 2618 1315 2644 ex
1355 2607 1549 2644 senatorii

93 2663 274 2700 muneris
305 2661 524 2711 dignitate,
557 2659 630 2697 sed
662 2662 784 2698 etiam
817 2675 864 2699 ex
896 2663 1085 2699 oratoriis
1121 2663 1354 2714 praeceptis
1376 2661 1549 2700 laudan-

95 2716 187 2756 dam
219 2730 312 2756 esse
345 2718 605 2756 breuitatem.
662 2716 719 2755 Et
749 2717 942 2757 similiter
982 2725 1078 2756 ante
1114 2717 1364 2770 explicuerat
1393 2718 1550 2757 Schue-

92 2775 228 2827 tzius‚
266 2775 333 2827 qui
364 2778 502 2812 tamen
535 2772 656 2811 simul
686 2774 791 2813 hanc
819 2787 960 2827 parum
988 2775 1239 2827 probabilem
1272 2776 1548 2815 coniecturam
