1781 3192
437 205 598 244 121ssssst
629 203 849 243 PRIMUS.
897 203 994 243 CM».
1032 202 1155 242 xvii.
1471 198 1531 238 83

65 317 154 371 ipso
183 319 307 357 Bakio
346 317 511 356 laudata
551 317 603 355 de
645 317 723 355 Off.
755 316 784 366 Ι,
832 315 891 356 10.
933 315 1002 356 31.
1045 328 1101 354 ea
1142 326 1249 352 cum
1288 316 1529 363 tempore

66 381 349 414 mutantur.
388 377 443 413 ib.
487 375 516 424 Ι,
557 372 621 414 16.
659 374 727 413 50.
775 374 890 411 eius
933 378 1102 412 autem
1142 367 1402 410 uinculum
1444 374 1528 406 est

66 435 206 471 ratio
236 437 285 470 et
316 433 496 471 oratio.

180 491 230 527 in
263 502 357 538 quo
391 486 673 537 abutimur]
735 487 896 524 Abusus
924 486 1100 523 nominis
1124 484 1287 532 dicitur,
1312 493 1394 519 non
1418 481 1526 531 quia,

68 550 113 583 ut
140 545 262 583 Bakio
295 546 424 582 uisum
459 549 541 594 est,
573 557 620 581 ex
644 543 872 581 Stoicorum
908 542 1148 580 delinitione
1180 542 1310 577 uirtus
1344 541 1409 575 est
1430 549 1526 588 per-

67 602 174 639 fecta
203 602 306 638 ratio
329 622 384 629 —
405 601 507 638 nibil
541 602 648 638 enim
683 599 785 636 haec
819 600 1049 637 Stoicorum
1080 598 1265 635 definitio
1290 594 1339 632 ad
1364 606 1526 631 sermo-

65 669 158 694 nem
193 657 471 706 quotidianum
501 658 700 709 pertinet,
730 657 769 692 in
804 669 880 705 quo
914 656 1021 693 abuti
1055 655 1219 692 nomine
1253 652 1442 689 dicuntur
1472 671 1525 677 —-

65 713 137 750 sed
179 714 269 763 quia
306 719 477 765 propter
517 715 714 762 originem
760 712 946 750 uocabuli
986 724 1062 749 nec
1099 710 1149 748 ad
1183 709 1335 747 bestias
1368 719 1443 744 nec
1475 705 1525 743 ad

67 770 263 806 inanimas
295 782 362 807 res
394 770 558 807 uidetur
587 769 803 807 transferri
835 782 968 820 posse.

179 825 311 876 quod
346 827 389 863 si
425 828 497 864 ita
530 826 631 876 est]
694 826 753 862 Ja'x
796 825 951 863 codicis
983 824 1091 862 arch.
1121 821 1269 860 mendo
1303 818 1419 871 quid
1451 820 1525 856 sit

67 885 145 918 est
184 881 307 920 malui
351 896 438 920 cum
484 884 592 921 Uict.
633 882 742 921 Man.
787 883 928 920 Lamb.
973 881 1072 918 Ern.
1114 879 1256 928 Vi'agn.
1298 878 1432 916 Mos...
1452 876 1524 913 Or.

66 938 234 976 efficere
276 939 411 990 quod
451 941 492 977 si
536 940 610 976 ita
655 945 763 987 est,
806 952 921 989 quam
963 951 1052 976 cum
1092 934 1261 985 reliquis
1300 931 1432 984 quod
1483 932 1526 969 si

66 999 163 1032 est.
233 996 332 1033 Nam
376 1002 418 1033 et
456 995 616 1033 facilior
655 995 790 1032 mendi
832 1000 945 1032 ortus
989 1006 1036 1031 ex
1078 992 1147 1030 illo
1195 1003 1309 1042 quam
1356 1002 1405 1026 ex
1445 989 1525 1026 hoc

65 1056 168 1099 erat,
200 1057 241 1088 et
273 1051 379 1089 solet
402 1051 579 1100 Tullius,
614 1053 857 1101 ubicumque
885 1052 931 1087 ab
958 1050 1209 1087 assumtione
1241 1048 1326 1084 ueri
1353 1056 1525 1097 progre-

64 1106 174 1144 ditur
204 1106 253 1144 ad
286 1121 430 1146 nouam
464 1108 787 1156 conclusionem,
820 1108 954 1144 uerbis
997 1104 1127 1156 quod
1158 1105 1200 1141 si
1232 1105 1304 1140 ita
1336 1105 1417 1139 est
1451 1101 1524 1138 uti.

62 1163 118 1200 At
149 1163 285 1213 quod
319 1165 361 1201 si
396 1168 477 1201 est
507 1170 591 1201 tum
624 1164 761 1214 ponit,
802 1176 890 1200 cum
934 1163 1106 1199 assumit
1143 1172 1265 1197 esse
1305 1156 1524 1207 aliquid,

62 1222 107 1256 ut
138 1219 263 1258 Taso.
296 1221 346 1270 V,
379 1220 444 1260 17.
485 1220 573 1269 50„
615 1220 682 1256 ubi
723 1219 854 1269 quod
895 1220 935 1256 si
977 1223 1060 1255 est
1097 1218 1202 1254 hanc
1249 1216 1329 1253 uim
1376 1214 1524 1251 habet:

61 1275 105 1312 si
136 1280 217 1313 est
249 1276 456 1327 aliquid
485 1275 853 1327 praedicabile
886 1276 933 1312 in
966 1276 1076 1312 uita
1109 1273 1309 1323 aliqua,
1342 1272 1525 1320 itemque

62 1331 112 1380 V,
144 1330 186 1371 6.
225 1333 287 1371 17.
319 1334 397 1371 hoc
438 1334 664 1383 significat:
706 1333 747 1369 si
788 1333 893 1369 iste
935 1332 1148 1382 quietus
1188 1333 1242 1367 et
1278 1327 1524 1380 placatus

63 1390 219 1425 animi
255 1395 420 1427 status
453 1389 622 1427 adest.

176 1447 293 1494 quis
324 1445 513 1496 igitur]
575 1443 781 1482 Particula
817 1445 980 1495 igitur
1018 1442 1087 1493 id,
1128 1441 1237 1493 quod
1274 1437 1527 1492 generaliter

64 1498 219 1537 dictum
253 1503 321 1550 sit,
353 1504 434 1539 iam
463 1500 665 1552 exemplis
705 1499 901 1538 illustrari
941 1501 1145 1550 siguificat
1182 1496 1358 1551 (Handii
1403 1496 1525 1534 Turn.

64 1555 133 1605 ΙΙΙ,
162 1569 200 1607 p.
239 1554 358 1611 190.)
390 1557 529 1608 idque,
564 1555 669 1608 quod
694 1557 770 1593 iam
801 1556 852 1594 de
877 1556 1081 1607 prudente
1113 1568 1162 1592 ex
1191 1553 1324 1605 aliqua
1357 1557 1526 1590 externa

62 1624 107 1648 re
141 1612 398 1652 diiudicando
431 1615 554 1663 dicat,
586 1615 824 1651 necessario
857 1626 905 1651 ex
936 1626 984 1651 eo
1016 1613 1132 1664 sequi
1167 1612 1338 1660 indicat,
1372 1611 1406 1647 si
1431 1611 1524 1648 uni-

64 1681 182 1705 uersa
214 1671 342 1708 uirtus
376 1672 569 1720 opinione
601 1670 807 1720 probetur.

174 1731 258 1762 est
297 1726 455 1776 enim]
527 1726 803 1763 Confirmatur
842 1726 907 1762 his
955 1726 1092 1763 uerbis
1141 1725 1371 1773 sententia,
1422 1736 1526 1774 quae

60 1782 291 1831 praecedit.
351 1783 484 1820 Recte
516 1784 641 1832 igitur
673 1781 822 1819 Bakius
853 1782 1127 1832 reprehendit
1150 1782 1296 1819 Gzium
1322 1785 1363 1818 et
1385 1780 1526 1819 Mose-

60 1850 173 1886 rum,
216 1840 283 1888 qui
333 1840 465 1876 enim
510 1840 763 1875 transeuntis
798 1838 1112 1889 esseridemque
1143 1839 1376 1888 significare
1409 1836 1526 1874 dixe-

60 1899 169 1942 rant,
202 1895 308 1943 quod
340 1896 432 1932 iam
467 1907 607 1934 uero,
669 1894 786 1942 Quod
822 1894 934 1931 idem
974 1901 1107 1932 autem
1151 1900 1329 1933 uirtus
1370 1892 1524 1932 tollen-

62 1947 155 1986 dum
190 1956 312 1999 atque
342 1951 603 2002 prudentiam
649 1952 823 1988 subiecti
867 1949 956 1988 loco
996 1952 1228 1989 habendam
1271 1962 1364 1988 esse
1406 1949 1525 1999 dixit,

60 2017 141 2042 non
182 2007 473 2044 animaduertit
516 2010 763 2045 sententiam
802 2007 907 2045 hanc
946 2020 1062 2046 esse:
1103 2014 1202 2059 „est
1233 2009 1342 2046 enim
1377 2008 1525 2056 uirtus,

62 2074 163 2111 quae
194 2068 327 2100 tamen
361 2063 549 2101 habenda
583 2069 646 2101 est
675 2063 912 2114 prudentia,
944 2065 1132 2115 perfecta
1163 2065 1317 2102 ratio“.

172 2119 301 2168 quod
333 2120 501 2170 certe]
564 2120 698 2158 Recte
736 2124 878 2157 contra
920 2122 1066 2158 Gzium
1109 2127 1152 2159 et
1182 2122 1412 2168 Moserum,
1457 2119 1524 2169 qui

59 2174 192 2223 quod
239 2177 569 2214 coniunctionem
619 2189 712 2214 esse
760 2176 973 2227 dixerant,
1029 2177 1179 2215 Bakius
1236 2175 1527 2215 animaduertit

58 2230 189 2280 quod
231 2236 416 2270 neutrum
461 2246 553 2270 esse
588 2234 859 2285 pronominis,
903 2233 1011 2285 quod
1041 2234 1093 2271 ad
1124 2234 1355 2271 uniuersam
1388 2233 1525 2270 notio-

56 2298 150 2324 nem
193 2286 470 2340 (rationem
511 2288 736 2342 perfici)
775 2290 996 2328 referatur.
1057 2291 1142 2331 Cic.
1188 2291 1314 2329 Tusc.
1348 2286 1411 2339 V,
1457 2287 1525 2328 13.

57 2340 128 2382 39.
189 2344 295 2381 Uide
329 2344 379 2381 de
412 2358 530 2396 pron.
564 2346 613 2383 ad
647 2348 882 2384 uniuersam
912 2348 1142 2397 notionem,
1181 2360 1261 2385 non
1291 2345 1343 2384 ad
1367 2350 1524 2384 certum

56 2399 258 2449 quoddam
280 2413 430 2438 nomen
467 2401 596 2439 relato
618 2403 651 2453 ᾗ.
674 2401 744 2442 41.
779 2407 821 2440 et
842 2403 983 2441 Madu.
1007 2403 1059 2441 de
1076 2404 1167 2444 Fin.
1200 2403 1269 2453 ΙΙΙ,
1302 2401 1343 2444 6.
1371 2402 1440 2442 21.
1473 2401 1524 2450 V,

59 2455 124 2495 13.
145 2456 213 2495 37.
264 2458 354 2495 Non
386 2460 618 2496 necessaria
651 2464 714 2496 est
744 2460 869 2508 igitur
895 2460 1077 2498 Ernestii
1111 2462 1348 2499 coniectura
1379 2471 1524 2509 quae.

170 2512 360 2556 XVII.
431 2515 549 2552 Nam
593 2518 647 2552 ut
687 2528 807 2552 uera
848 2515 951 2566 cen]
1021 2517 1182 2555 Nouum
1224 2520 1522 2567 argumentum,

54 2581 128 2605 cur
168 2568 363 2607 honestas
406 2576 450 2608 et
491 2570 703 2622 turpitudo
744 2573 784 2609 in
825 2578 971 2611 natura
1012 2575 1068 2611 sit
1097 2576 1247 2625 posita,
1288 2573 1443 2623 repetit
1475 2584 1523 2609 ex

57 2627 366 2676 comparatione
409 2629 575 2665 uirtutis
619 2634 662 2665 et
700 2629 791 2666 uitii
828 2641 918 2666 cum
957 2631 1069 2667 ueris
1110 2635 1153 2669 et
1190 2629 1331 2679 falsis»,
1377 2641 1524 2667 conse-

58 2682 273 2728 quentibus
306 2687 348 2721 et
379 2685 597 2722 contrariis
630 2684 754 2722 facta.
816 2684 949 2724 Recte
974 2687 1081 2726 enim
1106 2689 1243 2725 uerbis
1265 2699 1358 2725 con
1377 2690 1523 2723 stans

57 2739 111 2771 et
142 2744 395 2788 perpetua
429 2742 577 2778 uitae
607 2742 742 2779 ratio
775 2740 926 2779 Bakius
959 2741 1075 2781 aliam
1115 2743 1313 2794 quandam
1357 2743 1525 2781 uirtutis

58 2790 338 2834 definitionem
375 2798 581 2836 contineri
622 2797 726 2836 dixit
756 2796 1014 2850 similemque
1044 2801 1210 2839 uirtutis
1243 2799 1524 2837 definitionem

1245 2867 1304 2904 δί-
