1781 3192
392 198 549 238 121ssssst
581 196 883 235 SECUNDUS.
935 195 1036 234 Gap.
1073 194 1196 234 xxn.
1445 192 1534 230 225

190 330 212 365 q
228 314 322 352 uod
357 315 380 352 Ιι
396 313 487 352 aud
520 309 728 364 procul]
792 309 940 346 Locum
975 305 1176 358 sepulcri,
1218 307 1257 344 in
1291 318 1367 357 quo
1401 306 1529 343 Numa

76 371 266 412 conditus
297 372 366 421 sit,
399 370 573 408 describi
606 373 721 420 patet
751 366 958 403 sententia
990 363 1175 402 relatiua.
1237 363 1280 401 ln
1320 375 1397 414 qua
1427 375 1528 413 quo-

76 432 185 468 niam
227 428 350 464 uerbo
393 440 471 464 non
511 436 725 477 possumus
767 434 932 471 carere,
966 423 1138 472 primum
1173 432 1222 457 ex
1252 418 1403 458 mendo
1434 417 1530 457 cod.

77 486 186 525 areli.
221 497 333 521 aras
367 482 569 521 elicienda
602 486 667 519 est
696 479 894 517 correctio
928 491 1007 515 ara
1040 482 1145 525 est3
1179 475 1332 514 deinde
1363 477 1456 527 quia
1481 473 1531 511 ad

78 543 188 581 locos
219 540 436 588 finitimos,
479 552 556 577 non
599 535 739 589 procul
781 541 960 572 remotos
993 532 1162 572 aliorum
1196 531 1375 570 locorum
1410 534 1531 570 situm

79 597 313 645 referimus,
345 597 604 643 negationem
639 600 719 632 tam
754 593 796 629 h.
828 590 856 629 l.
889 591 982 629 addi
1015 602 1187 628 necesse
1224 595 1288 626 est
1327 603 1443 640 quam
1481 588 1533 625 de

77 655 181 703 Rep.
216 651 244 699 Ι,
282 652 315 690 l.
377 652 603 702 Utrumque
632 655 746 688 recte
769 649 978 699 perspexit
1001 653 1041 684 et
1064 646 1279 697 Zumptius
1304 651 1346 684 et
1372 646 1532 694 Bakius,

77 706 334 757 similemque
398 709 473 745 iam
536 714 629 745 ante
679 706 850 744 liatliius
906 705 1203 742 correctionem
1266 707 1535 754 proposuerat

77 762 240 817 (quod
283 777 379 801 uon
417 763 602 814 procul
642 777 663 801 a
702 763 891 800 Fontis
932 774 1016 798 ara
1057 756 1206 812 erat).
1267 758 1350 797 Sed
1391 769 1533 810 parum

77 826 191 859 recte
230 824 364 857 tamen
403 820 461 858 illi
499 821 686 871 Wagner-i
729 821 1002 856 coniecturam
1046 817 1202 854 Fonti
1244 817 1536 867 approbauisse

77 877 297 925 uidentur,
346 890 447 927 quae
494 875 581 914 solo
626 877 793 915 Arnobii
838 874 930 912 adu.
980 874 1104 911 Gent.
1147 868 1237 921 ΙΙΙ,
1277 870 1346 912 29.
1392 872 1537 909 nititur

77 933 341 982 testimonio,
373 933 549 971 1‹'‹›ntum
580 934 693 982 Jani,
735 934 802 983 qui
834 929 1060 968 Janiculum
1102 928 1359 977 condiderit,
1407 927 1535 965 filium

75 991 222 1028 fuisse.
282 988 502 1040 Equidem,
536 1002 625 1027 cum
659 989 764 1040 apud
794 989 926 1040 ipsum
960 987 1046 1025 Cic.
1091 986 1142 1024 de
1172 987 1222 1023 N.
1259 988 1305 1024 D.
1347 980 1427 1033 ΙΙΙ,
1463 982 1534 1023 20.

78 1047 148 1087 52.
212 1045 399 1084 Fontis
440 1044 651 1083 delubrum
684 1047 800 1083 Maso
842 1057 887 1080 ex
920 1043 1090 1080 Corsica
1130 1042 1347 1080 dedicasse
1380 1041 1539 1078 dicatur

79 1108 122 1141 et
175 1114 264 1140 eum
308 1101 624 1139 Fontinalia
673 1101 780 1153 apud
825 1101 1031 1139 Romanos
1091 1098 1293 1137 celebrari
1349 1095 1469 1134 solita
1516 1109 1538 1133 a

76 1159 236 1208 Fonte,
272 1170 353 1195 non
396 1170 418 1195 a
455 1160 590 1197 Fonto
627 1156 832 1208 appellata
872 1168 965 1194 esse
997 1159 1139 1192 auctor
1169 1156 1225 1192 sit
1260 1154 1376 1193 Varr.
1409 1153 1454 1190 L.
1489 1152 1536 1189 Ι..

78 1214 146 1254 vl.
179 1214 213 1264 ξ.
246 1214 316 1264 22,
346 1213 424 1251 deo
455 1226 536 1251 non
568 1214 720 1264 Font0,
752 1212 827 1252 sed
849 1213 972 1250 Fonti
1000 1223 1147 1249 nomen
1182 1211 1309 1248 fuisse
1332 1208 1536 1246 existimo.

79 1271 179 1310 Erat
217 1276 350 1308 autem
380 1275 496 1321 porta
526 1269 737 1320 Fontalis,
777 1281 880 1320 quae
911 1270 1010 1306 item
1053 1281 1074 1304 a
1105 1268 1240 1306 Fonte
1277 1278 1427 1304 nomen
1471 1278 1538 1321 ac-

79 1329 238 1379 cepisse
280 1326 466 1377 uidetur,
504 1338 634 1378 prope
674 1325 902 1364 Janiculum
944 1322 1060 1378 (Liu-
1105 1324 1275 1373 XXXV,
1321 1323 1380 1362 10.
1422 1322 1538 1375 iim),

77 1386 119 1422 in
152 1396 229 1434 quo
260 1384 432 1421 Numam
463 1381 671 1421 conditum
704 1382 833 1420 fuisse
866 1383 954 1420 Liu.
987 1380 1074 1430 XL,
1107 1378 1175 1420 29.
1208 1384 1250 1417 et
1278 1378 1385 1417 Plut.
1416 1379 1539 1417 Num.

80 1440 150 1481 22.
179 1438 359 1476 tradunt.
420 1439 677 1477 Sententiam
712 1438 882 1476 eandem
904 1439 1139 1475 coniectura
1168 1449 1308 1487 parum
1339 1433 1539 1486 probabili

83 1499 377 1547 expresserunt
417 1495 516 1533 Dau.
552 1495 678 1533 Goer.
711 1495 806 1533 Sch.
846 1492 1006 1548 (quod
1046 1493 1107 1530 ad
1148 1493 1333 1530 Fontis
1377 1490 1539 1543 aras),

81 1553 308 1601 Wagnerus
346 1548 503 1604 (quod
542 1564 699 1602 prope
737 1549 1032 1589 saniculam
1076 1548 1135 1587 ad
1176 1549 1331 1586 Fonti
1379 1547 1540 1599 aras),

84 1610 238 1647 Lbinus
271 1605 570 1660 (sepulcro,
610 1620 706 1645 non
750 1605 935 1658 procul
974 1620 994 1643 a
1034 1606 1221 1643 Fontis
1264 1618 1349 1642 ara
1388 1605 1540 1641 omisso

83 1677 201 1717 pron.
228 1663 412 1716 quod);
444 1676 639 1715 peruerse
662 1664 767 1702 Mos.
802 1669 844 1701 et
866 1661 1069 1701 Orellius:
1102 1663 1148 1699 in
1180 1674 1235 1699 eo
1268 1659 1540 1712 sepulcro,

83 1733 178 1772 quo
217 1719 349 1757 haud
389 1719 573 1772 procul
617 1733 637 1756 a
682 1721 846 1758 Fonti
888 1733 972 1757 ara
1013 1723 1092 1756 cet.
1154 1718 1387 1768 Maduigius
1421 1716 1540 1754 deni-

83 1789 161 1828 que
200 1778 239 1814 in
281 1789 418 1827 progr.
460 1789 500 1828 p.
534 1776 602 1816 23.
643 1779 844 1826 coniecit,
887 1775 994 1827 quod
1034 1774 1142 1812 haud
1186 1776 1268 1812 scio
1301 1787 1348 1812 an
1382 1773 1542 1825 pridem

84 1835 213 1872 uirum
273 1832 434 1870 doctum
489 1834 705 1884 scripsisse
763 1833 1046 1883 poenituerit:
1093 1830 1386 1882 eodemque
1438 1831 1541 1867 ritu

84 1889 303 1940 lapideo
353 1888 604 1940 sepulcro
656 1890 784 1927 haud
842 1887 1043 1940 procul.
1114 1888 1247 1938 ipsum
1298 1885 1540 1925 uocabulum

84 1944 225 1998 lapid
243 1957 298 1983 eo
330 1958 408 1982 non
431 1950 627 1996 praestat,
660 1945 732 1983 sed
756 1944 838 1984 tale
863 1952 998 1984 tamen
1022 1944 1266 1982 adiectiuum
1292 1945 1443 1994 requiri
1470 1944 1542 1982 ait.

197 2002 245 2039 C.
278 2002 459 2051 Marii]
522 2001 687 2051 Bakius,
720 2003 781 2040 cui
805 2003 905 2040 haec
937 2016 1017 2040 non
1050 2003 1265 2039 coniuncta
1296 2014 1382 2038 cum
1417 2013 1542 2051 supe-

86 2059 259 2095 rioribus
290 2056 579 2108 displicebant,
612 2058 718 2095 male
750 2065 848 2096 tum
883 2066 976 2096 ante
1009 2059 1133 2096 uerba
1173 2058 1220 2096 C.
1255 2057 1410 2094 Marii
1449 2069 1542 2094 ora·

86 2115 189 2151 tioni
211 2113 472 2151 inserendum
492 2115 664 2165 putauit.
719 2115 776 2152 Ac
802 2116 1096 2152 sententiarum
1116 2113 1277 2164 quidem
1298 2119 1341 2151 ut
1359 2112 1543 2151 eluceret

86 2169 370 2218 necessitudo,
404 2171 444 2207 in
470 2171 578 2207 hunc
601 2170 692 2208 fere
714 2171 877 2208 modum
912 2183 979 2208 eas
1013 2171 1122 2220 iungi
1157 2168 1313 2207 uelles:
1347 2182 1430 2219 „ex
1451 2171 1541 2220 qui-

83 2227 157 2264 bus
187 2238 290 2263 unus
321 2225 449 2277 Sulla,
482 2228 574 2277 quia
611 2227 656 2268 C.
691 2228 809 2265 Marii
850 2227 1041 2278 reliquias
1072 2226 1261 2278 dissipari
1294 2227 1470 2264 iusserat
1501 2233 1543 2264 et

84 2281 194 2319 idem
226 2294 280 2319 ne
311 2295 385 2319 suo
416 2284 576 2333 corpori
607 2289 749 2334 posset
778 2284 967 2322 accidere
1007 2284 1200 2333 timebat,
1236 2284 1330 2333 igne
1371 2284 1542 2320 cremari

88 2336 263 2375 uoluit“.
326 2336 410 2375 Sed
432 2340 706 2377 narrationem
742 2341 828 2377 eius
859 2342 934 2389 rei,
964 2351 1067 2390 quae
1098 2353 1217 2378 causa
1248 2339 1342 2389 fuit,
1375 2344 1418 2377 ut
1447 2341 1543 2389 igne

87 2395 261 2432 cremari
313 2406 357 2431 se
407 2394 535 2431 uellet
556 2422 567 2443 ‚
617 2408 665 2434 ex
711 2394 958 2446 reliquarum
1008 2398 1305 2434 sententiarum
1359 2408 1543 2434 connexu

87 2449 334 2488 uindicatam
368 2453 594 2501 praemisit.
655 2454 767 2501 Quae
798 2454 891 2502 quia
920 2453 969 2490 ad
1011 2467 1057 2491 ea
1094 2455 1298 2505 pertinet,
1341 2465 1446 2503 quae
1476 2465 1544 2491 se-

87 2512 291 2558 quuntur,
323 2520 404 2544 non
436 2507 486 2544 ad
528 2520 601 2557 ea,
642 2521 743 2559 quae
784 2508 1063 2560 praecedunt,
1092 2508 1289 2562 vcopulari
1328 2523 1419 2547 cum
1460 2509 1545 2548 illis

87 2562 276 2617 profecto
316 2576 395 2601 non
436 2564 586 2616 potuit.
648 2565 806 2603 Deinde
845 2567 971 2605 uerba
1008 2568 1289 2604 acerbiore
1328 2566 1447 2604 odio
1489 2589 1541 2594 —

86 2620 192 2659 fuit
223 2621 513 2658 uehemens
545 2621 648 2659 lianc
677 2623 756 2659 uim
789 2622 960 2661 habent:
1002 2623 1048 2662 C.
1081 2624 1199 2662 Marii
1231 2621 1425 2674 reliquias
1456 2623 1543 2661 dis-

89 2678 212 2729 sipari
250 2678 372 2715 iussit
411 2678 621 2715 acerbiore
658 2678 751 2716 odio
791 2679 1006 2731 incitatus,
1038 2693 1153 2732 quam
1189 2681 1417 2729 (incitatus)
1451 2692 1544 2718 esse

88 2732 283 2784 debebat,
304 2735 337 2772 si
361 2735 601 2785 sapientiam
622 2747 736 2772 suam
759 2734 967 2786 aequalem
989 2749 1081 2775 esse
1097 2736 1227 2775 uellet
1242 2737 1544 2775 uehementiae.

88 2789 230 2841 ltaque
275 2804 392 2829 causa
433 2790 545 2829 nulla
587 2796 651 2829 cst
690 2804 766 2830 nec
806 2793 982 2831 Lbianae
1021 2795 1302 2832 coniecturae:
1341 2794 1542 2831 acerbo

1281 2866 1325 2899 15
