1781 3192
440 210 591 248 nuncu
631 206 847 246 PnnlUs.
905 207 1004 245 ΟΑν.
1042 205 1146 246 XIV.
1472 204 1528 242 73

66 324 314 363 deteriorum
350 321 532 359 codicum
566 322 809 372 scripturam
843 320 1164 358 iudiciorum
1204 330 1278 370 pro
1320 317 1523 370 suppli-

65 383 262 419 ciorum
295 380 533 430 probarunt.

179 450 200 474 a
230 441 450 473 naturae
480 432 614 483 iure]
677 432 717 469 in
751 431 843 470 cod.
878 432 990 470 arch.
1023 432 1156 470 suita
1196 435 1381 468 natura
1411 430 1525 467 iure

67 492 266 543 aliquo;
309 492 422 529 cuius
466 489 603 527 mendi
636 490 836 526 correctio
878 502 899 526 a
938 494 1154 526 naturae
1194 490 1310 526 iure
1349 485 1526 538 aliquo

66 553 95 589 i.
129 562 164 587 e.
195 561 217 585 a
244 549 336 585 iure
368 547 516 597 aliquo,
552 546 656 596 quod
689 546 729 582 in
758 550 900 582 natura
931 546 1108 595 positum
1136 550 1216 594 est,
1249 556 1336 581 cum
1363 543 1525 594 pridem

68 609 181 645 esset
210 606 376 641 inuenta
409 617 429 640 a
461 603 739 654 superioribus
782 599 950 654 (eadem
995 607 1152 639 tentata
1191 610 1254 638 est
1294 602 1332 637 in
1367 600 1460 638 cod.
1491 594 1528 645 β

65 667 109 699 et
139 655 260 713 39.),
300 664 458 697 temere
494 660 720 711 improbata
761 664 826 696 est
868 672 890 695 a
918 658 1058 708 Bakio,
1101 658 1168 709 qui
1199 669 1398 709 peruerse
1430 670 1527 694 con-

65 718 184 756 iecit:
218 729 239 753 a
270 720 460 754 natura
494 720 544 753 et
575 717 689 752 iure
722 713 915 765 aliquo.

179 785 308 823 (linae
339 772 399 822 si]
474 772 703 809 Pronomen
739 772 983 820 relatiuum,
1026 768 1135 820 quod
1176 769 1326 807 Bakius
1370 767 1437 807 uel
1477 769 1528 807 ad

66 841 270 869 causam
304 828 510 866 doloris
550 828 614 866 uel
648 828 696 866 ad
730 834 971 866 naturam
1007 826 1075 864 uel
1107 826 1157 863 ad
1189 828 1267 864 ius
1299 826 1401 864 dixit
1430 838 1528 877 per-

64 887 224 935 tinere,
267 886 452 937 pertinet
494 885 544 923 ad
583 898 676 935 res,
719 898 821 936 quae
865 897 1015 935 genere
1057 883 1203 921 eodem
1244 884 1527 932 continentur,

67 955 145 993 quo
188 943 251 979 ius
291 947 459 979 naturae
501 943 757 991 continetur,
806 955 825 979 a
869 954 946 992 quo
988 940 1273 978 defensionem
1315 945 1528 989 quaerant.

65 1001 152 1038 Nec
182 1011 274 1035 raro
297 999 442 1035 Cicero
475 1012 627 1049 genere
659 998 838 1035 indicato
871 1010 1095 1049 pronomen
1128 996 1176 1034 ad
1209 996 1388 1047 singulas
1419 997 1530 1034 eius-

67 1056 160 1094 dem
193 1057 357 1106 generis
395 1068 461 1092 res
502 1055 658 1092 retulit.
730 1055 794 1092 Cf.
830 1055 916 1092 Cic.
948 1055 1023 1092 Ac.
1059 1053 1088 1102 Ι,
1123 1054 1161 1091 2.
1194 1052 1229 1093 ὅ4
1273 1065 1401 1103 quae
1439 1050 1529 1104 (di-

67 1116 214 1151 cuntur
252 1112 444 1149 uniuerse
482 1123 550 1148 res
589 1111 903 1161 philosophicae
945 1116 987 1148 et
1027 1108 1297 1158 dialecticae,
1339 1121 1421 1147 non
1464 1122 1528 1159 ea,

94 1180 169 1207 uae
198 1169 240 1206 in
271 1168 507 1218 Menippeis
541 1166 624 1204 illis
658 1167 767 1205 dicta
799 1170 934 1212 erant)
976 1179 1070 1216 quo
1102 1166 1319 1203 facilius
1360 1167 1528 1203 minus

66 1183 216 1264 docti
244 1223 647 1274 intelligerent.
708 1222 821 1261 Lael.
855 1221 895 1272 4,
941 1222 1005 1263 14.
1047 1222 1098 1260 de
1130 1223 1223 1259 Fin.
1258 1222 1306 1272 ΙΙ,
1350 1222 1418 1262 22.
1461 1222 1529 1261 72.

66 1284 162 1333 Legv
199 1277 234 1331 I,
267 1280 305 1321 3.
335 1278 377 1319 8.
410 1279 550 1319 Madu.
583 1279 633 1317 de
664 1281 759 1318 Fin.
803 1294 840 1332 p.
875 1280 972 1320 251.
1032 1280 1138 1317 Huic
1169 1280 1415 1316 contrarium
1450 1284 1530 1327 est,

67 1340 101 1378 si
134 1337 308 1388 singulis
338 1339 460 1375 rebus
492 1338 638 1388 positis
669 1350 825 1386 genus,
873 1336 979 1387 quod
1022 1348 1070 1373 ex
1112 1337 1160 1373 iis
1193 1336 1412 1385 efficiatur,
1456 1347 1532 1387 per

67 1393 313 1445 singularem
355 1406 570 1431 numerum
610 1393 842 1443 indicatur,
883 1399 927 1431 ut
966 1392 1017 1430 de
1048 1393 1140 1430 Fin.
1176 1393 1222 1441 ΙΙ,
1270 1391 1333 1432 19.
1377 1392 1447 1433 61.
1478 1391 1532 1429 de

67 1451 160 1489 Diu.
195 1447 230 1498 Ι,
264 1449 330 1490 33.
360 1450 427 1489 72.
490 1447 535 1487 In
569 1449 795 1499 eodemque
834 1463 915 1487 non
958 1454 1146 1487 accurate
1188 1449 1441 1499 pronominis
1480 1448 1532 1486 ad

69 1507 279 1558 superiora
315 1504 436 1543 relati
478 1518 631 1556 genere
671 1507 750 1543 hoe
792 1511 870 1555 est,
916 1505 1023 1556 quod
1065 1505 1272 1543 interdum
1303 1518 1531 1556 pronomen

69 1576 149 1601 nou
190 1561 239 1599 ad
282 1563 412 1612 ipsum
454 1575 628 1611 nomen,
671 1562 779 1612 quod
818 1562 1055 1613 praecedit,
1104 1561 1178 1599 sed
1222 1562 1270 1599 ad
1317 1564 1531 1614 notipnem

71 1618 243 1668 aliquam
276 1620 468 1656 uniuerse
499 1625 738 1669 conceptam
778 1619 973 1667 refertur,
1015 1624 1057 1656 ut
1091 1618 1215 1656 'rusa
1251 1614 1306 1668 ΙΙ,
1339 1618 1377 1658 3.
1411 1617 1449 1658 9.
1480 1621 1531 1657 in

70 1687 127 1712 eo
155 1671 234 1727 (sc.
259 1679 480 1726 praecepta
507 1675 844 1726 philosophorum
875 1672 1098 1727 tradendo)
1120 1687 1212 1712 con
1230 1676 1528 1715 sumsimus.

67 1730 174 1769 Uide
207 1743 308 1781 quae
341 1731 420 1769 dixi
454 1731 483 1781 Ι,
523 1732 580 1773 16.
616 1730 686 1771 45.

183 1791 271 1825 aut
302 1788 527 1839 incauti]
589 1787 838 1826 particulam
871 1793 954 1827 aut
985 1791 1024 1827 in
1054 1787 1146 1827 cod.
1172 1788 1283 1826 arch.
1310 1793 1531 1838 exaratam,

67 1857 141 1896 pro
174 1856 250 1894 qua
280 1843 389 1881 Uivt.
418 1845 521 1882 Dau.
551 1845 692 1893 Vi‘agu.
740 1858 788 1882 cx
828 1845 1105 1884 deterioribus
1136 1845 1378 1895 quibusdam
1410 1845 1530 1884 codd.

68 1901 237 1938 infit-ete
270 1904 318 1936 at
348 1901 558 1938 incauti
591 1902 773 1951 potius
809 1905 1089 1952 scripserunt,
1132 1915 1211 1939 non
1255 1907 1319 1940 est
1350 1915 1421 1940 cur
1451 1904 1531 1939 im-

70 1956 307 2007 probemus.
368 1956 596 1994 Absurdum
621 1956 720 1994 illud
748 1959 1062 2005 consectarium,
1097 1971 1173 2009 quo
1206 1958 1375 1996 efficere
1409 1971 1532 1996 cona-

70 2018 160 2060 tur,
192 2024 272 2049 non
304 2024 463 2062 poenae
494 2017 665 2063 metum,
700 2014 773 2052 sed
808 2020 992 2051 naturam
1026 2028 1100 2052 nos
1133 2015 1179 2052 ab
1212 2015 1360 2052 iniuria
1391 2028 1533 2053 arcere.

71 2073 292 2118 oportere,
336 2068 486 2119 duplex
526 2075 599 2106 est.
669 2072 751 2108 Aut
794 2073 999 2107 neminem
1039 2072 1231 2108 iniustum
1278 2084 1371 2109 esse
1412 2072 1530 2121 dicit,

70 2128 137 2161 aut
178 2125 210 2161 si
252 2124 329 2161 hoc
370 2138 450 2163 non
490 2127 709 2177 probemus
749 2133 869 2176 atque
905 2129 1111 2177 improbos
1153 2139 1247 2165 esse
1291 2131 1532 2177 statuamus,

68 2182 318 2218 incautos
351 2183 503 2231 potius,
532 2195 612 2219 non
646 2184 757 2233 ipsos
798 2185 1007 2234 improbos
1048 2185 1322 2234 improbitatis
1361 2186 1533 2222 crimine

68 2238 201 2274 teneri
235 2238 263 2274 i.
297 2250 330 2273 e.
365 2239 405 2274 in
447 2240 647 2276 cautionis
687 2243 822 2290 potius
865 2240 1030 2278 defectu
1069 2242 1181 2278 cerni
1222 2238 1532 2291 improbitatem

69 2305 187 2344 quam
223 2294 260 2330 in
292 2294 381 2344 ipso
416 2294 633 2344 maleficio,
667 2296 772 2345 quod
806 2302 847 2334 et
868 2298 998 2347 ipsum
1025 2296 1241 2334 absurdum
1268 2302 1347 2336 est.
1400 2299 1534 2337 Recte

68 2350 197 2399 igitur
226 2349 346 2386 huius
376 2349 456 2388 loci
489 2354 736 2389 sententiam
769 2354 846 2389 iam
882 2354 1006 2393 Goer.
1039 2353 1287 2404 explanauit,
1318 2356 1398 2393 nisi
1426 2355 1534 2405 quod

69 2417 288 2456 perperam
319 2407 360 2443 in
392 2407 594 2457 particula
625 2414 711 2445 aut
741 2411 880 2446 nescio
913 2410 1010 2460 quid
1040 2412 1196 2448 ironiae
1230 2423 1324 2449 esse
1354 2414 1532 2462 putauit,

70 2474 160 2499 cum
202 2474 353 2499 meram
399 2464 479 2500 uim
523 2464 671 2501 habeat
714 2464 989 2515 disiungendi.
1061 2466 1301 2505 Absurditas
1340 2469 1453 2506 inest
1491 2471 1534 2506 in

68 2519 159 2570 ipso
192 2520 465 2568 consectario,
498 2533 577 2557 non
614 2522 652 2558 in
685 2521 899 2571 particula,
933 2524 995 2560 cui
1027 2523 1067 2561 in
1101 2523 1374 2563 continuanda
1400 2526 1533 2563 ironia

67 2573 204 2612 locum
239 2586 332 2612 esse
363 2576 655 2614 animaduertit
685 2577 826 2617 Madu.
859 2577 912 2617 de
939 2579 1030 2618 Fin.
1061 2593 1099 2631 p.
1130 2579 1228 2620 673.
1270 2580 1365 2619 uide
1395 2582 1427 2632 ᾗ.
1461 2581 1532 2622 36.

69 2630 252 2668 Ernestii
285 2631 566 2683 Maduigiique
599 2634 832 2671 coniectura
864 2640 1017 2687 atque
1047 2639 1232 2688 itemque
1264 2637 1451 2676 Lambini
1483 2643 1533 2676 et

72 2682 203 2738 (idem
231 2689 272 2724 in
306 2701 429 2739 marg<
465 2690 530 2727 ed.
569 2688 691 2729 1584.
725 2692 903 2729 coniecit
934 2684 1071 2746 sed),
1104 2698 1391 2745 praeterquam
1424 2695 1532 2745 quod

71 2742 161 2778 sine
201 2747 453 2783 necessitate
496 2746 678 2783 codicum
725 2749 943 2786 auctoritas
980 2750 1227 2800 negligitur,
1265 2752 1298 2787 si
1332 2751 1532 2800 Maduigii

68 2797 273 2836 incauti
305 2813 378 2851 pro
410 2803 648 2853 praedicato
681 2803 877 2841 habentis·
900 2807 1098 2843 rationem
1129 2808 1330 2856 sequeris,
1364 2806 1427 2844 uel
1457 2807 1532 2845 hoc

1291 2876 1312 2895 'i-
