1781 3192
225 202 309 241 104
798 198 867 235 Db:
901 197 1129 236 mchUs·

225 330 266 368 p.
304 312 372 355 56.
419 313 560 361 quia,
600 311 668 358 si,
717 312 770 347 ut
807 309 967 347 Chius
1009 311 1192 348 Aristo
1232 308 1388 357 dixit,
1436 308 1687 348 dixisset.

225 374 286 411 De
328 367 451 407 simili
492 367 740 404 Graecorum
791 370 997 403 structura
1041 366 1258 403 uerborum
1301 364 1404 402 dixit
1444 365 1596 404 Heind.
1640 365 1692 404 ad

225 427 329 466 Plat.
362 422 487 474 Soph.
521 421 555 472 ᾧ.
593 420 685 461 105.
724 421 868 460 Herm.
910 421 961 459 ad
992 422 1131 472 Uiger.
1162 433 1204 472 p.
1235 419 1329 461 745.
1363 420 1412 459 ad
1455 421 1585 473 Soph.
1627 422 1690 461 Αἰ.

226 483 324 524 347.
378 476 636 528 Bernhardyi
664 479 776 515 wiss.
809 478 925 528 Synt.
957 492 1000 530 p.
1034 477 1128 519 465.
1162 490 1257 515 ann.
1289 476 1321 516 1.

340 537 396 574 ab
435 533 535 573 illa
584 547 640 572 sc.
686 535 728 571 in
777 547 853 583 qua
900 534 1155 573 Xenocrates
1202 538 1244 571 et
1283 532 1534 572 Aristoteles
1586 537 1694 572 sunt.

228 595 295 634 Cf.
328 604 433 644 quae
465 591 546 628 dixi
578 590 611 640 ξ.
644 589 713 630 36.
747 589 993 641 Wagnerus,
1033 592 1099 641 qui
1130 587 1273 629 illam
1306 591 1364 628 sic
1395 590 1475 628 dici
1507 590 1693 641 putabat,

230 652 342 703 quasi
385 649 572 686 omnibus
609 651 707 684 nota
746 652 874 696 esset,
913 648 1064 685 merito
1106 647 1365 697 uituperatus
1405 660 1427 684 a
1468 646 1574 684 Gzio
1616 649 1694 684 est.

229 705 392 748 Deinde
433 708 484 742 et
524 716 605 740 non
643 703 748 740 hanc
786 703 952 753 quidem
993 705 1073 741 uim
1123 703 1269 752 habet,
1322 715 1438 752 quam
1480 703 1606 740 Gzius
1659 702 1696 738 ci

233 764 393 811 tribuit,
427 764 473 798 ut
503 762 556 798 sit
592 759 641 796 id
674 763 776 807 est3
821 759 895 797 sed
923 758 1093 809 singulis
1127 757 1366 809 quibusdam
1397 770 1695 796 commemora-

233 824 286 862 tis
317 831 447 870 genus
479 817 612 866 ipsum
645 815 776 867 pouit.
838 814 956 863 Quod
997 818 1075 853 etsi
1116 815 1210 853 alibi
1250 813 1393 853 uocula
1430 816 1599 852 omnis
1632 812 1698 850 di-

232 876 422 917 stinctius
454 871 563 910 solet
595 870 796 909 declarari
829 869 982 925 (Tusc.
1010 869 1091 921 III,
1122 870 1191 911 34.
1223 870 1293 911 81.
1333 870 1391 908 de
1423 872 1604 920 exitio,
1639 868 1699 905 de

230 933 465 973 interitu
496 929 730 980 patriae,
770 926 829 964 de
869 930 1163 978 seruitute,
1195 927 1255 965 de
1287 925 1603 976 debilitate,
1637 925 1700 962 de

232 988 498 1037 caecitate
530 989 581 1022 et
611 984 670 1021 de
702 985 840 1021 omni
873 997 1012 1022 casu.
1044 983 1143 1022 ibid.
1170 984 1221 1033 V,
1247 982 1287 1024 4.
1317 981 1433 1035 10.);
1456 996 1535 1021 non
1561 987 1698 1020 tamen

232 1043 433 1084 eiusmodi
476 1040 623 1080 uocula
658 1041 890 1078 necessaria
931 1045 1017 1090 est,
1060 1041 1150 1090 quia
1188 1044 1315 1077 totam
1354 1039 1464 1077 illam
1503 1037 1701 1076 familiam

234 1102 314 1140 dici
346 1113 421 1151 per
451 1111 496 1136 se
526 1101 657 1149 patet.
712 1096 798 1136 Liu.
829 1093 910 1146 III,
938 1096 1006 1136 25.
1041 1109 1148 1134 cum
1176 1097 1452 1146 Uirginius
1484 1096 1701 1132 maxime

236 1163 287 1197 et
318 1156 529 1195 tribuni
563 1153 623 1191 de
654 1151 775 1202 lege
807 1158 1033 1203 agerent
1063 1157 1144 1190 cet.
1196 1153 1265 1189 Ac.
1299 1149 1334 1201 I,
1368 1151 1405 1192 6.
1440 1150 1509 1190 23.
1543 1155 1594 1188 et
1625 1163 1700 1187 ea-

234 1227 339 1253 rum
373 1223 574 1259 rerum,
608 1221 732 1259 quae
765 1212 845 1246 cet.
906 1204 1071 1246 Inutilis
1103 1212 1167 1245 est
1204 1208 1330 1258 igitur
1361 1208 1516 1246 Dauisii
1557 1208 1701 1243 conie-

236 1277 372 1311 cturat
406 1274 458 1307 et
489 1268 546 1304 ab
579 1266 715 1303 omni
750 1263 990 1302 Platonis
1022 1264 1245 1302 familia.

350 1337 458 1364 cum
493 1323 680 1371 decus,
714 1320 867 1371 quod]
930 1320 972 1358 ln
1005 1320 1096 1359 cod.
1131 1320 1242 1358 arch.
1276 1319 1384 1358 haud
1417 1320 1502 1357 scio
1527 1331 1574 1356 an
1600 1317 1702 1355 haec

237 1384 414 1422 suerint:
460 1392 595 1417 nunc
634 1390 753 1414 uero
794 1376 929 1426 quod
972 1376 1135 1415 decus
1169 1375 1299 1426 quod
1331 1376 1538 1426 antiqui
1573 1387 1703 1412 sum-

238 1451 364 1478 mum
406 1438 590 1474 bonum
634 1446 757 1471 esse
798 1433 1060 1471 dixerant.
1120 1432 1226 1470 Uide
1259 1437 1395 1470 annot.
1429 1433 1520 1469 crit.
1579 1430 1702 1468 Unde

238 1501 358 1535 natae
401 1496 497 1531 sunt
534 1490 719 1540 reliquae
762 1489 945 1527 codicum
988 1488 1310 1539 discrepantiae3
1354 1500 1446 1526 nam
1489 1492 1531 1525 et
1569 1486 1702 1537 quod

238 1552 426 1603 superius
455 1548 547 1586 loco
582 1545 745 1584 uidetur
774 1545 988 1596 depulisse
1020 1547 1243 1595 posterius,
1277 1549 1319 1583 et
1350 1557 1438 1583 cum
1470 1542 1572 1582 illud
1603 1541 1702 1580 reli-

240 1620 342 1660 quae
391 1605 565 1644 orationi
605 1614 747 1654 parum
787 1607 899 1640 recte
941 1601 1154 1639 uideretur
1193 1599 1541 1640 accommodatum
1592 1611 1704 1648 esse,

239 1661 439 1717 particula
472 1673 578 1698 cum
614 1663 807 1709 suscepta
838 1664 900 1696 cst
932 1658 1082 1696 mendo
1114 1662 1250 1695 tamen
1284 1662 1464 1696 seruato.
1524 1657 1579 1695 Et
1604 1657 1705 1694 haee

241 1720 402 1773 quidem
458 1716 597 1755 mendi
651 1714 845 1753 facillima
891 1716 1093 1753 correctio
1147 1719 1209 1752 est
1264 1711 1344 1766 (cs.
1395 1713 1445 1750 de
1491 1714 1703 1762 utriusque

242 1776 413 1816 uoculae
443 1773 653 1824 frequenti
685 1773 988 1822 permutatione
1023 1771 1053 1820 ἦ.
1089 1767 1200 1823 52..)
1268 1772 1355 1819 Qua
1394 1769 1563 1820 probata
1605 1766 1704 1806 reli-

242 1835 308 1885 qui
341 1831 522 1870 editores
555 1830 703 1867 merito
732 1827 903 1865 alterum
936 1826 1069 1877 quod
1102 1824 1259 1879 (quod
1284 1822 1514 1878 antiqui)
1544 1825 1704 1862 retinu-

244 1895 387 1937 erunt3
430 1886 536 1925 male
569 1887 672 1924 Gzio
713 1888 879 1922 auctore
924 1883 1020 1921 Sch.
1050 1888 1092 1921 ct
1119 1884 1228 1921 Mos.
1261 1883 1351 1920 sine
1380 1883 1489 1919 iusta
1520 1880 1704 1920 codicum

242 1946 486 1984 auctoritate
518 1947 560 1980 et
582 1955 708 1994 praua
734 1941 942 1979 sententia
963 1944 1072 1986 (nam
1106 1938 1240 1990 quod
1271 1938 1428 1976 decus
1460 1938 1515 1974 ita
1539 1937 1704 1984 dicitur,

243 2003 354 2053 quasi
389 2014 468 2038 non
501 1998 627 2036 decus
662 1999 914 2046 uniuersum,
947 1996 1022 2034 sed
1053 2000 1165 2050 certa
1198 1994 1395 2045 quaedan']
1424 1992 1585 2031 decoris
1610 2004 1706 2044 spe-

245 2061 328 2097 cies
361 2057 536 2100 dicatur)
571 2056 848 2105 scripserunt:
891 2066 1027 2090 nunc
1059 2064 1205 2100 uero,
1246 2063 1350 2088 cum
1385 2049 1516 2099 quod
1551 2049 1706 2087 decus

245 2114 449 2163 antiqui
491 2115 570 2147 cet.
632 2109 868 2158 Maduigius
910 2108 950 2144 in
988 2106 1227 2144 Emendatt.
1266 2119 1303 2157 p.
1343 2103 1411 2144 57.
1455 2106 1544 2142 sine
1589 2115 1708 2142 causa

243 2169 404 2219 longius
437 2180 459 2204 a
490 2165 699 2203 codicibus
731 2162 952 2201 discedens
994 2163 1196 2200 coniecit:
1238 2174 1368 2199 nunc
1408 2173 1552 2211 uero,
1597 2172 1705 2198 cum

244 2225 403 2263 decus
436 2222 644 2272 antiqui
676 2232 913 2257 summum
948 2220 1136 2256 bonum
1173 2230 1290 2255 esse
1322 2217 1584 2266 dixerint,
1623 2217 1707 2253 hic

245 2279 410 2320 solum
448 2281 530 2315 cet.
589 2277 790 2314 Nimirum
814 2276 984 2325 putabat
1015 2275 1078 2312 uir
1108 2274 1253 2311 doctus
1284 2287 1375 2311 mox
1405 2286 1545 2324 parum
1575 2277 1706 2321 recte,

245 2339 279 2375 si
310 2334 612 2388 praecessisset
643 2345 699 2369 cu
715 2344 753 2368 m
785 2331 945 2368 decus
987 2330 1145 2381 quod,
1185 2331 1411 2367 orationem
1455 2331 1513 2367 sic
1561 2328 1709 2366 uariari

244 2395 479 2442 itemque
520 2388 758 2426 dedecus
799 2385 890 2425 illi
933 2400 966 2425 s.
1006 2400 1062 2425 m.
1102 2387 1143 2424 h.
1186 2383 1302 2432 sii).
1369 2385 1451 2423 Sed
1491 2386 1630 2423 effecit
1668 2387 1709 2421 et

245 2450 408 2499 grauius
437 2446 557 2484 huius
589 2445 822 2482 sententiae
862 2442 1022 2494 pondus
1064 2446 1183 2488 (cum
1224 2441 1383 2479 decus
1421 2441 1503 2479 hic
1545 2439 1707 2478 solum

245 2505 404 2549 dicat)
438 2506 480 2540 et
511 2501 806 2539 contrariorum
829 2498 1102 2537 acuendorum
1132 2496 1335 2547 uoluntas,
1368 2502 1411 2535 ut
1433 2510 1524 2535 mox
1552 2501 1707 2534 utram-

247 2573 325 2611 que
364 2558 626 2606 sententiam,
661 2569 793 2606 quam,
824 2557 857 2594 si
890 2568 937 2593 eo
961 2568 1039 2606 quo
1068 2556 1204 2606 coepit
1226 2554 1347 2592 modo
1369 2552 1479 2604 loqui
1502 2553 1708 2603 perrexis-

245 2621 325 2666 set,
354 2613 524 2653 alteram
557 2612 676 2650 alteri
710 2613 912 2650 subiicere
945 2611 1133 2661 deberet,
1170 2623 1218 2648 ex
1250 2622 1375 2661 aequo
1406 2614 1596 2660 poneret.
1660 2604 1706 2646 In

338 2738 370 2779 ⁸)
398 2737 432 2769 in
458 2736 651 2768 uerborum
679 2737 845 2767 contextu
870 2735 1014 2769 sublato
1042 2744 1162 2767 cruore
1188 2731 1455 2777 typographico
1480 2731 1707 2764 scribendum

246 2789 299 2817 cst
325 2783 538 2823 itemque
565 2781 776 2814 dedecus
802 2780 894 2813 illi.
