1781 3192
369 181 527 220 LIBER
559 178 860 219 SECUNDUS.
915 179 1014 216 Cm’.
1052 177 1158 215 xix.
1409 171 1498 210 213

43 297 201 346 flagitat
247 293 444 344 deinceps
494 291 849 338 adstringant.
910 289 977 329 Cf.
1029 288 1083 328 de
1133 288 1210 326 hoc
1249 286 1332 335 rei,
1378 296 1496 335 quam

44 354 149 390 actio
182 351 361 400 attingit,
394 350 565 400 primum
599 349 789 385 uniuerse
822 346 1111 395 nominandae,
1150 341 1302 383 deinde
1334 353 1499 380 accura-

45 411 126 447 tius
157 406 420 458 explicandae
451 417 563 443 inore
592 404 716 454 Seyss'.
750 403 800 441 ad
833 404 945 442 Lael.
978 417 1014 454 p.
1035 402 1129 443 360.
1163 400 1299 440 Mada.
1332 398 1384 436 de
1404 397 1500 436 Fin.

48 479 84 516 p.
117 462 217 505 719.
249 463 431 512 Krueger
462 461 513 499 de
544 465 706 499 attract.
739 460 773 510 ᾧ.
810 461 899 500 162.
931 460 1018 498 Cic.
1058 459 1107 497 ad
1138 460 1253 497 Fam.
1286 455 1402 504 VIII,
1436 452 1500 493 10.

45 523 86 561 3.
117 520 265 558 nosti
300 516 634 566 Marcellum,
668 529 809 566 quam
844 516 1024 554 tardus
1069 520 1118 553 et
1157 525 1334 566 parum
1377 508 1500 549 effi-

47 589 133 615 cax
165 576 250 612 sit.
314 574 439 611 Taso.
470 570 504 623 I,
537 572 602 613 24.
634 574 703 614 56.
738 574 806 610 Or.
835 573 904 621 50,
943 572 1033 612 168.
1074 573 1290 610 tertium
1334 579 1498 618 geuu-

45 629 377 682 explicetur,
410 629 563 679 quale
596 631 676 668 sit.
708 628 821 667 LaeI.
860 630 925 678 16,
957 628 1025 669 56.

158 685 438 734 heredum]
499 686 686 724 Heredes
719 698 793 736 per
819 688 1081 723 eminentiam
1111 686 1322 730 uocantur,
1355 680 1502 730 quibus

44 744 133 779 iure
164 739 273 779 ciuili
306 741 515 778 hereditas
547 743 726 791 obuenit,
757 755 836 779 non
870 743 991 779 etiam
1018 743 1060 789 ii,
1093 740 1158 791 qui
1184 740 1270 776 iure
1292 736 1499 789 praetorio

44 799 239 836 bonorum
264 810 529 848 possessores
551 799 650 836 facti
674 804 781 837 sunt.
829 797 986 836 Laudat
1002 799 1191 836 Most-rus
1211 793 1303 844 Ulp.
1322 791 1501 831 XXVIII.

48 853 112 893 12.
151 853 185 903 §-
217 852 257 891 2.
292 849 326 890 I.
368 853 420 891 de
462 855 553 894 bon.
596 868 706 906 poss,
747 854 788 894 3.
826 855 891 894 10.
935 860 977 892 et
1017 855 1196 904 Sanigny
1230 849 1438 889 Zeitschr.
1471 847 1501 885 f.

43 910 151 948 viss.
184 908 395 948 Rechtsnn
430 923 467 960 p.
501 910 595 951 365,

157 966 456 1015 emigrarit]
518 967 792 1005 confirmatur
821 967 898 1004 hoc
930 972 972 1005 et
1006 964 1212 1017 plerisque
1245 961 1364 1000 codd.
1399 959 1502 998 dett.

43 1025 86 1059 et
116 1020 265 1058 mendo
297 1021 529 1073 meliorum,
569 1029 612 1061 ut
644 1029 803 1061 temere
836 1023 982 1060 ssakzus
1023 1021 1268 1072 migrarit
1306 1028 1505 1057 reuocan-

45 1076 139 1115 dum
171 1089 264 1113 esse
296 1076 459 1115 dixerit.

158 1131 351 1170 deiude
383 1134 488 1184 qui]
549 1134 639 1171 Non
673 1134 906 1184 quaeritur,
946 1146 1035 1171 cum
1079 1131 1224 1182 aliquis
1264 1130 1390 1169 sacris
1431 1127 1505 1166 ad-

46 1189 305 1239 stringatur,
351 1188 426 1226 sed
482 1190 569 1240 quis
618 1189 910 1239 adstringatur.
982 1189 1228 1227 Necessaria
1274 1186 1398 1237 igitur
1443 1187 1508 1221 est

45 1246 147 1283 haec
176 1244 317 1283 mendi
349 1257 443 1295 quo
476 1244 542 1284 uel
571 1258 718 1296 quom
752 1247 953 1284 correctio
985 1246 1027 1283 in
1060 1250 1160 1283 uett.
1190 1244 1269 1281 iam
1295 1241 1415 1281 editt.
1437 1252 1506 1278 ex-

43 1313 187 1354 pressa
219 1304 261 1338 et
291 1301 338 1338 ab
370 1303 558 1340 omnibus
592 1303 774 1353 probata.

157 1362 325 1394 morte
357 1357 771 1407 testamentone]
831 1358 860 1396 i.
897 1370 935 1395 e.
967 1370 1015 1394 ea
1038 1356 1274 1405 donatione,
1306 1365 1406 1404 quae
1431 1350 1507 1389 de-

46 1425 154 1451 mum
184 1417 281 1463 post
310 1417 486 1451 mortem
518 1413 673 1451 domini
705 1419 793 1451 rata
825 1417 955 1462 esset,
988 1426 1106 1463 quam
1138 1416 1282 1464 postea
1303 1410 1507 1448 iuriscon-

48 1466 143 1507 sulti
173 1469 436 1506 nominarunt
467 1468 808 1507 donationem
840 1470 1026 1507 mortis
1061 1481 1212 1507 causa
1242 1465 1510 1515 (Schenkun'g

49 1537 123 1562 von
156 1523 297 1562 'rodes
325 1529 486 1574 wegen)
518 1531 587 1563 aut
617 1524 766 1576 legato.
830 1525 989 1564 Laudat
1028 1524 1081 1563 de
1118 1524 1189 1563 illa
1217 1524 1345 1574 wytt.
1382 1520 1507 1559 Pand.

50 1579 232 1621 XXXIX.
276 1581 343 1618 tit.
387 1583 425 1622 6.
465 1582 565 1621 Inst.
599 1581 643 1619 II.
676 1584 741 1620 tit.
776 1582 832 1631 7.,
868 1582 1059 1620 Moserus
1095 1581 1272 1631 Sanigny
1304 1577 1509 1617 Zeitschr.

48 1636 78 1677 l.
110 1635 138 1674 l.
171 1649 210 1687 p.
243 1634 337 1677 366.
400 1638 462 1675 Ne
493 1643 646 1687 antem,
678 1640 711 1675 si
743 1643 918 1675 testator
949 1650 1094 1676 census
1119 1643 1247 1685 esset,
1279 1634 1372 1687 plus
1395 1633 1510 1683 lega-

49 1699 180 1732 torum
209 1693 376 1730 nomine
406 1696 607 1731 mortisue
640 1707 760 1731 causa
789 1696 976 1744 cuiquam
1010 1707 1157 1744 capere
1187 1692 1357 1740 liceret,
1390 1702 1510 1740 quam

50 1750 177 1788 heres
208 1753 277 1786 aut
307 1761 451 1787 omnes
482 1749 660 1787 heredes
683 1755 893 1801 caperent,
927 1755 1088 1787 cautum
1110 1756 1174 1788 est
1195 1748 1289 1799 lege
1310 1746 1510 1794 Uoconia,

50 1818 152 1856 quae
197 1803 283 1841 lata
330 1811 395 1842 est
433 1819 466 1845 a.
510 1805 608 1846 585.
649 1820 686 1843 a.
729 1808 776 1854 Q.
820 1806 1004 1844 Uoconio
1051 1806 1185 1855 Saxa,
1231 1810 1282 1842 tr.
1335 1802 1393 1854 pl.
1447 1802 1511 1840 Cf.

51 1861 139 1899 Gai.
170 1860 271 1898 Inst.
302 1856 359 1898 Il.
408 1861 443 1911 ᾗ.
482 1860 576 1902 226.
626 1861 713 1901 Cic.
759 1861 876 1901 Verr.
914 1858 959 1912 I,
1000 1859 1067 1902 43.
1111 1861 1204 1902 110.
1247 1860 1353 1898 Rein
1383 1871 1513 1897 roem.

51 1916 227 1955 Priuatr.
259 1929 298 1967 p.
322 1915 417 1956 380.

166 1971 300 2023 quod
340 1975 673 2025 propositum
712 1974 814 2025 est]
876 1972 1102 2013 Commode
1151 1986 1248 2012 sane
1292 1972 1396 2011 haec
1441 1983 1512 2009 re-

52 2028 151 2066 ferri
182 2034 357 2079 possent
386 2029 436 2067 ad
468 2029 527 2078 id,
560 2030 667 2080 quod
699 2044 788 2068 cum
821 2032 992 2081 pecunia
1023 2031 1238 2082 pontifices
1272 2042 1386 2067 sacra
1409 2041 1510 2066 con-

51 2085 188 2122 iuncta
220 2096 313 2121 esse
337 2083 568 2124 uoluerunt.
621 2087 703 2124 Sed
724 2087 817 2136 quia
839 2087 941 2124 ista:
972 2088 1039 2124 iis
1060 2093 1142 2124 est
1162 2099 1219 2124 ea
1240 2085 1509 2133 adiuncta,

53 2140 110 2177 ad
142 2153 267 2190 quos
299 2141 533 2179 eiusdem
563 2149 729 2180 morte
760 2143 984 2193 pecunia
1016 2143 1258 2190 uenerit,
1299 2141 1511 2179 Ciceronis

51 2208 130 2234 non
163 2208 257 2234 esse
290 2195 491 2247 uidimus,
532 2211 612 2235 non
655 2199 789 2236 minus
828 2202 943 2236 recte
983 2198 1130 2236 referri
1162 2210 1284 2250 posse
1317 2196 1511 2235 uidentur

51 2252 103 2290 ad
136 2265 206 2302 ea,
233 2265 339 2304 quae
362 2258 455 2291 ante
477 2256 612 2305 posita
632 2260 750 2292 sunt:
782 2258 837 2293 ut
864 2253 1117 2306 deinceps
1140 2252 1372 2292 familiis
1396 2266 1511 2304 pro-

52 2308 245 2347 dantur
284 2313 346 2354 (es
388 2315 504 2360 passt
540 2324 588 2348 zu
631 2311 723 2348 dem
767 2313 1061 2362 angegebenen
1093 2310 1291 2360 Zwecke,
1330 2309 1510 2348 namlich

52 2364 147 2404 dem
179 2365 254 2403 der
283 2364 514 2418 Erhaltung
544 2366 618 2404 der
650 2372 795 2415 sacra).
855 2366 965 2405 Male
1002 2369 1130 2418 igItur
1170 2369 1272 2406 Dau.
1316 2367 1509 2415 coniecit,

52 2422 160 2474 quod
192 2427 256 2460 est
288 2422 410 2459 etiam
440 2424 482 2460 in
515 2422 637 2461 codd.
671 2432 704 2470 γ
737 2429 779 2461 et
810 2422 878 2474 39,
909 2426 1140 2475 positum
1172 2437 1222 2462 es
1238 2429 1268 2461 t.

166 2480 211 2516 si
242 2491 390 2516 nemo
423 2480 491 2517 sit
519 2480 674 2517 heres
706 2482 735 2518 i.
765 2494 803 2519 e.
835 2482 868 2518 si
901 2494 1021 2519 nemo
1053 2486 1143 2531 est,
1177 2481 1247 2531 qni
1278 2480 1366 2517 iure
1398 2477 1510 2516 ciuili

53 2534 326 2574 hereditatem
361 2541 429 2573 aut
460 2538 591 2586 possit
622 2545 689 2574 aut
720 2537 819 2574 uelit
850 2537 976 2576 adire.
1039 2539 1157 2587 Quod
1187 2538 1223 2574 si
1255 2542 1359 2586 erat,
1405 2533 1509 2572 adiri

53 2598 189 2630 tamen
239 2596 403 2642 poterat
450 2594 538 2630 iure
586 2595 808 2643 praetorio.
884 2593 951 2633 Cf.
1001 2594 1106 2633 Rein
1153 2606 1283 2633 roem.
1332 2592 1510 2631 Priuatr.

51 2662 93 2701 p.
131 2647 227 2689 396.
268 2661 358 2699 sqq.

169 2718 275 2744 cum
307 2706 556 2754 moritur,
587 2705 696 2756 usu]
759 2705 942 2744 Turnebi
984 2709 1092 2745 coni.
1132 2704 1294 2745 mendis
1327 2704 1507 2744 codicum

59 2761 294 2800 confirmata
327 2767 369 2799 et
401 2763 448 2800 ab
480 2763 667 2800 omnibus
690 2763 858 2813 probata
885 2769 1055 2816 excepto
1071 2764 1213 2814 Bakio,
1246 2765 1311 2812 qui
1336 2762 1512 2800 coniecit
