1781 3192
435 187 592 225 Limen
625 186 882 225 'rrcn'rms
933 186 1035 225 cmv.
1071 184 1157 224 XV.
1446 182 1537 221 509

79 313 319 353 progressus
353 299 403 338 ad
444 301 531 339 Att.
562 298 622 346 X,
654 297 698 338 8.
732 298 773 338 7.
812 299 1000 349 scripsit:
1037 297 1132 335 hoc
1162 295 1538 334 confirmamus

78 358 174 397 illo
207 360 430 407 augurio
463 371 485 407 q
500 369 560 394 uo
582 355 826 394 diximus.
887 356 1050 407 lstaqui
1073 355 1112 391 in
1140 351 1328 392 familiari
1353 351 1538 388 oratione

78 413 332 465 repudianda
373 419 542 464 putant,
583 413 609 450 ii
649 412 838 462 profecto
869 425 947 449 non
979 409 1241 460 intelligunt,
1275 420 1391 459 quam
1425 410 1538 444 arcto

80 476 123 509 et
146 471 406 520 cogitationis
430 475 471 507 et
495 470 689 507 orationis
715 467 875 506 uinculo
896 470 1114 506 coniuncta
1138 479 1183 503 ea
1209 465 1313 516 apud
1336 465 1539 502 Romanos

80 527 389 575 contineantur,
430 526 471 563 id
515 525 620 576 quod
652 538 777 576 saepe
810 527 897 575 ipso
931 527 1145 562 uerborum
1179 524 1322 559 ordine
1352 519 1540 571 implica-

78 584 184 622 tiore
214 582 412 621 indicant.
448 582 554 622 Gell.
578 583 627 619 N.
651 583 700 620 A.
733 579 764 629 l,
789 583 828 620 3.
861 595 883 631 q
899 595 953 619 uo
986 581 1092 619 dixi
1125 578 1265 617 libro
1297 577 1540 615 disserit.

77 640 168 678 Liu.
201 638 330 688 XXV,
361 639 429 679 3⁸2.
464 652 574 676 cum
611 638 798 689 quibus
839 643 961 675 ante
1005 638 1204 675 (lictum
1248 640 1332 672 est
1369 633 1543 684 copiis

80 696 354 734 substitit.
388 695 478 733 Liu.
504 695 533 744 l,
559 694 628 735 29.
662 696 846 745 quibus
876 696 1098 745 quisque
1129 696 1340 744 poterat
1371 689 1541 728 elatis.

195 752 336 790 nihil
370 755 423 790 ut
454 750 638 801 suerit]
702 751 768 788 Cf.
804 764 902 801 quae
936 751 1017 788 dixi
1052 746 1104 789 II.
1139 750 1169 799 ξ.
1204 748 1244 789 6.

198 808 432 846 obtineri
471 821 529 845 an
571 808 767 859 possit]
838 808 1020 845 Possit
1069 811 1134 843 est
1184 810 1302 843 uetus
1339 802 1542 840 correctio

81 865 316 902 necessaria
343 864 481 902 mendi
514 869 762 914 possunt,
795 866 872 901 nisi
905 864 1030 913 forte,
1064 864 1154 913 quia
1184 864 1222 900 in
1248 859 1370 899 codd.
1398 856 1544 896 melio-

82 922 195 959 ribus
228 925 292 958 est
324 922 566 958 obtinere
606 934 682 959 nec
712 920 918 958 difficilior
950 921 1028 959 suit
1059 918 1197 957 mendi
1226 923 1340 955 ortus
1373 928 1421 953 ex
1448 921 1545 952 nota

84 978 198 1015 uerbi
240 978 535 1028 possimuS,
581 978 841 1015 scribendum
892 981 990 1015 est:
1042 975 1133 1014 sed
1185 975 1440 1012 obtinere
1488 983 1545 1008 an

83 1035 351 1086 possimus.
416 1033 661 1071 Particulam
696 1047 755 1071 an
791 1034 1016 1084 impugnari
1048 1045 1126 1069 non
1159 1031 1340 1082 oportuit
1371 1042 1392 1066 a
1425 1027 1547 1066 Mad-

86 1092 194 1140 n‘lgio
231 1092 268 1128 51¹
303 1103 436 1141 progr.
469 1103 506 1141 p.
541 1091 609 1131 26.
651 1095 692 1128 et
733 1103 755 1127 a
786 1091 934 1139 Bakio,
975 1090 1040 1139 qni
1074 1101 1120 1125 ex
1153 1086 1350 1138 peculiari
1393 1083 1547 1122 codicis

84 1148 197 1186 Mon.
231 1147 381 1185 mendo
414 1148 672 1198 optimum
704 1147 855 1184 etiam
887 1149 1109 1197 possunt
1139 1144 1243 1181 hanc
1266 1143 1547 1180 coniecturam

86 1203 340 1242 elicuerunt:
381 1204 694 1240 obtinerine
734 1204 828 1239 iam
882 1203 1068 1252 possit.
1137 1198 1255 1251 Apud
1302 1199 1548 1236 Ciceronem

85 1260 248 1311 quidem
281 1272 337 1296 an
366 1263 461 1309 post
492 1260 615 1296 uerba
647 1257 784 1296 haud
817 1259 947 1308 scio,
980 1257 1185 1305 nescio,
1220 1254 1298 1293 alia
1328 1267 1416 1293 cum
1451 1267 1549 1304 qua-

85 1317 178 1354 dam
213 1316 290 1365 rei,
321 1314 374 1352 de
406 1327 483 1365 qua
513 1314 740 1364 dubitatur,
775 1314 1003 1352 aslirmatae
1035 1313 1337 1363 significatione
1368 1311 1547 1362 ponitur.

87 1372 172 1412 Sed
211 1376 253 1408 et
295 1372 433 1408 tenuis
476 1376 540 1408 est
580 1370 652 1408 illa
692 1371 742 1408 ad
775 1371 1090 1419 affirmationem
1137 1368 1365 1416 inclinatio,
1404 1372 1446 1404 ut
1483 1365 1551 1404 uel

87 1426 265 1479 generali
306 1428 563 1477 pronominis
606 1428 879 1477 quisquam
923 1428 1093 1464 notione
1133 1424 1302 1463 tollatur
1340 1421 1478 1476 (Lael.
1507 1422 1549 1471 6,

87 1484 156 1524 20.
200 1495 295 1532 qua
339 1482 547 1532 quidem
580 1495 639 1520 sc.
672 1484 849 1521 amicitia
892 1482 1026 1520 haud
1066 1484 1183 1520 scio
1226 1494 1282 1518 an
1325 1484 1550 1530 excepta

89 1540 358 1590 sapientia
391 1540 662 1589 quicquam
695 1538 883 1577 melius
915 1540 1114 1577 homini
1148 1540 1220 1576 sit
1261 1551 1281 1574 a
1323 1538 1429 1575 diis
1465 1537 1551 1574 im-

88 1593 403 1634 mortalibus
444 1593 645 1647 datum)
685 1601 727 1634 et
766 1601 861 1647 post
901 1596 979 1634 alia
1010 1595 1194 1634 eiusdem
1229 1595 1392 1644 generis
1426 1593 1551 1630 uerba

88 1651 156 1691 uel
188 1651 294 1702 apud
327 1652 458 1702 ipsum
492 1652 735 1690 Ciceronem
766 1652 964 1704 particula
996 1666 1052 1689 an
1087 1653 1179 1689 sine
1210 1651 1292 1689 ulla
1323 1651 1551 1688 aslirmatae

88 1709 148 1746 rei
188 1709 489 1757 significatione
530 1710 583 1746 ita
633 1712 833 1759 ponitur,
882 1715 925 1748 ut
972 1714 1127 1747 tantum
1179 1708 1373 1758 ancipitis
1426 1705 1549 1742 animi

88 1765 296 1803 fluctuatio
330 1763 526 1815 quaedam
568 1764 784 1806 indicetur.
828 1766 892 1806 Cf.
924 1766 1008 1806 Cic.
1039 1766 1126 1805 Cat.
1160 1765 1255 1802 Mai.
1291 1764 1360 1812 20,
1394 1762 1461 1802 74'.
1503 1766 1553 1798 et

89 1821 143 1859 id
183 1822 470 1870 incertum,
521 1835 577 1859 an
619 1834 676 1860 eo
716 1824 832 1874 ipso
876 1823 986 1872 die,
1037 1823 1103 1860 ubi
1142 1834 1356 1872 perperam
1400 1820 1552 1858 dixeris

91 1878 305 1916 Ciceronis
338 1879 516 1916 animum
551 1877 597 1915 ad
625 1880 713 1916 eius
742 1881 801 1917 rei
834 1879 1148 1917 affirmationem
1173 1877 1386 1915 inclinare.
1448 1876 1551 1914 Rem

91 1933 331 1986 ampliorem
365 1949 481 1985 quam
516 1939 560 1972 ut
588 1937 726 1987 paucis
761 1935 916 1974 absolui
957 1937 1101 1987 possit,
1138 1934 1214 1972 alio
1246 1933 1336 1972 loco
1369 1933 1552 1971 tractabo

91 1992 269 2030 uberius.
330 1992 503 2029 Rathius
535 2004 735 2042 peruerse
766 1993 868 2031 haec
901 1994 1036 2030 omnia
1057 1994 1115 2029 ita
1139 1993 1248 2029 inter
1268 1989 1551 2041 colloquentes

92 2047 318 2096 distribuit,
351 2052 394 2085 ut
424 2047 494 2086 illa
526 2061 624 2086 non
658 2049 824 2087 facies
859 2072 913 2078 -—-
944 2062 1068 2087 uoce
1090 2047 1296 2097 melius,
1329 2052 1371 2085 ut
1404 2047 1551 2095 ceteri,

90 2104 257 2153 Marco,
293 2104 419 2142 haec:
462 2105 554 2142 sed
593 2106 825 2144 obtineri
865 2104 1236 2143 —uidendum
1280 2109 1361 2142 est
1400 2105 1551 2153 Quinto

90 2161 315 2208 tribueret3
359 2159 510 2198 deinde
554 2162 701 2199 uerba:
741 2161 865 2214 quid
904 2160 1109 2200 frater?
1149 2160 1235 2215 (sic
1271 2162 1380 2198 enim
1427 2160 1551 2198 scribi

90 2214 234 2269 iussit)
266 2217 402 2254 Bona
438 2222 526 2256 tua
568 2220 726 2256 uenia
769 2218 989 2258 dixerim
1022 2218 1178 2268 reliqua
1210 2230 1337 2268 nsque
1369 2216 1419 2254 ad
1452 2217 1553 2253 haec

93 2273 130 2322 ξ.
159 2271 236 2311 37:
266 2273 361 2310 tibi
387 2273 666 2312 dicendum
691 2281 808 2325 puto
833 2277 989 2325 Mai-cc,
1014 2277 1160 2313 uerba:
1193 2288 1300 2312 nam
1331 2274 1552 2311 Cassiae

91 2328 228 2378 legis
269 2350 322 2354 ——
361 2326 468 2367 lata
505 2343 621 2368 esse
662 2332 856 2370 dicitur
897 2334 1072 2381 Quinto,
1124 2331 1300 2382 denique
1342 2329 1408 2367 illa
1449 2342 1552 2380 quae

93 2388 320 2436 sequuntur
350 2389 402 2422 tu
434 2386 478 2424 si
510 2385 853 2425 tabellariam
886 2410 941 2417 —-
970 2390 1272 2439 praestabis
1304 2388 1444 2424 Marco
1477 2387 1552 2423 tri-

93 2443 197 2480 buit.
273 2442 400 2490 Quam
455 2454 695 2493 peruersam
745 2445 944 2483 rationem
991 2446 1184 2483 Krausius
1232 2444 1455 2495 exagitauit
1509 2444 1550 2480 iu

92 2499 230 2537 Jahnii
259 2499 364 2539 Anu.
404 2498 522 2538 1849.
555 2513 596 2551 p.
631 2498 694 2540 79.

210 2554 244 2607 ᾗ.
278 2554 344 2594 34.
424 2556 593 2606 atqui]
676 2558 858 2609 Opponit
907 2557 1081 2606 Quintus
1141 2570 1252 2596 suam
1304 2556 1551 2595 sententiam

94 2611 251 2650 Marco.
313 2614 510 2661 Quocirca
540 2613 738 2663 particula
779 2627 878 2666 opus
918 2627 1009 2652 esse
1053 2619 1166 2652 recte
1207 2620 1250 2653 et
1280 2614 1405 2652 Gzius
1451 2612 1554 2650 uidit

100 2672 142 2706 et
172 2668 336 2707 BakiuS.
398 2670 474 2707 llic
507 2674 642 2707 tamen
667 2671 835 2709 restitui
867 2670 961 2722 quid
995 2670 1143 2720 uellet,
1177 2683 1254 2710 non
1289 2670 1412 2719 dixit3
1460 2670 1552 2707 Gzii

96 2727 356 2764 coniecturae
394 2725 485 2764 sed
527 2725 591 2764 uel
631 2740 927 2778 quamquam
960 2740 1036 2766 nec
1069 2732 1187 2779 aptae
1218 2726 1269 2765 ad
1301 2727 1552 2766 sententiam

96 2786 190 2820 suut
219 2794 295 2820 nec
322 2782 555 2834 probabiles
593 2784 642 2821 ob
675 2784 904 2823 litterarum
947 2783 1337 2825 dissimilitudinem.
1399 2783 1553 2824 Mendo
