1781 3192
236 201 323 242 158
807 204 875 242 DE
907 205 1140 245 LEGIBUS

249 318 338 355 sine
383 314 463 353 ulla
513 315 660 352 idonea
709 328 826 354 causa
871 321 913 354 et
950 318 992 356 h.
1031 317 1058 357 l.
1105 318 1281 356 coniecit
1330 333 1509 358 noune
1557 324 1612 360 ob
1662 323 1712 361 id

248 375 413 425 ipsum
447 379 488 408 et
518 375 612 408 ante
643 383 814 410 nonne
845 375 1211 413 numerandum
1244 375 1296 411 in
1330 376 1500 414 bonis.

363 429 422 465 ob
454 427 645 479 ipsum]
709 428 788 466 Pro
814 442 878 479 eo,
911 431 1019 481 quod
1051 434 1092 469 in
1124 430 1214 467 cod.
1251 432 1359 469 arch.
1391 432 1484 481 fuit,
1518 432 1569 470 de
1594 434 1710 473 Lbini

248 487 354 525 coni.
386 482 534 535 reliqui
564 489 730 536 praeter
755 486 901 524 Gzium
927 500 1070 525 omnes
1103 487 1160 523 ob
1189 485 1236 523 id
1264 488 1436 538 ipsum
1462 497 1712 539 receperunt

246 542 465 590 idemque,
508 545 550 578 ut
590 541 689 579 mihi
729 541 891 591 quidem
931 542 1118 591 uidetur,
1172 555 1312 593 parum
1358 550 1470 581 recte
1519 547 1710 595 probauit

245 596 384 636 Madu.
415 596 468 635 de
498 598 591 636 Fin.
625 611 665 648 p.
701 597 798 638 302.
860 598 943 637 Sed
973 599 1075 637 nihil
1105 611 1203 635 sane
1237 599 1362 637 Gzius
1393 600 1595 651 profecit,
1641 605 1708 653 qui

247 653 331 705 „id
363 658 485 691 ante
516 654 656 705 ipsum
696 655 886 704 inseri,
926 657 1083 706 inquit,
1129 658 1222 691 tam
1265 669 1438 706 parum
1479 669 1709 696 necesse

252 712 380 759 fuit,
415 715 466 749 ut
497 711 722 749 infinita
753 715 987 749 ueterum
1021 710 1132 749 loca
1165 709 1391 749 doceant
1431 725 1574 763 pron.
1613 714 1710 765 ipse

249 781 335 819 pro
368 766 406 806 is
429 768 526 819 ipse
554 771 703 805 recte
736 766 893 807 dici“.
944 768 1044 805 Ueri
1068 767 1306 804 inuenieudi
1329 770 1432 806 uiam
1459 769 1549 818 ipse
1572 769 1708 808 Madu.

246 824 442 874 muniuit,
481 824 547 874 qui
585 821 615 860 l.
654 822 682 863 l.
720 836 836 875 pron.
878 826 995 875 ipse
1043 835 1124 860 non
1164 821 1305 860 addito
1346 826 1590 875 pronomine
1631 825 1707 864 de-

245 883 418 918 monstr.
462 881 647 931 usurpari
680 878 1005 929 demonstrauit,
1047 880 1081 916 si
1119 886 1188 917 aut
1227 892 1297 917 sua
1338 884 1485 931 sponte
1516 893 1706 930 persona,

246 936 296 974 ad
332 949 448 986 quam
488 939 598 987 ipse
637 936 888 987 referretur,
929 938 1018 974 eius
1058 936 1125 985 qui
1163 934 1403 985 loqueretur
1442 934 1509 973 uel
1547 936 1707 975 audiret

248 994 383 1030 animo
416 994 515 1031 satis
538 997 773 1031 occurreret
797 999 867 1031 aut
892 996 1092 1043 sequente
1114 993 1320 1029 sententia
1343 992 1517 1029 relatiua
1545 991 1704 1031 descri-

246 1049 423 1088 beretur.
485 1048 593 1087 Addi
627 1051 809 1100 oportuit
837 1051 894 1087 ita
925 1050 967 1087 id
997 1048 1100 1096 fieri,
1132 1051 1176 1084 ut
1205 1047 1263 1098 id,
1297 1047 1403 1098 quod
1426 1047 1703 1099 praedicetur,

245 1118 327 1142 non
359 1106 615 1155 significetur
645 1107 686 1143 in
719 1118 812 1144 eum
844 1107 974 1156 ipsum
1009 1103 1175 1152 cadere,
1218 1104 1271 1142 de
1304 1117 1381 1154 quo
1414 1108 1570 1153 agatur,
1603 1118 1704 1155 quo-

245 1162 305 1198 uis
338 1160 419 1198 alio
454 1160 641 1210 excluso3
684 1161 809 1211 idque
846 1167 889 1199 et
928 1162 1019 1213 ipse
1057 1159 1194 1196 Madu.
1236 1159 1401 1198 uidetur
1437 1161 1619 1198 sensisse
1661 1166 1703 1199 et

243 1216 442 1268 exemplis
483 1219 531 1255 ab
574 1230 622 1255 eo
663 1216 797 1255 allatis
839 1218 939 1255 satis
973 1216 1234 1268 perspicitur.
1294 1216 1355 1253 Ex
1386 1228 1531 1264 magua
1563 1229 1701 1254 eorum

242 1271 507 1311 multitudine
538 1274 642 1312 haec
673 1273 916 1325 depromere
942 1271 1072 1310 lubet.
1114 1270 1200 1309 Cic.
1234 1272 1285 1309 de
1317 1273 1411 1309 Fin.
1445 1271 1493 1320 ll,
1527 1271 1594 1311 26.
1630 1272 1701 1313 82.

242 1329 366 1366 mihi
400 1331 532 1366 enim
566 1331 726 1378 satis,
761 1330 898 1380 ipsis
931 1341 1024 1365 non
1058 1328 1207 1366 satis.
1240 1329 1291 1366 ib.
1326 1328 1375 1377 V,
1413 1326 1449 1367 1.
1483 1326 1520 1366 2.
1554 1331 1700 1367 cuius

243 1385 402 1421 etiam
435 1383 523 1422 illi
555 1386 841 1435 propinqui
865 1381 1070 1422 hortuli
1093 1395 1190 1420 non
1215 1385 1512 1422 memoriam
1537 1383 1698 1423 solum

242 1440 368 1477 mihi
409 1440 670 1488 afferunt,
710 1441 803 1478 sed
836 1441 1002 1491 ipsum
1038 1437 1297 1477 uidentur
1326 1441 1373 1477 in
1405 1447 1699 1490 conspectu

240 1508 349 1533 meo
396 1509 606 1547 ponere.
652 1495 771 1534 Verr.
803 1495 855 1546 V,
897 1494 966 1535 41.
1012 1494 1106 1535 107.
1152 1508 1249 1533 non
1294 1508 1390 1546 quo
1434 1496 1598 1546 ipsum
1646 1520 1700 1525 ——

240 1552 506 1602 quisquam
550 1551 821 1604 supplicio
862 1575 916 1579 ——
956 1551 1164 1601 dignum
1214 1555 1426 1602 putaret
1476 1553 1551 1598 (sic
1586 1558 1700 1591 recte

240 1606 363 1645 codd.
404 1610 647 1647 auctoritate
679 1609 896 1659 Zumptius
940 1607 1091 1655 edidit3
1131 1605 1276 1658 reliqui
1319 1606 1462 1645 illum
1501 1609 1696 1658 ipsum).

239 1662 292 1701 de
320 1663 413 1702 Fin.
449 1664 499 1713 V,
537 1663 598 1704 1-1.
628 1662 697 1704 39.
730 1666 776 1701 in
810 1665 919 1715 ipsa
949 1662 1015 1715 (in
1048 1661 1157 1716 uite)
1191 1666 1322 1702 enim
1353 1665 1488 1701 satis
1518 1677 1697 1715 magna

240 1721 319 1757 uis
350 1721 510 1758 inest.
571 1721 725 1758 Merito
756 1720 896 1758 Madu.
927 1719 1179 1757 intercidere
1219 1720 1465 1757 sententiam
1506 1718 1623 1769 dixit,
1663 1722 1696 1758 si

239 1775 494 1814 scriberetur
521 1777 572 1813 in
607 1789 662 1814 ea
693 1777 818 1828 ipsa.
879 1777 968 1813 Iloc
1001 1777 1107 1813 enim
1143 1776 1200 1812 sic
1240 1775 1401 1824 dicitur,
1445 1780 1487 1812 ut
1529 1778 1695 1825 quaeuis

238 1831 317 1868 alia
352 1846 416 1870 res
449 1830 701 1881 excludatur,
733 1831 835 1869 illud
860 1833 930 1881 ita,
963 1836 1006 1869 ut
1031 1832 1072 1868 in
1099 1832 1188 1881 ipsa
1212 1833 1282 1881 sit,
1312 1844 1396 1869 non
1427 1832 1695 1870 extrinsecus.

235 1886 337 1923 ibid.
368 1889 397 1937 l,
431 1888 469 1928 5.
508 1887 572 1927 13.
618 1901 760 1938 quam
803 1885 996 1940 (Epicuri
1028 1885 1255 1940 rationem)
1289 1901 1309 1924 a
1340 1888 1487 1925 nobis
1520 1888 1592 1925 sic
1623 1889 1695 1926 in-

234 1941 464 1995 telliges
498 1945 820 1995 expositam,
852 1948 905 1981 ut
936 1944 992 1981 ab
1023 1944 1182 1995 ipsis,
1216 1944 1298 1994 qui
1323 1956 1427 1981 eam
1452 1942 1694 1995 discipli-

233 2012 345 2036 nam
387 2001 631 2052 probant,
673 2013 773 2037 non
826 1999 1004 2037 soleat
1055 2002 1360 2037 accuratius
1413 1999 1693 2051 explicari.

234 2053 286 2091 de
319 2055 389 2094 Or.
423 2052 457 2105 I,
493 2056 561 2095 58.
593 2055 688 2096 250.
738 2068 1040 2106 quamquam
1091 2057 1192 2106 ipsi
1242 2057 1430 2105 omnia,
1481 2068 1693 2106 quorum

234 2113 506 2160 negotium
539 2117 641 2160 est,
673 2109 920 2149 consulta
950 2110 1008 2147 ad
1042 2123 1132 2148 nos
1165 2116 1215 2148 et
1246 2112 1514 2161 exquisita
1545 2111 1692 2149 defe-

233 2171 355 2203 runt
387 2164 490 2220 (non
523 2168 560 2203 ii
592 2168 716 2217 ipsi,
748 2171 790 2204 ut
822 2168 956 2216 quiuis
989 2165 1056 2203 alii
1098 2164 1406 2219 excludantur).
1448 2166 1500 2204 de
1531 2167 1600 2207 Or.
1634 2164 1691 2217 II,

237 2220 299 2261 14.
322 2221 391 2261 60.
422 2235 551 2272 quae
575 2224 696 2273 ipsi,
725 2223 807 2272 qui
831 2223 1192 2272 scripserunt,
1216 2221 1507 2260 uoluerunt
1539 2222 1691 2274 uulgo

231 2277 493 2328 intelligi.
527 2277 627 2317 ibid.
661 2275 718 2328 II,
751 2278 819 2318 51.
850 2276 944 2317 208.
981 2277 1112 2328 quod
1140 2280 1305 2329 ipsiS,
1339 2281 1421 2330 qui
1453 2278 1690 2329 audiunt,

229 2335 591 2384 perniciosum
626 2340 713 2371 aut
745 2332 879 2372 utile
907 2335 989 2371 sit.
1052 2335 1169 2383 Quod
1212 2340 1347 2372 autem
1381 2334 1432 2372 de
1464 2334 1690 2373 masculino

233 2394 275 2427 et
305 2390 504 2428 feminino
534 2392 789 2441 pronominis
827 2402 980 2439 genere
1020 2390 1145 2440 ualet,
1184 2391 1293 2428 idem
1336 2389 1476 2428 ualere
1515 2403 1690 2429 necesse

229 2449 294 2482 est
326 2445 377 2484 de
407 2459 560 2497 genere
590 2451 751 2484 neutro.
814 2446 942 2483 Recte
974 2448 1099 2497 igitur
1138 2446 1189 2484 de
1220 2448 1320 2498 Leg.
1353 2443 1387 2485 I.
1417 2448 1450 2497 ᾧ.
1483 2446 1552 2486 50.
1585 2447 1688 2485 dici-

227 2506 315 2538 tur:
356 2502 553 2540 idcnim
594 2505 645 2539 in
690 2503 1044 2540 iustissimum
1086 2504 1250 2555 ipsum
1298 2508 1382 2541 est
1430 2504 1687 2540 iustitiae

225 2558 519 2596 mercedem
553 2570 807 2608 quaerere
849 2562 1008 2610 (potest
1047 2561 1156 2597 enim
1198 2572 1273 2610 per
1312 2571 1427 2610 pron.
1467 2560 1686 2596 monstrari

226 2615 290 2662 qui
324 2616 509 2665 sequitur
538 2615 813 2664 infinitiuus),
858 2627 934 2653 nec
966 2619 1102 2653 tamen
1135 2615 1432 2666 repudiandum
1466 2618 1544 2663 est,
1578 2614 1686 2664 quod

225 2667 279 2707 ‹le
309 2669 403 2708 Fin.
437 2666 495 2720 II,
530 2669 598 2710 28.
630 2668 698 2709 93.
734 2670 851 2711 codd.
886 2684 1028 2708 omnes
1060 2678 1227 2709 tenent:
1268 2673 1363 2709 iam
1403 2671 1562 2719 ipsum
1604 2671 1684 2707 ab-

224 2725 436 2763 surdum
482 2727 751 2764 maximum
801 2726 986 2764 malum
1038 2726 1263 2778 negligi.
1336 2726 1531 2775 Sequitur
1576 2727 1683 2763 enim

220 2782 476 2832 infinitiuuS,
517 2782 567 2820 ad
607 2795 726 2833 quein
759 2796 873 2836 pron.
908 2783 1114 2823 reseratur
1145 2788 1186 2821 et
1216 2784 1380 2833 ipsum
1414 2783 1684 2820 maximum
