<?xml version="1.0" encoding="UTF-8"?>
<!DOCTYPE html PUBLIC "-//W3C//DTD XHTML 1.0 Transitional//EN"
    "http://www.w3.org/TR/xhtml1/DTD/xhtml1-transitional.dtd">
<html xmlns="http://www.w3.org/1999/xhtml" xml:lang="en" lang="en">
 <head>
  <title>
</title>
<meta http-equiv="Content-Type" content="text/html;charset=utf-8" />
  <meta name='ocr-system' content='tesseract 3.04.00' />
  <meta name='ocr-capabilities' content='ocr_page ocr_carea ocr_par ocr_line ocrx_word'/>
</head>
<body>
  <div class='ocr_page' id='page_1' title='image "./delegibuslibritr0102ciceuoft_0487.png"; bbox 0 0 1781 3192; ppageno 0'>
   <div class='ocr_carea' id='block_1_1' title="bbox 448 192 1555 261">
    <p class='ocr_par' dir='ltr' id='par_1_1' title="bbox 448 192 1555 261">
     <span class='ocr_line' id='line_1_1' title="bbox 448 192 1555 261; baseline 0 -29"><span class='ocrx_word' id='word_1_1' title='bbox 448 193 603 232; x_wconf 61' lang='lat' dir='ltr'><strong>Limen</strong></span> <span class='ocrx_word' id='word_1_2' title='bbox 638 192 897 233; x_wconf 72' lang='lat' dir='ltr'><strong>TER&#39;riUS.</strong></span> <span class='ocrx_word' id='word_1_3' title='bbox 949 193 1049 232; x_wconf 54' lang='lat' dir='ltr'><strong>civ.</strong></span> <span class='ocrx_word' id='word_1_4' title='bbox 1086 193 1188 234; x_wconf 88' lang='lat' dir='ltr'><strong>Vlll.</strong></span> <span class='ocrx_word' id='word_1_5' title='bbox 1311 234 1321 261; x_wconf 68' lang='lat' dir='ltr'><strong>t</strong></span> <span class='ocrx_word' id='word_1_6' title='bbox 1469 193 1555 232; x_wconf 82' lang='lat'><strong>281</strong></span> 
     </span>
    </p>
   </div>
   <div class='ocr_carea' id='block_1_2' title="bbox 92 301 1563 2681">
    <p class='ocr_par' dir='ltr' id='par_1_2' title="bbox 92 301 1556 741">
     <span class='ocr_line' id='line_1_2' title="bbox 93 301 1553 359; baseline -0.001 -14"><span class='ocrx_word' id='word_1_7' title='bbox 93 312 433 359; x_wconf 82' lang='lat' dir='ltr'><strong>quaesturam</strong></span> <span class='ocrx_word' id='word_1_8' title='bbox 480 301 574 345; x_wconf 84' lang='lat' dir='ltr'><strong>un&#39;a</strong></span> <span class='ocrx_word' id='word_1_9' title='bbox 612 305 778 357; x_wconf 87' lang='lat' dir='ltr'><strong>petiit</strong></span> <span class='ocrx_word' id='word_1_10' title='bbox 817 310 868 343; x_wconf 88' lang='lat' dir='ltr'><strong>et</strong></span> <span class='ocrx_word' id='word_1_11' title='bbox 909 318 1000 356; x_wconf 75' lang='lat' dir='ltr'><strong>ego</strong></span> <span class='ocrx_word' id='word_1_12' title='bbox 1045 307 1223 344; x_wconf 82' lang='lat' dir='ltr'><strong>sactus</strong></span> <span class='ocrx_word' id='word_1_13' title='bbox 1251 317 1355 343; x_wconf 87' lang='lat' dir='ltr'><strong>sum</strong></span> <span class='ocrx_word' id='word_1_14' title='bbox 1389 307 1553 357; x_wconf 84' lang='lat' dir='ltr'><strong>prior.</strong></span> 
     </span>
     <span class='ocr_line' id='line_1_3' title="bbox 93 361 1552 414; baseline -0.001 -12"><span class='ocrx_word' id='word_1_15' title='bbox 93 363 145 402; x_wconf 86' lang='lat' dir='ltr'><strong>de</strong></span> <span class='ocrx_word' id='word_1_16' title='bbox 178 365 255 403; x_wconf 72' lang='grc' dir='ltr'><strong>(ΙΙΙ.</strong></span> <span class='ocrx_word' id='word_1_17' title='bbox 285 365 316 414; x_wconf 88' lang='grc' dir='ltr'><strong>Ι,</strong></span> <span class='ocrx_word' id='word_1_18' title='bbox 349 363 416 404; x_wconf 56' lang='grc'><strong>34.</strong></span> <span class='ocrx_word' id='word_1_19' title='bbox 457 363 549 404; x_wconf 87' lang='grc'><strong>122.</strong></span> <span class='ocrx_word' id='word_1_20' title='bbox 590 362 808 401; x_wconf 76' lang='lat' dir='ltr'><strong>maxime</strong></span> <span class='ocrx_word' id='word_1_21' title='bbox 840 367 1005 399; x_wconf 80' lang='lat' dir='ltr'><strong>autem</strong></span> <span class='ocrx_word' id='word_1_22' title='bbox 1042 363 1169 401; x_wconf 81' lang='lat' dir='ltr'><strong>baec</strong></span> <span class='ocrx_word' id='word_1_23' title='bbox 1200 367 1346 400; x_wconf 78' lang='lat' dir='ltr'><strong>aetas</strong></span> <span class='ocrx_word' id='word_1_24' title='bbox 1378 376 1398 399; x_wconf 85' lang='lat' dir='ltr'><strong>a</strong></span> <span class='ocrx_word' id='word_1_25' title='bbox 1428 361 1552 401; x_wconf 89' lang='lat' dir='ltr'><strong>libi·</strong></span> 
     </span>
     <span class='ocr_line' id='line_1_4' title="bbox 95 415 1552 472; baseline -0.002 -13"><span class='ocrx_word' id='word_1_26' title='bbox 95 421 309 459; x_wconf 85' lang='lat' dir='ltr'><strong>dinibus</strong></span> <span class='ocrx_word' id='word_1_27' title='bbox 342 419 569 458; x_wconf 87' lang='lat' dir='ltr'><strong>arcenda</strong></span> <span class='ocrx_word' id='word_1_28' title='bbox 609 424 693 457; x_wconf 90' lang='lat' dir='ltr'><strong>est</strong></span> <span class='ocrx_word' id='word_1_29' title='bbox 733 441 786 446; x_wconf 71' lang='lat'><em>—</em></span> <span class='ocrx_word' id='word_1_30' title='bbox 828 423 879 456; x_wconf 90' lang='lat' dir='ltr'><strong>ut</strong></span> <span class='ocrx_word' id='word_1_31' title='bbox 921 431 1090 457; x_wconf 84' lang='lat' dir='ltr'><strong>eorum</strong></span> <span class='ocrx_word' id='word_1_32' title='bbox 1132 417 1216 472; x_wconf 89' lang='lat' dir='ltr'><strong>(sc.</strong></span> <span class='ocrx_word' id='word_1_33' title='bbox 1246 415 1464 472; x_wconf 89' lang='lat' dir='ltr'><strong>iuuenum)</strong></span> <span class='ocrx_word' id='word_1_34' title='bbox 1498 442 1552 448; x_wconf 90' lang='lat'><strong>—-</strong></span> 
     </span>
     <span class='ocr_line' id='line_1_5' title="bbox 96 471 1556 528; baseline -0.001 -13"><span class='ocrx_word' id='word_1_35' title='bbox 96 479 276 528; x_wconf 81' lang='lat' dir='ltr'><strong>uigeat</strong></span> <span class='ocrx_word' id='word_1_36' title='bbox 327 476 607 514; x_wconf 72' lang='lat' dir='ltr'><strong>industria.</strong></span> <span class='ocrx_word' id='word_1_37' title='bbox 655 474 704 513; x_wconf 85' lang='lat' dir='ltr'><strong>ad</strong></span> <span class='ocrx_word' id='word_1_38' title='bbox 753 476 868 513; x_wconf 78' lang='lat' dir='ltr'><strong>Fam.</strong></span> <span class='ocrx_word' id='word_1_39' title='bbox 913 471 954 524; x_wconf 89' lang='lat' dir='ltr'><strong>I,</strong></span> <span class='ocrx_word' id='word_1_40' title='bbox 995 475 1032 516; x_wconf 80' lang='grc'><strong>9.</strong></span> <span class='ocrx_word' id='word_1_41' title='bbox 1079 476 1138 516; x_wconf 77' lang='grc'><strong>15.</strong></span> <span class='ocrx_word' id='word_1_42' title='bbox 1188 476 1405 526; x_wconf 86' lang='lat' dir='ltr'><strong>primum</strong></span> <span class='ocrx_word' id='word_1_43' title='bbox 1457 475 1556 514; x_wconf 90' lang='lat' dir='ltr'><strong>illa</strong></span> 
     </span>
     <span class='ocr_line' id='line_1_6' title="bbox 94 530 1555 583; baseline -0.001 -12"><span class='ocrx_word' id='word_1_44' title='bbox 94 534 233 571; x_wconf 81' lang='lat' dir='ltr'><strong>suria</strong></span> <span class='ocrx_word' id='word_1_45' title='bbox 289 532 636 570; x_wconf 79' lang='lat' dir='ltr'>muliebrium</span> <span class='ocrx_word' id='word_1_46' title='bbox 697 530 1055 581; x_wconf 70' lang='lat' dir='ltr'>religionum,</span> <span class='ocrx_word' id='word_1_47' title='bbox 1107 533 1188 582; x_wconf 85' lang='lat' dir='ltr'><strong>qui</strong></span> <span class='ocrx_word' id='word_1_48' title='bbox 1242 544 1338 569; x_wconf 92' lang='lat' dir='ltr'><strong>non</strong></span> <span class='ocrx_word' id='word_1_49' title='bbox 1385 530 1555 583; x_wconf 71' lang='lat' dir='ltr'><strong>pluris</strong></span> 
     </span>
     <span class='ocr_line' id='line_1_7' title="bbox 96 588 1555 640; baseline -0.001 -13"><span class='ocrx_word' id='word_1_50' title='bbox 96 590 305 627; x_wconf 79' lang='lat' dir='ltr'><strong>fecerat</strong></span> <span class='ocrx_word' id='word_1_51' title='bbox 338 589 516 626; x_wconf 82' lang='lat' dir='ltr'><strong>Bonam</strong></span> <span class='ocrx_word' id='word_1_52' title='bbox 554 589 715 626; x_wconf 85' lang='lat' dir='ltr'><strong>Deam.</strong></span> <span class='ocrx_word' id='word_1_53' title='bbox 759 601 831 639; x_wconf 86' lang='lat' dir='ltr'><strong>pro</strong></span> <span class='ocrx_word' id='word_1_54' title='bbox 865 589 970 627; x_wconf 72' lang='lat' dir='ltr'><strong>Sest.</strong></span> <span class='ocrx_word' id='word_1_55' title='bbox 1011 590 1081 639; x_wconf 81' lang='lat'><strong>¹7,</strong></span> <span class='ocrx_word' id='word_1_56' title='bbox 1114 588 1182 629; x_wconf 63' lang='grc'><strong>38.</strong></span> <span class='ocrx_word' id='word_1_57' title='bbox 1226 588 1325 626; x_wconf 86' lang='grc' dir='ltr'><strong>(Ιιιο</strong></span> <span class='ocrx_word' id='word_1_58' title='bbox 1364 589 1555 640; x_wconf 86' lang='lat' dir='ltr'><strong>impor-</strong></span> 
     </span>
     <span class='ocr_line' id='line_1_8' title="bbox 95 644 1555 696; baseline 0 -13"><span class='ocrx_word' id='word_1_59' title='bbox 95 650 215 683; x_wconf 87' lang='lat' dir='ltr'><strong>tuna</strong></span> <span class='ocrx_word' id='word_1_60' title='bbox 256 644 527 696; x_wconf 80' lang='lat' dir='ltr'><strong>prodigia,</strong></span> <span class='ocrx_word' id='word_1_61' title='bbox 578 658 705 696; x_wconf 87' lang='lat' dir='ltr'><strong>quos</strong></span> <span class='ocrx_word' id='word_1_62' title='bbox 745 651 958 696; x_wconf 79' lang='lat' dir='ltr'><strong>egestas</strong></span> <span class='ocrx_word' id='word_1_63' title='bbox 998 667 1052 674; x_wconf 93' lang='lat'>—</span> <span class='ocrx_word' id='word_1_64' title='bbox 1093 645 1428 684; x_wconf 88' lang='lat' dir='ltr'><strong>constrictos</strong></span> <span class='ocrx_word' id='word_1_65' title='bbox 1472 644 1555 683; x_wconf 81' lang='lat' dir='ltr'><strong>ad-</strong></span> 
     </span>
     <span class='ocr_line' id='line_1_9' title="bbox 92 700 1058 741; baseline 0.001 -2"><span class='ocrx_word' id='word_1_66' title='bbox 92 700 315 741; x_wconf 80' lang='lat' dir='ltr'><strong>dixerat.</strong></span> <span class='ocrx_word' id='word_1_67' title='bbox 1055 706 1058 709; x_wconf 88' lang='lat'>&#39;</span> 
     </span>
    </p>

    <p class='ocr_par' dir='ltr' id='par_1_3' title="bbox 92 767 1563 2681">
     <span class='ocr_line' id='line_1_10' title="bbox 207 767 1559 820; baseline 0 -14"><span class='ocrx_word' id='word_1_68' title='bbox 207 769 445 820; x_wconf 83' lang='lat' dir='ltr'><strong>necatus]</strong></span> <span class='ocrx_word' id='word_1_69' title='bbox 508 768 673 807; x_wconf 80' lang='lat' dir='ltr'><strong>Codicis</strong></span> <span class='ocrx_word' id='word_1_70' title='bbox 715 769 824 808; x_wconf 83' lang='lat' dir='ltr'>arch.</span> <span class='ocrx_word' id='word_1_71' title='bbox 869 770 1110 820; x_wconf 80' lang='lat' dir='ltr'><strong>scripturam</strong></span> <span class='ocrx_word' id='word_1_72' title='bbox 1150 767 1370 819; x_wconf 71' lang='lat' dir='ltr'><strong>legatus</strong></span> <span class='ocrx_word' id='word_1_73' title='bbox 1401 768 1467 819; x_wconf 89' lang='lat' dir='ltr'><strong>qui</strong></span> <span class='ocrx_word' id='word_1_74' title='bbox 1502 769 1559 806; x_wconf 86' lang='lat' dir='ltr'><strong>ita</strong></span> 
     </span>
     <span class='ocr_line' id='line_1_11' title="bbox 96 823 1557 877; baseline 0 -15"><span class='ocrx_word' id='word_1_75' title='bbox 96 824 391 875; x_wconf 81' lang='lat' dir='ltr'><strong>defenderunt,</strong></span> <span class='ocrx_word' id='word_1_76' title='bbox 426 831 469 863; x_wconf 92' lang='lat' dir='ltr'><strong>ut</strong></span> <span class='ocrx_word' id='word_1_77' title='bbox 500 824 681 877; x_wconf 75' lang='lat' dir='ltr'><strong>legare</strong></span> <span class='ocrx_word' id='word_1_78' title='bbox 712 827 847 876; x_wconf 78' lang='lat' dir='ltr'>prisce</span> <span class='ocrx_word' id='word_1_79' title='bbox 876 838 951 877; x_wconf 88' lang='lat' dir='ltr'><strong>pro</strong></span> <span class='ocrx_word' id='word_1_80' title='bbox 985 824 1280 876; x_wconf 81' lang='lat' dir='ltr'><strong>ablegando</strong></span> <span class='ocrx_word' id='word_1_81' title='bbox 1311 826 1409 877; x_wconf 89' lang='lat' dir='ltr'><strong>poni</strong></span> <span class='ocrx_word' id='word_1_82' title='bbox 1442 823 1557 863; x_wconf 87' lang='lat' dir='ltr'><strong>dice-</strong></span> 
     </span>
     <span class='ocr_line' id='line_1_12' title="bbox 94 880 1556 934; baseline -0.001 -14"><span class='ocrx_word' id='word_1_83' title='bbox 94 887 211 931; x_wconf 81' lang='lat' dir='ltr'><strong>rent,</strong></span> <span class='ocrx_word' id='word_1_84' title='bbox 248 895 324 919; x_wconf 89' lang='lat' dir='ltr'><strong>nec</strong></span> <span class='ocrx_word' id='word_1_85' title='bbox 363 882 439 920; x_wconf 89' lang='lat' dir='ltr'><strong>hoc</strong></span> <span class='ocrx_word' id='word_1_86' title='bbox 481 884 612 933; x_wconf 87' lang='lat' dir='ltr'><strong>ipsum</strong></span> <span class='ocrx_word' id='word_1_87' title='bbox 656 881 853 934; x_wconf 67' lang='lat' dir='ltr'><strong>exemplis</strong></span> <span class='ocrx_word' id='word_1_88' title='bbox 891 884 1209 933; x_wconf 80' lang='lat' dir='ltr'><strong>comprobarunt</strong></span> <span class='ocrx_word' id='word_1_89' title='bbox 1239 894 1316 919; x_wconf 93' lang='lat' dir='ltr'><strong>nec</strong></span> <span class='ocrx_word' id='word_1_90' title='bbox 1349 880 1449 920; x_wconf 92' lang='lat' dir='ltr'><strong>illud</strong></span> <span class='ocrx_word' id='word_1_91' title='bbox 1482 881 1556 918; x_wconf 90' lang='lat' dir='ltr'><strong>de-</strong></span> 
     </span>
     <span class='ocr_line' id='line_1_13' title="bbox 97 937 1556 991; baseline -0.001 -14"><span class='ocrx_word' id='word_1_92' title='bbox 97 942 376 977; x_wconf 81' lang='lat' dir='ltr'><strong>monstrarunt</strong></span> <span class='ocrx_word' id='word_1_93' title='bbox 406 937 685 991; x_wconf 77' lang='lat' dir='ltr'><strong>ablegandi</strong></span> <span class='ocrx_word' id='word_1_94' title='bbox 721 940 890 976; x_wconf 90' lang='lat' dir='ltr'><strong>uerbum</strong></span> <span class='ocrx_word' id='word_1_95' title='bbox 924 939 1018 976; x_wconf 89' lang='lat' dir='ltr'><strong>huic</strong></span> <span class='ocrx_word' id='word_1_96' title='bbox 1049 938 1138 976; x_wconf 79' lang='lat' dir='ltr'><strong>loro</strong></span> <span class='ocrx_word' id='word_1_97' title='bbox 1161 939 1401 976; x_wconf 88' lang='lat' dir='ltr'><strong>conuenire.</strong></span> <span class='ocrx_word' id='word_1_98' title='bbox 1454 938 1556 976; x_wconf 79' lang='lat' dir='ltr'><strong>Nam</strong></span> 
     </span>
     <span class='ocr_line' id='line_1_14' title="bbox 93 993 1558 1044; baseline -0.001 -12"><span class='ocrx_word' id='word_1_99' title='bbox 93 994 410 1033; x_wconf 87' lang='lat' dir='ltr'><strong>remouendi</strong></span> <span class='ocrx_word' id='word_1_100' title='bbox 445 996 524 1033; x_wconf 91' lang='lat' dir='ltr'><strong>uim</strong></span> <span class='ocrx_word' id='word_1_101' title='bbox 564 1009 652 1034; x_wconf 90' lang='lat' dir='ltr'><strong>cum</strong></span> <span class='ocrx_word' id='word_1_102' title='bbox 700 995 871 1044; x_wconf 85' lang='lat' dir='ltr'><strong>habeat,</strong></span> <span class='ocrx_word' id='word_1_103' title='bbox 913 1008 992 1032; x_wconf 92' lang='lat' dir='ltr'><strong>non</strong></span> <span class='ocrx_word' id='word_1_104' title='bbox 1034 993 1423 1044; x_wconf 81' lang='lat' dir='ltr'><strong>interimendi,</strong></span> <span class='ocrx_word' id='word_1_105' title='bbox 1462 993 1558 1032; x_wconf 87' lang='lat' dir='ltr'><strong>addi</strong></span> 
     </span>
     <span class='ocr_line' id='line_1_15' title="bbox 94 1048 1555 1104; baseline -0.002 -14"><span class='ocrx_word' id='word_1_106' title='bbox 94 1065 267 1090; x_wconf 88' lang='lat' dir='ltr'><strong>necesse</strong></span> <span class='ocrx_word' id='word_1_107' title='bbox 300 1051 394 1101; x_wconf 86' lang='lat' dir='ltr'><strong>suit,</strong></span> <span class='ocrx_word' id='word_1_108' title='bbox 425 1064 503 1102; x_wconf 87' lang='lat' dir='ltr'><strong>quo</strong></span> <span class='ocrx_word' id='word_1_109' title='bbox 535 1065 636 1102; x_wconf 89' lang='lat' dir='ltr'><strong>puer</strong></span> <span class='ocrx_word' id='word_1_110' title='bbox 667 1051 947 1101; x_wconf 81' lang='lat' dir='ltr'><strong>ablegaretur,</strong></span> <span class='ocrx_word' id='word_1_111' title='bbox 988 1050 1104 1088; x_wconf 87' lang='lat' dir='ltr'><strong>uelut</strong></span> <span class='ocrx_word' id='word_1_112' title='bbox 1145 1052 1184 1088; x_wconf 91' lang='lat' dir='ltr'><strong>in</strong></span> <span class='ocrx_word' id='word_1_113' title='bbox 1217 1052 1399 1088; x_wconf 76' lang='lat' dir='ltr'><strong>Tiberim</strong></span> <span class='ocrx_word' id='word_1_114' title='bbox 1439 1048 1555 1104; x_wconf 89' lang='lat' dir='ltr'><strong>(nam</strong></span> 
     </span>
     <span class='ocr_line' id='line_1_16' title="bbox 93 1105 1558 1157; baseline -0.002 -10"><span class='ocrx_word' id='word_1_115' title='bbox 93 1121 253 1147; x_wconf 87' lang='lat' dir='ltr'><strong>mersos</strong></span> <span class='ocrx_word' id='word_1_116' title='bbox 285 1121 377 1146; x_wconf 87' lang='lat' dir='ltr'><strong>esse</strong></span> <span class='ocrx_word' id='word_1_117' title='bbox 408 1106 565 1146; x_wconf 87' lang='lat' dir='ltr'><strong>debiles</strong></span> <span class='ocrx_word' id='word_1_118' title='bbox 597 1113 932 1157; x_wconf 87' lang='lat' dir='ltr'><strong>monstrososque</strong></span> <span class='ocrx_word' id='word_1_119' title='bbox 962 1106 1119 1144; x_wconf 91' lang='lat' dir='ltr'><strong>liberos</strong></span> <span class='ocrx_word' id='word_1_120' title='bbox 1148 1107 1305 1145; x_wconf 84' lang='lat' dir='ltr'><strong>Seneca</strong></span> <span class='ocrx_word' id='word_1_121' title='bbox 1346 1105 1474 1144; x_wconf 87' lang='lat' dir='ltr'><strong>tradit</strong></span> <span class='ocrx_word' id='word_1_122' title='bbox 1505 1106 1558 1144; x_wconf 89' lang='lat' dir='ltr'><strong>de</strong></span> 
     </span>
     <span class='ocr_line' id='line_1_17' title="bbox 93 1160 1556 1217; baseline -0.003 -14"><span class='ocrx_word' id='word_1_123' title='bbox 93 1161 161 1203; x_wconf 87' lang='lat' dir='ltr'><strong>Ira</strong></span> <span class='ocrx_word' id='word_1_124' title='bbox 195 1160 229 1214; x_wconf 87' lang='lat' dir='ltr'><strong>I,</strong></span> <span class='ocrx_word' id='word_1_125' title='bbox 267 1163 374 1217; x_wconf 80' lang='grc'><strong>15.),</strong></span> <span class='ocrx_word' id='word_1_126' title='bbox 407 1169 450 1202; x_wconf 91' lang='lat' dir='ltr'><strong>ut</strong></span> <span class='ocrx_word' id='word_1_127' title='bbox 481 1163 708 1214; x_wconf 84' lang='lat' dir='ltr'><strong>ablegando</strong></span> <span class='ocrx_word' id='word_1_128' title='bbox 741 1165 953 1201; x_wconf 85' lang='lat' dir='ltr'><strong>interitum</strong></span> <span class='ocrx_word' id='word_1_129' title='bbox 986 1174 1081 1200; x_wconf 80' lang='lat' dir='ltr'><strong>esse</strong></span> <span class='ocrx_word' id='word_1_130' title='bbox 1112 1168 1296 1214; x_wconf 88' lang='lat' dir='ltr'><strong>paratum</strong></span> <span class='ocrx_word' id='word_1_131' title='bbox 1339 1161 1556 1213; x_wconf 83' lang='lat' dir='ltr'><strong>intellige-</strong></span> 
     </span>
     <span class='ocr_line' id='line_1_18' title="bbox 93 1218 1557 1271; baseline -0.002 -12"><span class='ocrx_word' id='word_1_132' title='bbox 93 1227 232 1269; x_wconf 88' lang='lat' dir='ltr'><strong>retur;</strong></span> <span class='ocrx_word' id='word_1_133' title='bbox 263 1234 354 1258; x_wconf 83' lang='lat' dir='ltr'><strong>nam</strong></span> <span class='ocrx_word' id='word_1_134' title='bbox 387 1221 451 1271; x_wconf 90' lang='lat' dir='ltr'><strong>qui</strong></span> <span class='ocrx_word' id='word_1_135' title='bbox 482 1224 695 1258; x_wconf 85' lang='lat' dir='ltr'><strong>recreatur</strong></span> <span class='ocrx_word' id='word_1_136' title='bbox 727 1224 769 1257; x_wconf 87' lang='lat' dir='ltr'><strong>et</strong></span> <span class='ocrx_word' id='word_1_137' title='bbox 800 1218 934 1257; x_wconf 90' lang='lat' dir='ltr'><strong>denuo</strong></span> <span class='ocrx_word' id='word_1_138' title='bbox 966 1220 1162 1268; x_wconf 87' lang='lat' dir='ltr'><strong>nascitur,</strong></span> <span class='ocrx_word' id='word_1_139' title='bbox 1205 1232 1294 1257; x_wconf 90' lang='lat' dir='ltr'><strong>eum</strong></span> <span class='ocrx_word' id='word_1_140' title='bbox 1331 1220 1557 1269; x_wconf 90' lang='lat' dir='ltr'><strong>interiisse,</strong></span> 
     </span>
     <span class='ocr_line' id='line_1_19' title="bbox 94 1275 1559 1326; baseline -0.003 -10"><span class='ocrx_word' id='word_1_141' title='bbox 94 1290 174 1316; x_wconf 93' lang='lat' dir='ltr'><strong>non</strong></span> <span class='ocrx_word' id='word_1_142' title='bbox 216 1275 338 1315; x_wconf 86' lang='lat' dir='ltr'><strong>modo</strong></span> <span class='ocrx_word' id='word_1_143' title='bbox 374 1281 575 1314; x_wconf 89' lang='lat' dir='ltr'><strong>remotum</strong></span> <span class='ocrx_word' id='word_1_144' title='bbox 618 1288 710 1313; x_wconf 89' lang='lat' dir='ltr'><strong>esse</strong></span> <span class='ocrx_word' id='word_1_145' title='bbox 761 1287 937 1314; x_wconf 87' lang='lat' dir='ltr'><strong>necesse</strong></span> <span class='ocrx_word' id='word_1_146' title='bbox 984 1279 1060 1316; x_wconf 88' lang='lat' dir='ltr'><strong>est.</strong></span> <span class='ocrx_word' id='word_1_147' title='bbox 1129 1276 1269 1326; x_wconf 86' lang='lat' dir='ltr'><strong>ltaque</strong></span> <span class='ocrx_word' id='word_1_148' title='bbox 1319 1288 1370 1313; x_wconf 90' lang='lat' dir='ltr'><strong>ne</strong></span> <span class='ocrx_word' id='word_1_149' title='bbox 1416 1276 1559 1314; x_wconf 78' lang='lat' dir='ltr'><strong>Ani-ati</strong></span> 
     </span>
     <span class='ocr_line' id='line_1_20' title="bbox 95 1331 1560 1385; baseline -0.001 -13"><span class='ocrx_word' id='word_1_150' title='bbox 95 1333 258 1385; x_wconf 87' lang='lat' dir='ltr'><strong>quidem</strong></span> <span class='ocrx_word' id='word_1_151' title='bbox 312 1334 550 1372; x_wconf 88' lang='lat' dir='ltr'><strong>coniectura</strong></span> <span class='ocrx_word' id='word_1_152' title='bbox 596 1331 890 1382; x_wconf 80' lang='lat' dir='ltr'><strong>ablegatus</strong></span> <span class='ocrx_word' id='word_1_153' title='bbox 910 1360 924 1382; x_wconf 85' lang='lat'><strong>,</strong></span> <span class='ocrx_word' id='word_1_154' title='bbox 975 1344 1078 1382; x_wconf 88' lang='lat' dir='ltr'><strong>quae</strong></span> <span class='ocrx_word' id='word_1_155' title='bbox 1132 1333 1262 1370; x_wconf 85' lang='lat' dir='ltr'><strong>Lbino</strong></span> <span class='ocrx_word' id='word_1_156' title='bbox 1309 1331 1464 1384; x_wconf 87' lang='lat' dir='ltr'><strong>placuit</strong></span> <span class='ocrx_word' id='word_1_157' title='bbox 1517 1337 1560 1370; x_wconf 89' lang='lat' dir='ltr'><strong>et</strong></span> 
     </span>
     <span class='ocr_line' id='line_1_21' title="bbox 92 1388 1560 1440; baseline -0.001 -13"><span class='ocrx_word' id='word_1_158' title='bbox 92 1390 308 1439; x_wconf 80' lang='lat' dir='ltr'><strong>Emestio,</strong></span> <span class='ocrx_word' id='word_1_159' title='bbox 339 1388 564 1440; x_wconf 90' lang='lat' dir='ltr'><strong>probabilis</strong></span> <span class='ocrx_word' id='word_1_160' title='bbox 603 1394 682 1427; x_wconf 90' lang='lat' dir='ltr'><strong>est.</strong></span> <span class='ocrx_word' id='word_1_161' title='bbox 752 1390 879 1437; x_wconf 78' lang='lat' dir='ltr'><strong>Quam</strong></span> <span class='ocrx_word' id='word_1_162' title='bbox 919 1401 967 1426; x_wconf 90' lang='lat' dir='ltr'><strong>eo</strong></span> <span class='ocrx_word' id='word_1_163' title='bbox 1008 1390 1131 1426; x_wconf 85' lang='lat' dir='ltr'><strong>etiam</strong></span> <span class='ocrx_word' id='word_1_164' title='bbox 1172 1389 1307 1426; x_wconf 89' lang='lat' dir='ltr'><strong>minus</strong></span> <span class='ocrx_word' id='word_1_165' title='bbox 1346 1401 1422 1439; x_wconf 77' lang='lat' dir='ltr'><strong>ego</strong></span> <span class='ocrx_word' id='word_1_166' title='bbox 1461 1401 1560 1440; x_wconf 90' lang='lat' dir='ltr'><strong>pro-</strong></span> 
     </span>
     <span class='ocr_line' id='line_1_22' title="bbox 94 1443 1557 1495; baseline -0.001 -12"><span class='ocrx_word' id='word_1_167' title='bbox 94 1445 303 1493; x_wconf 87' lang='lat' dir='ltr'><strong>bauerim,</strong></span> <span class='ocrx_word' id='word_1_168' title='bbox 343 1446 434 1495; x_wconf 90' lang='lat' dir='ltr'><strong>quia</strong></span> <span class='ocrx_word' id='word_1_169' title='bbox 476 1458 497 1481; x_wconf 87' lang='lat' dir='ltr'><strong>a</strong></span> <span class='ocrx_word' id='word_1_170' title='bbox 537 1444 740 1482; x_wconf 84' lang='lat' dir='ltr'><strong>Cicerone</strong></span> <span class='ocrx_word' id='word_1_171' title='bbox 781 1446 984 1495; x_wconf 86' lang='lat' dir='ltr'><strong>antiquam</strong></span> <span class='ocrx_word' id='word_1_172' title='bbox 1026 1444 1098 1481; x_wconf 86' lang='lat' dir='ltr'><strong>XlI</strong></span> <span class='ocrx_word' id='word_1_173' title='bbox 1137 1443 1362 1482; x_wconf 87' lang='lat' dir='ltr'><strong>tabularum</strong></span> <span class='ocrx_word' id='word_1_174' title='bbox 1415 1457 1557 1482; x_wconf 88' lang='lat' dir='ltr'><strong>uocem</strong></span> 
     </span>
     <span class='ocr_line' id='line_1_23' title="bbox 97 1499 1554 1552; baseline -0.001 -13"><span class='ocrx_word' id='word_1_175' title='bbox 97 1505 298 1540; x_wconf 84' lang='lat' dir='ltr'><strong>retentam</strong></span> <span class='ocrx_word' id='word_1_176' title='bbox 332 1513 425 1538; x_wconf 88' lang='lat' dir='ltr'><strong>esse</strong></span> <span class='ocrx_word' id='word_1_177' title='bbox 457 1514 597 1552; x_wconf 88' lang='lat' dir='ltr'><strong>parum</strong></span> <span class='ocrx_word' id='word_1_178' title='bbox 631 1499 841 1551; x_wconf 68' lang='lat' dir='ltr'><strong>probabile</strong></span> <span class='ocrx_word' id='word_1_179' title='bbox 874 1506 960 1548; x_wconf 86' lang='lat' dir='ltr'><strong>est3</strong></span> <span class='ocrx_word' id='word_1_180' title='bbox 993 1513 1084 1538; x_wconf 86' lang='lat' dir='ltr'><strong>nam</strong></span> <span class='ocrx_word' id='word_1_181' title='bbox 1118 1514 1170 1539; x_wconf 86' lang='lat' dir='ltr'><strong>ne</strong></span> <span class='ocrx_word' id='word_1_182' title='bbox 1202 1500 1357 1551; x_wconf 83' lang='lat' dir='ltr'><strong>reliqua</strong></span> <span class='ocrx_word' id='word_1_183' title='bbox 1390 1500 1554 1552; x_wconf 85' lang='lat' dir='ltr'><strong>quidem</strong></span> 
     </span>
     <span class='ocr_line' id='line_1_24' title="bbox 98 1556 1554 1608; baseline -0.001 -12"><span class='ocrx_word' id='word_1_184' title='bbox 98 1558 222 1596; x_wconf 86' lang='lat' dir='ltr'><strong>uerba</strong></span> <span class='ocrx_word' id='word_1_185' title='bbox 251 1558 487 1608; x_wconf 79' lang='lat' dir='ltr'><strong>insignis</strong></span> <span class='ocrx_word' id='word_1_186' title='bbox 519 1556 574 1594; x_wconf 90' lang='lat' dir='ltr'><strong>ad</strong></span> <span class='ocrx_word' id='word_1_187' title='bbox 608 1556 1010 1595; x_wconf 84' lang='lat' dir='ltr'><strong>deformitatem</strong></span> <span class='ocrx_word' id='word_1_188' title='bbox 1054 1570 1184 1608; x_wconf 90' lang='lat' dir='ltr'><strong>puer</strong></span> <span class='ocrx_word' id='word_1_189' title='bbox 1219 1557 1287 1595; x_wconf 84' lang='lat' dir='ltr'><strong>Xll</strong></span> <span class='ocrx_word' id='word_1_190' title='bbox 1327 1557 1554 1596; x_wconf 86' lang='lat' dir='ltr'><strong>tabularum</strong></span> 
     </span>
     <span class='ocr_line' id='line_1_25' title="bbox 98 1613 1557 1666; baseline 0 -14"><span class='ocrx_word' id='word_1_191' title='bbox 98 1626 192 1652; x_wconf 85' lang='lat' dir='ltr'><strong>esse</strong></span> <span class='ocrx_word' id='word_1_192' title='bbox 222 1617 352 1665; x_wconf 86' lang='lat' dir='ltr'><strong>patet.</strong></span> <span class='ocrx_word' id='word_1_193' title='bbox 412 1613 595 1664; x_wconf 87' lang='lat' dir='ltr'><strong>Eamque</strong></span> <span class='ocrx_word' id='word_1_194' title='bbox 628 1614 754 1664; x_wconf 84' lang='lat' dir='ltr'><strong>ipsam</strong></span> <span class='ocrx_word' id='word_1_195' title='bbox 788 1615 837 1651; x_wconf 91' lang='lat' dir='ltr'><strong>ob</strong></span> <span class='ocrx_word' id='word_1_196' title='bbox 870 1626 1032 1651; x_wconf 87' lang='lat' dir='ltr'><strong>causam</strong></span> <span class='ocrx_word' id='word_1_197' title='bbox 1066 1626 1142 1652; x_wconf 90' lang='lat' dir='ltr'><strong>nec</strong></span> <span class='ocrx_word' id='word_1_198' title='bbox 1172 1613 1380 1652; x_wconf 82' lang='lat' dir='ltr'><strong>l&#39;etatus</strong></span> <span class='ocrx_word' id='word_1_199' title='bbox 1412 1616 1557 1666; x_wconf 76' lang='lat' dir='ltr'><strong>prohO,</strong></span> 
     </span>
     <span class='ocr_line' id='line_1_26' title="bbox 98 1669 1560 1722; baseline -0.001 -14"><span class='ocrx_word' id='word_1_200' title='bbox 98 1669 208 1722; x_wconf 85' lang='lat' dir='ltr'><strong>quod</strong></span> <span class='ocrx_word' id='word_1_201' title='bbox 257 1669 307 1707; x_wconf 91' lang='lat' dir='ltr'><strong>de</strong></span> <span class='ocrx_word' id='word_1_202' title='bbox 349 1669 517 1707; x_wconf 86' lang='lat' dir='ltr'><strong>Gruteri</strong></span> <span class='ocrx_word' id='word_1_203' title='bbox 569 1671 804 1707; x_wconf 78' lang='lat' dir='ltr'><strong>coniectura</strong></span> <span class='ocrx_word' id='word_1_204' title='bbox 846 1670 969 1708; x_wconf 88' lang='lat' dir='ltr'><strong>Goer.</strong></span> <span class='ocrx_word' id='word_1_205' title='bbox 1013 1669 1111 1708; x_wconf 70' lang='lat' dir='ltr'><strong>Seli.</strong></span> <span class='ocrx_word' id='word_1_206' title='bbox 1152 1671 1261 1709; x_wconf 57' lang='lat' dir='ltr'><strong>Mo...</strong></span> <span class='ocrx_word' id='word_1_207' title='bbox 1302 1672 1560 1722; x_wconf 84' lang='lat' dir='ltr'><strong>scripserunt</strong></span> 
     </span>
     <span class='ocr_line' id='line_1_27' title="bbox 99 1724 1558 1778; baseline 0 -13"><span class='ocrx_word' id='word_1_208' title='bbox 99 1739 178 1765; x_wconf 88' lang='lat' dir='ltr'><strong>nec</strong></span> <span class='ocrx_word' id='word_1_209' title='bbox 207 1724 318 1764; x_wconf 89' lang='lat' dir='ltr'><strong>leto</strong></span> <span class='ocrx_word' id='word_1_210' title='bbox 351 1725 532 1775; x_wconf 82' lang='lat' dir='ltr'><strong>datus,</strong></span> <span class='ocrx_word' id='word_1_211' title='bbox 573 1726 679 1776; x_wconf 85' lang='lat' dir='ltr'><strong>quod</strong></span> <span class='ocrx_word' id='word_1_212' title='bbox 712 1724 890 1763; x_wconf 76' lang='lat' dir='ltr'><strong>Oxellius</strong></span> <span class='ocrx_word' id='word_1_213' title='bbox 917 1727 1117 1774; x_wconf 82' lang='lat' dir='ltr'><strong>coniecit3</strong></span> <span class='ocrx_word' id='word_1_214' title='bbox 1159 1728 1420 1778; x_wconf 86' lang='lat' dir='ltr'><strong>omniumque</strong></span> <span class='ocrx_word' id='word_1_215' title='bbox 1458 1740 1558 1765; x_wconf 89' lang='lat' dir='ltr'><strong>con—</strong></span> 
     </span>
     <span class='ocr_line' id='line_1_28' title="bbox 97 1781 1558 1834; baseline 0 -13"><span class='ocrx_word' id='word_1_216' title='bbox 97 1785 346 1822; x_wconf 89' lang='lat' dir='ltr'><strong>iecturarum</strong></span> <span class='ocrx_word' id='word_1_217' title='bbox 380 1783 553 1820; x_wconf 71' lang='lat' dir='ltr'><strong>maxime</strong></span> <span class='ocrx_word' id='word_1_218' title='bbox 587 1783 684 1820; x_wconf 80' lang='lat' dir='ltr'><strong>mihi</strong></span> <span class='ocrx_word' id='word_1_219' title='bbox 728 1781 893 1820; x_wconf 83' lang='lat' dir='ltr'><strong>uidetur</strong></span> <span class='ocrx_word' id='word_1_220' title='bbox 930 1782 1154 1833; x_wconf 85' lang='lat' dir='ltr'><strong>probabilis</strong></span> <span class='ocrx_word' id='word_1_221' title='bbox 1192 1796 1284 1821; x_wconf 76' lang='lat' dir='ltr'><strong>esse</strong></span> <span class='ocrx_word' id='word_1_222' title='bbox 1326 1797 1396 1834; x_wconf 87' lang='lat' dir='ltr'><strong>ea,</strong></span> <span class='ocrx_word' id='word_1_223' title='bbox 1438 1797 1558 1834; x_wconf 85' lang='lat' dir='ltr'><strong>quam</strong></span> 
     </span>
     <span class='ocr_line' id='line_1_29' title="bbox 97 1838 1558 1890; baseline 0 -12"><span class='ocrx_word' id='word_1_224' title='bbox 97 1839 306 1878; x_wconf 86' lang='lat' dir='ltr'><strong>Puteanus</strong></span> <span class='ocrx_word' id='word_1_225' title='bbox 347 1845 389 1877; x_wconf 90' lang='lat' dir='ltr'><strong>et</strong></span> <span class='ocrx_word' id='word_1_226' title='bbox 428 1843 524 1890; x_wconf 90' lang='lat' dir='ltr'><strong>post</strong></span> <span class='ocrx_word' id='word_1_227' title='bbox 566 1852 657 1877; x_wconf 88' lang='lat' dir='ltr'><strong>eum</strong></span> <span class='ocrx_word' id='word_1_228' title='bbox 694 1839 731 1876; x_wconf 91' lang='lat' dir='ltr'><strong>J.</strong></span> <span class='ocrx_word' id='word_1_229' title='bbox 777 1839 823 1878; x_wconf 88' lang='lat' dir='ltr'><strong>F.</strong></span> <span class='ocrx_word' id='word_1_230' title='bbox 866 1838 1099 1876; x_wconf 87' lang='lat' dir='ltr'><strong>Gronouius</strong></span> <span class='ocrx_word' id='word_1_231' title='bbox 1150 1840 1189 1877; x_wconf 92' lang='lat' dir='ltr'><strong>in</strong></span> <span class='ocrx_word' id='word_1_232' title='bbox 1234 1842 1474 1878; x_wconf 83' lang='lat' dir='ltr'><strong>Obseruatt.</strong></span> <span class='ocrx_word' id='word_1_233' title='bbox 1516 1841 1558 1877; x_wconf 91' lang='lat' dir='ltr'><strong>in</strong></span> 
     </span>
     <span class='ocr_line' id='line_1_30' title="bbox 98 1893 1557 1947; baseline 0 -13"><span class='ocrx_word' id='word_1_234' title='bbox 98 1896 243 1947; x_wconf 81' lang='lat' dir='ltr'><strong>script.</strong></span> <span class='ocrx_word' id='word_1_235' title='bbox 284 1894 387 1934; x_wconf 88' lang='lat' dir='ltr'><strong>eccl.</strong></span> <span class='ocrx_word' id='word_1_236' title='bbox 421 1908 457 1934; x_wconf 90' lang='lat' dir='ltr'><strong>c.</strong></span> <span class='ocrx_word' id='word_1_237' title='bbox 494 1893 559 1935; x_wconf 83' lang='lat'><strong>19.</strong></span> <span class='ocrx_word' id='word_1_238' title='bbox 591 1908 629 1946; x_wconf 86' lang='lat' dir='ltr'><strong>p.</strong></span> <span class='ocrx_word' id='word_1_239' title='bbox 662 1894 761 1935; x_wconf 84' lang='lat'><strong>202.</strong></span> <span class='ocrx_word' id='word_1_240' title='bbox 802 1896 1068 1946; x_wconf 85' lang='lat' dir='ltr'><strong>proposuisse</strong></span> <span class='ocrx_word' id='word_1_241' title='bbox 1108 1895 1280 1934; x_wconf 84' lang='lat' dir='ltr'><strong>dicitur:</strong></span> <span class='ocrx_word' id='word_1_242' title='bbox 1323 1902 1557 1935; x_wconf 68' lang='lat' dir='ltr'><strong>necatus</strong></span> 
     </span>
     <span class='ocr_line' id='line_1_31' title="bbox 97 1951 1557 2003; baseline -0.001 -12"><span class='ocrx_word' id='word_1_243' title='bbox 97 1953 159 1991; x_wconf 86' lang='lat' dir='ltr'><strong>Ex</strong></span> <span class='ocrx_word' id='word_1_244' title='bbox 211 1966 287 2003; x_wconf 91' lang='lat' dir='ltr'><strong>quo</strong></span> <span class='ocrx_word' id='word_1_245' title='bbox 339 1953 464 1990; x_wconf 87' lang='lat' dir='ltr'><strong>uerbo</strong></span> <span class='ocrx_word' id='word_1_246' title='bbox 510 1951 660 1990; x_wconf 90' lang='lat' dir='ltr'><strong>litteris</strong></span> <span class='ocrx_word' id='word_1_247' title='bbox 703 1951 940 1989; x_wconf 87' lang='lat' dir='ltr'><strong>maiusculis</strong></span> <span class='ocrx_word' id='word_1_248' title='bbox 978 1953 1131 2003; x_wconf 88' lang='lat' dir='ltr'><strong>scripto</strong></span> <span class='ocrx_word' id='word_1_249' title='bbox 1171 1952 1372 2002; x_wconf 85' lang='lat' dir='ltr'><strong>quomodo</strong></span> <span class='ocrx_word' id='word_1_250' title='bbox 1414 1952 1557 2003; x_wconf 83' lang='lat' dir='ltr'><strong>lega-</strong></span> 
     </span>
     <span class='ocr_line' id='line_1_32' title="bbox 97 2007 1558 2059; baseline -0.001 -12"><span class='ocrx_word' id='word_1_251' title='bbox 97 2015 183 2048; x_wconf 85' lang='lat' dir='ltr'><strong>tus</strong></span> <span class='ocrx_word' id='word_1_252' title='bbox 228 2010 324 2046; x_wconf 89' lang='lat' dir='ltr'><strong>oriri</strong></span> <span class='ocrx_word' id='word_1_253' title='bbox 366 2010 568 2059; x_wconf 88' lang='lat' dir='ltr'><strong>potuerit,</strong></span> <span class='ocrx_word' id='word_1_254' title='bbox 601 2007 721 2046; x_wconf 79' lang='lat' dir='ltr'><strong>l‘acile</strong></span> <span class='ocrx_word' id='word_1_255' title='bbox 763 2014 826 2045; x_wconf 89' lang='lat' dir='ltr'><strong>est</strong></span> <span class='ocrx_word' id='word_1_256' title='bbox 857 2007 1089 2047; x_wconf 88' lang='lat' dir='ltr'><strong>intellectu.</strong></span> <span class='ocrx_word' id='word_1_257' title='bbox 1149 2008 1268 2058; x_wconf 78' lang='lat' dir='ltr'><strong>Quod</strong></span> <span class='ocrx_word' id='word_1_258' title='bbox 1307 2016 1442 2047; x_wconf 87' lang='lat' dir='ltr'><strong>autem</strong></span> <span class='ocrx_word' id='word_1_259' title='bbox 1484 2011 1558 2047; x_wconf 85' lang='lat' dir='ltr'><strong>tri-</strong></span> 
     </span>
     <span class='ocr_line' id='line_1_33' title="bbox 99 2064 1560 2118; baseline 0.001 -15"><span class='ocrx_word' id='word_1_260' title='bbox 99 2067 276 2103; x_wconf 86' lang='lat' dir='ltr'><strong>bunatus</strong></span> <span class='ocrx_word' id='word_1_261' title='bbox 305 2066 387 2103; x_wconf 91' lang='lat' dir='ltr'><strong>cito</strong></span> <span class='ocrx_word' id='word_1_262' title='bbox 419 2070 589 2103; x_wconf 91' lang='lat' dir='ltr'><strong>necatus</strong></span> <span class='ocrx_word' id='word_1_263' title='bbox 621 2077 713 2102; x_wconf 85' lang='lat' dir='ltr'><strong>esse</strong></span> <span class='ocrx_word' id='word_1_264' title='bbox 738 2064 901 2114; x_wconf 87' lang='lat' dir='ltr'><strong>dicitur,</strong></span> <span class='ocrx_word' id='word_1_265' title='bbox 934 2064 974 2101; x_wconf 87' lang='lat' dir='ltr'><strong>id</strong></span> <span class='ocrx_word' id='word_1_266' title='bbox 1002 2070 1116 2102; x_wconf 90' lang='lat' dir='ltr'><strong>recte</strong></span> <span class='ocrx_word' id='word_1_267' title='bbox 1139 2065 1348 2117; x_wconf 84' lang='lat' dir='ltr'><strong>plerisque</strong></span> <span class='ocrx_word' id='word_1_268' title='bbox 1371 2070 1560 2118; x_wconf 81' lang='lat' dir='ltr'><strong>spectare</strong></span> 
     </span>
     <span class='ocr_line' id='line_1_34' title="bbox 102 2120 1560 2173; baseline -0.001 -14"><span class='ocrx_word' id='word_1_269' title='bbox 102 2123 232 2159; x_wconf 91' lang='lat' dir='ltr'><strong>uisum</strong></span> <span class='ocrx_word' id='word_1_270' title='bbox 275 2125 339 2159; x_wconf 91' lang='lat' dir='ltr'><strong>est</strong></span> <span class='ocrx_word' id='word_1_271' title='bbox 378 2120 428 2158; x_wconf 90' lang='lat' dir='ltr'><strong>ad</strong></span> <span class='ocrx_word' id='word_1_272' title='bbox 465 2120 568 2158; x_wconf 85' lang='lat' dir='ltr'><strong>illud</strong></span> <span class='ocrx_word' id='word_1_273' title='bbox 608 2126 797 2172; x_wconf 87' lang='lat' dir='ltr'><strong>tempus,</strong></span> <span class='ocrx_word' id='word_1_274' title='bbox 840 2133 917 2171; x_wconf 89' lang='lat' dir='ltr'><strong>quo</strong></span> <span class='ocrx_word' id='word_1_275' title='bbox 949 2120 1197 2159; x_wconf 87' lang='lat' dir='ltr'><strong>decemuiris</strong></span> <span class='ocrx_word' id='word_1_276' title='bbox 1230 2123 1279 2160; x_wconf 86' lang='lat' dir='ltr'><strong>ad</strong></span> <span class='ocrx_word' id='word_1_277' title='bbox 1311 2122 1425 2173; x_wconf 79' lang='lat' dir='ltr'><strong>leges</strong></span> <span class='ocrx_word' id='word_1_278' title='bbox 1458 2123 1560 2160; x_wconf 87' lang='lat' dir='ltr'><strong>scri-</strong></span> 
     </span>
     <span class='ocr_line' id='line_1_35' title="bbox 99 2177 1559 2229; baseline 0 -13"><span class='ocrx_word' id='word_1_279' title='bbox 99 2177 256 2216; x_wconf 87' lang='lat' dir='ltr'><strong>bendas</strong></span> <span class='ocrx_word' id='word_1_280' title='bbox 298 2178 449 2215; x_wconf 88' lang='lat' dir='ltr'><strong>creatis</strong></span> <span class='ocrx_word' id='word_1_281' title='bbox 488 2191 563 2215; x_wconf 92' lang='lat' dir='ltr'><strong>nec</strong></span> <span class='ocrx_word' id='word_1_282' title='bbox 601 2178 752 2215; x_wconf 89' lang='lat' dir='ltr'><strong>tribuni</strong></span> <span class='ocrx_word' id='word_1_283' title='bbox 794 2181 910 2214; x_wconf 88' lang='lat' dir='ltr'><strong>erant</strong></span> <span class='ocrx_word' id='word_1_284' title='bbox 960 2189 1035 2214; x_wconf 89' lang='lat' dir='ltr'><strong>nec</strong></span> <span class='ocrx_word' id='word_1_285' title='bbox 1085 2177 1231 2228; x_wconf 86' lang='lat' dir='ltr'><strong>reliqui</strong></span> <span class='ocrx_word' id='word_1_286' title='bbox 1281 2180 1559 2229; x_wconf 79' lang='lat' dir='ltr'><strong>magistratus.</strong></span> 
     </span>
     <span class='ocr_line' id='line_1_36' title="bbox 100 2229 1559 2287; baseline 0 -15"><span class='ocrx_word' id='word_1_287' title='bbox 100 2234 165 2273; x_wconf 82' lang='lat' dir='ltr'><strong>Cf.</strong></span> <span class='ocrx_word' id='word_1_288' title='bbox 200 2234 291 2271; x_wconf 87' lang='lat' dir='ltr'><strong>Liu.</strong></span> <span class='ocrx_word' id='word_1_289' title='bbox 315 2229 396 2283; x_wconf 89' lang='lat' dir='ltr'><strong>Ill,</strong></span> <span class='ocrx_word' id='word_1_290' title='bbox 420 2232 490 2274; x_wconf 83' lang='lat'><strong>33.</strong></span> <span class='ocrx_word' id='word_1_291' title='bbox 521 2233 700 2286; x_wconf 89' lang='lat' dir='ltr'><strong>placet</strong></span> <span class='ocrx_word' id='word_1_292' title='bbox 730 2235 904 2272; x_wconf 87' lang='lat' dir='ltr'><strong>creari</strong></span> <span class='ocrx_word' id='word_1_293' title='bbox 936 2233 1269 2272; x_wconf 88' lang='lat' dir='ltr'><strong>decemuiros</strong></span> <span class='ocrx_word' id='word_1_294' title='bbox 1302 2237 1419 2273; x_wconf 89' lang='lat' dir='ltr'><strong>sine</strong></span> <span class='ocrx_word' id='word_1_295' title='bbox 1447 2249 1559 2287; x_wconf 86' lang='lat' dir='ltr'><strong>pro—</strong></span> 
     </span>
     <span class='ocr_line' id='line_1_37' title="bbox 102 2288 1560 2342; baseline 0.002 -17"><span class='ocrx_word' id='word_1_296' title='bbox 102 2290 378 2326; x_wconf 81' lang='lat' dir='ltr'><strong>uocatione</strong></span> <span class='ocrx_word' id='word_1_297' title='bbox 422 2295 472 2327; x_wconf 91' lang='lat' dir='ltr'><strong>et</strong></span> <span class='ocrx_word' id='word_1_298' title='bbox 509 2303 568 2327; x_wconf 88' lang='lat' dir='ltr'><strong>ne</strong></span> <span class='ocrx_word' id='word_1_299' title='bbox 610 2291 720 2341; x_wconf 89' lang='lat' dir='ltr'><strong>quis</strong></span> <span class='ocrx_word' id='word_1_300' title='bbox 763 2303 819 2328; x_wconf 90' lang='lat' dir='ltr'><strong>eo</strong></span> <span class='ocrx_word' id='word_1_301' title='bbox 857 2303 988 2328; x_wconf 89' lang='lat' dir='ltr'><strong>anno</strong></span> <span class='ocrx_word' id='word_1_302' title='bbox 1036 2288 1171 2328; x_wconf 91' lang='lat' dir='ltr'><strong>alius</strong></span> <span class='ocrx_word' id='word_1_303' title='bbox 1223 2293 1560 2342; x_wconf 78' lang='lat' dir='ltr'><strong>magistratus</strong></span> 
     </span>
     <span class='ocr_line' id='line_1_38' title="bbox 104 2344 1559 2396; baseline 0.003 -15"><span class='ocrx_word' id='word_1_304' title='bbox 104 2348 262 2382; x_wconf 85' lang='lat' dir='ltr'><strong>esset.</strong></span> <span class='ocrx_word' id='word_1_305' title='bbox 295 2344 386 2381; x_wconf 89' lang='lat' dir='ltr'><strong>Liu.</strong></span> <span class='ocrx_word' id='word_1_306' title='bbox 420 2345 486 2394; x_wconf 87' lang='grc' dir='ltr'><strong>ΙΙΙ,</strong></span> <span class='ocrx_word' id='word_1_307' title='bbox 519 2344 584 2385; x_wconf 71' lang='grc'><strong>54.</strong></span> <span class='ocrx_word' id='word_1_308' title='bbox 655 2346 782 2383; x_wconf 85' lang='lat' dir='ltr'><strong>Gzius</strong></span> <span class='ocrx_word' id='word_1_309' title='bbox 822 2358 1036 2396; x_wconf 88' lang='lat' dir='ltr'><strong>perperam</strong></span> <span class='ocrx_word' id='word_1_310' title='bbox 1077 2348 1326 2386; x_wconf 85' lang='lat' dir='ltr'><strong>tribunatum</strong></span> <span class='ocrx_word' id='word_1_311' title='bbox 1372 2354 1559 2386; x_wconf 85' lang='lat' dir='ltr'><strong>necatum</strong></span> 
     </span>
     <span class='ocr_line' id='line_1_39' title="bbox 104 2398 1559 2455; baseline 0.003 -17"><span class='ocrx_word' id='word_1_312' title='bbox 104 2413 197 2438; x_wconf 85' lang='lat' dir='ltr'><strong>esse</strong></span> <span class='ocrx_word' id='word_1_313' title='bbox 235 2399 335 2437; x_wconf 87' lang='lat' dir='ltr'><strong>dicit</strong></span> <span class='ocrx_word' id='word_1_314' title='bbox 370 2398 463 2450; x_wconf 78' lang='lat' dir='ltr'><strong>lege</strong></span> <span class='ocrx_word' id='word_1_315' title='bbox 506 2400 698 2439; x_wconf 88' lang='lat' dir='ltr'><strong>Cornelia</strong></span> <span class='ocrx_word' id='word_1_316' title='bbox 745 2402 976 2451; x_wconf 82' lang='lat' dir='ltr'><strong>tribunicia,</strong></span> <span class='ocrx_word' id='word_1_317' title='bbox 1017 2409 1248 2441; x_wconf 88' lang='lat' dir='ltr'><strong>recreatum</strong></span> <span class='ocrx_word' id='word_1_318' title='bbox 1288 2418 1361 2455; x_wconf 89' lang='lat' dir='ltr'><strong>per</strong></span> <span class='ocrx_word' id='word_1_319' title='bbox 1398 2405 1559 2443; x_wconf 88' lang='lat' dir='ltr'><strong>Cottam</strong></span> 
     </span>
     <span class='ocr_line' id='line_1_40' title="bbox 103 2454 1563 2511; baseline 0.003 -16"><span class='ocrx_word' id='word_1_320' title='bbox 103 2472 137 2497; x_wconf 85' lang='lat' dir='ltr'><strong>a.</strong></span> <span class='ocrx_word' id='word_1_321' title='bbox 180 2454 298 2506; x_wconf 74' lang='grc'><strong>679,</strong></span> <span class='ocrx_word' id='word_1_322' title='bbox 349 2464 487 2494; x_wconf 85' lang='lat' dir='ltr'><strong>natum</strong></span> <span class='ocrx_word' id='word_1_323' title='bbox 539 2457 715 2509; x_wconf 83' lang='lat' dir='ltr'><strong>denique</strong></span> <span class='ocrx_word' id='word_1_324' title='bbox 763 2470 838 2510; x_wconf 88' lang='lat' dir='ltr'><strong>per</strong></span> <span class='ocrx_word' id='word_1_325' title='bbox 874 2458 1117 2510; x_wconf 87' lang='lat' dir='ltr'><strong>Pompeium</strong></span> <span class='ocrx_word' id='word_1_326' title='bbox 1166 2458 1288 2511; x_wconf 89' lang='lat' dir='ltr'><strong>pleno</strong></span> <span class='ocrx_word' id='word_1_327' title='bbox 1336 2463 1423 2498; x_wconf 85' lang='lat' dir='ltr'><strong>eius</strong></span> <span class='ocrx_word' id='word_1_328' title='bbox 1475 2463 1563 2499; x_wconf 89' lang='lat' dir='ltr'><strong>iure</strong></span> 
     </span>
     <span class='ocr_line' id='line_1_41' title="bbox 102 2512 1562 2568; baseline 0.003 -17"><span class='ocrx_word' id='word_1_329' title='bbox 102 2518 299 2551; x_wconf 81' lang='lat' dir='ltr'><strong>reuocato</strong></span> <span class='ocrx_word' id='word_1_330' title='bbox 331 2526 367 2551; x_wconf 89' lang='lat' dir='ltr'><strong>a.</strong></span> <span class='ocrx_word' id='word_1_331' title='bbox 407 2512 503 2555; x_wconf 55' lang='lat'><strong>634.</strong></span> <span class='ocrx_word' id='word_1_332' title='bbox 558 2514 654 2553; x_wconf 76' lang='lat' dir='ltr'><strong>Mox</strong></span> <span class='ocrx_word' id='word_1_333' title='bbox 684 2527 758 2565; x_wconf 90' lang='lat' dir='ltr'><strong>pro</strong></span> <span class='ocrx_word' id='word_1_334' title='bbox 790 2514 880 2555; x_wconf 81' lang='lat' dir='ltr'><strong>cod.</strong></span> <span class='ocrx_word' id='word_1_335' title='bbox 914 2516 1024 2554; x_wconf 88' lang='lat' dir='ltr'><strong>arch.</strong></span> <span class='ocrx_word' id='word_1_336' title='bbox 1055 2516 1204 2555; x_wconf 91' lang='lat' dir='ltr'><strong>mendo</strong></span> <span class='ocrx_word' id='word_1_337' title='bbox 1243 2523 1460 2556; x_wconf 87' lang='lat' dir='ltr'><strong>creatus</strong></span> <span class='ocrx_word' id='word_1_338' title='bbox 1492 2517 1562 2568; x_wconf 65' lang='lat'><strong>÷⁵),</strong></span> 
     </span>
     <span class='ocr_line' id='line_1_42' title="bbox 104 2569 1561 2624; baseline 0.002 -16"><span class='ocrx_word' id='word_1_339' title='bbox 104 2569 213 2621; x_wconf 88' lang='lat' dir='ltr'><strong>quod</strong></span> <span class='ocrx_word' id='word_1_340' title='bbox 234 2570 394 2610; x_wconf 78' lang='lat' dir='ltr'><strong>Manut.</strong></span> <span class='ocrx_word' id='word_1_341' title='bbox 413 2570 525 2610; x_wconf 89' lang='lat' dir='ltr'><strong>Uict.</strong></span> <span class='ocrx_word' id='word_1_342' title='bbox 557 2572 808 2623; x_wconf 86' lang='lat' dir='ltr'><strong>antiquiores</strong></span> <span class='ocrx_word' id='word_1_343' title='bbox 829 2575 1067 2624; x_wconf 86' lang='lat' dir='ltr'><strong>tenuerunt,</strong></span> <span class='ocrx_word' id='word_1_344' title='bbox 1099 2575 1246 2612; x_wconf 89' lang='lat' dir='ltr'><strong>merito</strong></span> <span class='ocrx_word' id='word_1_345' title='bbox 1267 2573 1365 2613; x_wconf 88' lang='lat' dir='ltr'><strong>inde</strong></span> <span class='ocrx_word' id='word_1_346' title='bbox 1385 2588 1407 2612; x_wconf 87' lang='lat' dir='ltr'><strong>a</strong></span> <span class='ocrx_word' id='word_1_347' title='bbox 1429 2575 1561 2613; x_wconf 91' lang='lat' dir='ltr'><strong>Lbino</strong></span> 
     </span>
     <span class='ocr_line' id='line_1_43' title="bbox 103 2626 1563 2681; baseline 0.003 -17"><span class='ocrx_word' id='word_1_348' title='bbox 103 2626 334 2666; x_wconf 91' lang='lat' dir='ltr'><strong>editoribus</strong></span> <span class='ocrx_word' id='word_1_349' title='bbox 360 2626 515 2679; x_wconf 86' lang='lat' dir='ltr'><strong>placuit</strong></span> <span class='ocrx_word' id='word_1_350' title='bbox 545 2628 748 2667; x_wconf 83' lang='lat' dir='ltr'><strong>correctio</strong></span> <span class='ocrx_word' id='word_1_351' title='bbox 780 2633 1077 2681; x_wconf 86' lang='lat' dir='ltr'><strong>recreatus,</strong></span> <span class='ocrx_word' id='word_1_352' title='bbox 1111 2636 1155 2669; x_wconf 89' lang='lat' dir='ltr'><strong>ut</strong></span> <span class='ocrx_word' id='word_1_353' title='bbox 1184 2631 1435 2670; x_wconf 82' lang='lat' dir='ltr'><strong>tribunatum</strong></span> <span class='ocrx_word' id='word_1_354' title='bbox 1469 2637 1563 2669; x_wconf 87' lang='lat' dir='ltr'><strong>ante</strong></span> 
     </span>
    </p>
   </div>
   <div class='ocr_carea' id='block_1_3' title="bbox 107 2710 375 2716">
    <p class='ocr_par' dir='ltr' id='par_1_4' title="bbox 107 2710 375 2716">
     <span class='ocr_line' id='line_1_44' title="bbox 107 2710 375 2716; baseline 0 0"><span class='ocrx_word' id='word_1_355' title='bbox 107 2710 375 2716; x_wconf 95' lang='lat' dir='ltr'><strong> </strong></span> 
     </span>
    </p>
   </div>
   <div class='ocr_carea' id='block_1_4' title="bbox 103 2748 1562 2838">
    <p class='ocr_par' dir='ltr' id='par_1_5' title="bbox 103 2748 1562 2838">
     <span class='ocr_line' id='line_1_45' title="bbox 199 2748 1562 2795; baseline 0.002 -14"><span class='ocrx_word' id='word_1_356' title='bbox 199 2748 231 2789; x_wconf 75' lang='lat'><strong>&#39;)</strong></span> <span class='ocrx_word' id='word_1_357' title='bbox 256 2748 292 2781; x_wconf 92' lang='lat' dir='ltr'><strong>in</strong></span> <span class='ocrx_word' id='word_1_358' title='bbox 331 2750 406 2782; x_wconf 74' lang='lat' dir='ltr'><strong>cod.</strong></span> <span class='ocrx_word' id='word_1_359' title='bbox 442 2750 472 2782; x_wconf 86' lang='lat' dir='ltr'>B</span> <span class='ocrx_word' id='word_1_360' title='bbox 510 2754 544 2783; x_wconf 84' lang='lat' dir='ltr'><strong>ct</strong></span> <span class='ocrx_word' id='word_1_361' title='bbox 580 2763 603 2793; x_wconf 75' lang='grc' dir='ltr'><em>γ</em></span> <span class='ocrx_word' id='word_1_362' title='bbox 637 2750 750 2783; x_wconf 79' lang='lat' dir='ltr'><strong>fuisse</strong></span> <span class='ocrx_word' id='word_1_363' title='bbox 790 2756 1047 2785; x_wconf 73' lang='lat' dir='ltr'><strong>recreatus</strong></span> <span class='ocrx_word' id='word_1_364' title='bbox 1081 2763 1209 2795; x_wconf 85' lang='lat' dir='ltr'><strong>parum</strong></span> <span class='ocrx_word' id='word_1_365' title='bbox 1245 2755 1340 2785; x_wconf 74' lang='lat' dir='ltr'><strong>recte</strong></span> <span class='ocrx_word' id='word_1_366' title='bbox 1375 2764 1417 2785; x_wconf 84' lang='lat' dir='ltr'><strong>cx</strong></span> <span class='ocrx_word' id='word_1_367' title='bbox 1453 2751 1562 2786; x_wconf 79' lang='lat' dir='ltr'><strong>Bakii</strong></span> 
     </span>
     <span class='ocr_line' id='line_1_46' title="bbox 103 2793 478 2838; baseline 0.005 -13"><span class='ocrx_word' id='word_1_368' title='bbox 103 2793 246 2827; x_wconf 79' lang='lat' dir='ltr'><strong>silentio</strong></span> <span class='ocrx_word' id='word_1_369' title='bbox 273 2795 478 2838; x_wconf 68' lang='lat' dir='ltr'><strong>collegeris.</strong></span> 
     </span>
    </p>
   </div>
   <div class='ocr_carea' id='block_1_5' title="bbox 1321 2859 1344 2879">
    <p class='ocr_par' dir='ltr' id='par_1_6' title="bbox 1321 2859 1344 2879">
     <span class='ocr_line' id='line_1_47' title="bbox 1321 2859 1344 2879; baseline 0 0"><span class='ocrx_word' id='word_1_370' title='bbox 1321 2859 1344 2879; x_wconf 57' lang='grc' dir='ltr'><strong>ὕ</strong></span> 
     </span>
    </p>
   </div>
  </div>
 </body>
</html>
