<?xml version="1.0" encoding="UTF-8"?>
<!DOCTYPE html PUBLIC "-//W3C//DTD XHTML 1.0 Transitional//EN"
    "http://www.w3.org/TR/xhtml1/DTD/xhtml1-transitional.dtd">
<html xmlns="http://www.w3.org/1999/xhtml" xml:lang="en" lang="en">
 <head>
  <title>
</title>
<meta http-equiv="Content-Type" content="text/html;charset=utf-8" />
  <meta name='ocr-system' content='tesseract 3.04.00' />
  <meta name='ocr-capabilities' content='ocr_page ocr_carea ocr_par ocr_line ocrx_word'/>
</head>
<body>
  <div class='ocr_page' id='page_1' title='image "./delegibuslibritr0102ciceuoft_0398.png"; bbox 0 0 1781 3192; ppageno 0'>
   <div class='ocr_carea' id='block_1_1' title="bbox 272 179 1173 223">
    <p class='ocr_par' dir='ltr' id='par_1_1' title="bbox 272 179 1173 223">
     <span class='ocr_line' id='line_1_1' title="bbox 272 179 1173 223; baseline -0.001 -2"><span class='ocrx_word' id='word_1_1' title='bbox 272 184 359 223; x_wconf 82' lang='lat'><strong>192</strong></span> <span class='ocrx_word' id='word_1_2' title='bbox 842 180 910 218; x_wconf 78' lang='lat' dir='ltr'><strong>DE</strong></span> <span class='ocrx_word' id='word_1_3' title='bbox 941 179 1173 220; x_wconf 79' lang='lat' dir='ltr'><strong>LEGIBUS</strong></span> 
     </span>
    </p>
   </div>
   <div class='ocr_carea' id='block_1_2' title="bbox 272 290 1781 2828">
    <p class='ocr_par' dir='ltr' id='par_1_2' title="bbox 272 290 1737 672">
     <span class='ocr_line' id='line_1_2' title="bbox 387 290 1735 348; baseline 0.001 -14"><span class='ocrx_word' id='word_1_4' title='bbox 387 295 420 345; x_wconf 58' lang='grc' dir='ltr'><strong>ξ.</strong></span> <span class='ocrx_word' id='word_1_5' title='bbox 462 292 531 334; x_wconf 86' lang='grc'><strong>39.</strong></span> <span class='ocrx_word' id='word_1_6' title='bbox 599 290 698 329; x_wconf 88' lang='lat' dir='ltr'><strong>ille</strong></span> <span class='ocrx_word' id='word_1_7' title='bbox 738 291 974 343; x_wconf 88' lang='lat' dir='ltr'><strong>quidem]</strong></span> <span class='ocrx_word' id='word_1_8' title='bbox 1044 293 1159 332; x_wconf 85' lang='lat' dir='ltr'><strong>Part.</strong></span> <span class='ocrx_word' id='word_1_9' title='bbox 1208 293 1415 344; x_wconf 89' lang='lat' dir='ltr'><strong>quidem</strong></span> <span class='ocrx_word' id='word_1_10' title='bbox 1464 296 1545 333; x_wconf 91' lang='lat' dir='ltr'><strong>uim</strong></span> <span class='ocrx_word' id='word_1_11' title='bbox 1584 309 1735 348; x_wconf 88' lang='lat' dir='ltr'><strong>prono-</strong></span> 
     </span>
     <span class='ocr_line' id='line_1_3' title="bbox 272 347 1735 401; baseline 0 -10"><span class='ocrx_word' id='word_1_12' title='bbox 272 353 394 391; x_wconf 84' lang='lat' dir='ltr'>minis</span> <span class='ocrx_word' id='word_1_13' title='bbox 427 348 521 387; x_wconf 86' lang='lat' dir='ltr'><strong>ille</strong></span> <span class='ocrx_word' id='word_1_14' title='bbox 551 347 745 397; x_wconf 80' lang='lat' dir='ltr'><strong>intendit,</strong></span> <span class='ocrx_word' id='word_1_15' title='bbox 778 348 820 385; x_wconf 87' lang='lat' dir='ltr'><strong>id</strong></span> <span class='ocrx_word' id='word_1_16' title='bbox 853 348 961 399; x_wconf 90' lang='lat' dir='ltr'><strong>quod</strong></span> <span class='ocrx_word' id='word_1_17' title='bbox 992 350 1082 388; x_wconf 90' lang='lat' dir='ltr'><strong>fieri</strong></span> <span class='ocrx_word' id='word_1_18' title='bbox 1111 354 1228 400; x_wconf 89' lang='lat' dir='ltr'><strong>patet</strong></span> <span class='ocrx_word' id='word_1_19' title='bbox 1261 355 1498 401; x_wconf 77' lang='lat' dir='ltr'><strong>propterea,</strong></span> <span class='ocrx_word' id='word_1_20' title='bbox 1532 357 1575 390; x_wconf 88' lang='lat' dir='ltr'><strong>ut</strong></span> <span class='ocrx_word' id='word_1_21' title='bbox 1592 353 1735 391; x_wconf 87' lang='lat' dir='ltr'><strong>Plato-</strong></span> 
     </span>
     <span class='ocr_line' id='line_1_4' title="bbox 273 404 1734 457; baseline 0.001 -11"><span class='ocrx_word' id='word_1_22' title='bbox 273 410 337 446; x_wconf 86' lang='lat' dir='ltr'><strong>nis</strong></span> <span class='ocrx_word' id='word_1_23' title='bbox 370 419 417 444; x_wconf 90' lang='lat' dir='ltr'><strong>ea</strong></span> <span class='ocrx_word' id='word_1_24' title='bbox 449 404 500 443; x_wconf 87' lang='lat' dir='ltr'><strong>de</strong></span> <span class='ocrx_word' id='word_1_25' title='bbox 530 416 577 442; x_wconf 90' lang='lat' dir='ltr'><strong>re</strong></span> <span class='ocrx_word' id='word_1_26' title='bbox 608 404 802 442; x_wconf 90' lang='lat' dir='ltr'><strong>iudicium</strong></span> <span class='ocrx_word' id='word_1_27' title='bbox 835 406 973 443; x_wconf 85' lang='lat' dir='ltr'><strong>statim</strong></span> <span class='ocrx_word' id='word_1_28' title='bbox 1005 407 1052 444; x_wconf 89' lang='lat' dir='ltr'><strong>ab</strong></span> <span class='ocrx_word' id='word_1_29' title='bbox 1085 407 1212 457; x_wconf 89' lang='lat' dir='ltr'><strong>ipsius</strong></span> <span class='ocrx_word' id='word_1_30' title='bbox 1236 405 1363 445; x_wconf 84' lang='lat' dir='ltr'><strong>Tullii</strong></span> <span class='ocrx_word' id='word_1_31' title='bbox 1394 407 1546 445; x_wconf 89' lang='lat' dir='ltr'><strong>iudicio</strong></span> <span class='ocrx_word' id='word_1_32' title='bbox 1577 408 1734 447; x_wconf 88' lang='lat' dir='ltr'><strong>discre-</strong></span> 
     </span>
     <span class='ocr_line' id='line_1_5' title="bbox 272 459 1735 515; baseline 0.001 -14"><span class='ocrx_word' id='word_1_33' title='bbox 272 475 371 515; x_wconf 82' lang='lat' dir='ltr'><strong>pare</strong></span> <span class='ocrx_word' id='word_1_34' title='bbox 420 459 667 499; x_wconf 80' lang='lat' dir='ltr'><strong>declaretur.</strong></span> <span class='ocrx_word' id='word_1_35' title='bbox 746 459 855 498; x_wconf 87' lang='lat' dir='ltr'><strong>Male</strong></span> <span class='ocrx_word' id='word_1_36' title='bbox 906 462 1035 512; x_wconf 85' lang='lat' dir='ltr'><strong>igitur</strong></span> <span class='ocrx_word' id='word_1_37' title='bbox 1080 462 1232 500; x_wconf 86' lang='lat' dir='ltr'><strong>Bakius</strong></span> <span class='ocrx_word' id='word_1_38' title='bbox 1284 464 1407 501; x_wconf 88' lang='lat' dir='ltr'><strong>trium</strong></span> <span class='ocrx_word' id='word_1_39' title='bbox 1456 464 1578 503; x_wconf 86' lang='lat' dir='ltr'><strong>codd.</strong></span> <span class='ocrx_word' id='word_1_40' title='bbox 1629 463 1735 503; x_wconf 88' lang='lat' dir='ltr'><strong>dett.</strong></span> 
     </span>
     <span class='ocr_line' id='line_1_6' title="bbox 274 515 1733 570; baseline 0.001 -13"><span class='ocrx_word' id='word_1_41' title='bbox 274 519 518 557; x_wconf 86' lang='lat' dir='ltr'><strong>auctoritate</strong></span> <span class='ocrx_word' id='word_1_42' title='bbox 550 515 611 570; x_wconf 75' lang='lat' dir='ltr'><strong>(oe</strong></span> <span class='ocrx_word' id='word_1_43' title='bbox 648 516 710 557; x_wconf 88' lang='grc'><strong>10.</strong></span> <span class='ocrx_word' id='word_1_44' title='bbox 745 515 838 569; x_wconf 83' lang='grc'>96.)</span> <span class='ocrx_word' id='word_1_45' title='bbox 871 521 912 555; x_wconf 92' lang='lat' dir='ltr'><strong>et</strong></span> <span class='ocrx_word' id='word_1_46' title='bbox 941 518 1144 568; x_wconf 90' lang='lat' dir='ltr'><strong>quidem</strong></span> <span class='ocrx_word' id='word_1_47' title='bbox 1181 518 1469 570; x_wconf 84' lang='lat' dir='ltr'><strong>expellendum</strong></span> <span class='ocrx_word' id='word_1_48' title='bbox 1500 525 1542 558; x_wconf 86' lang='lat' dir='ltr'><strong>et</strong></span> <span class='ocrx_word' id='word_1_49' title='bbox 1568 525 1733 558; x_wconf 86' lang='lat' dir='ltr'><strong>autem</strong></span> 
     </span>
     <span class='ocr_line' id='line_1_7' title="bbox 275 571 1737 628; baseline 0.001 -16"><span class='ocrx_word' id='word_1_50' title='bbox 275 573 391 628; x_wconf 83' lang='lat' dir='ltr'><strong>(ego</strong></span> <span class='ocrx_word' id='word_1_51' title='bbox 426 571 644 626; x_wconf 88' lang='lat' dir='ltr'><strong>autem),</strong></span> <span class='ocrx_word' id='word_1_52' title='bbox 673 575 785 612; x_wconf 88' lang='lat' dir='ltr'><strong>cuius</strong></span> <span class='ocrx_word' id='word_1_53' title='bbox 817 573 907 612; x_wconf 92' lang='lat' dir='ltr'><strong>loco</strong></span> <span class='ocrx_word' id='word_1_54' title='bbox 951 575 1043 613; x_wconf 87' lang='lat' dir='ltr'><strong>cod.</strong></span> <span class='ocrx_word' id='word_1_55' title='bbox 1083 575 1144 614; x_wconf 80' lang='lat'><strong>10.</strong></span> <span class='ocrx_word' id='word_1_56' title='bbox 1192 589 1317 613; x_wconf 90' lang='lat' dir='ltr'><strong>uero</strong></span> <span class='ocrx_word' id='word_1_57' title='bbox 1358 576 1528 626; x_wconf 81' lang='lat' dir='ltr'><strong>habeat,</strong></span> <span class='ocrx_word' id='word_1_58' title='bbox 1571 581 1737 628; x_wconf 81' lang='lat' dir='ltr'><strong>praeter</strong></span> 
     </span>
     <span class='ocr_line' id='line_1_8' title="bbox 272 630 1734 672; baseline 0.001 -2"><span class='ocrx_word' id='word_1_59' title='bbox 272 634 563 670; x_wconf 86' lang='lat' dir='ltr'><strong>necessitatem</strong></span> <span class='ocrx_word' id='word_1_60' title='bbox 588 631 796 667; x_wconf 91' lang='lat' dir='ltr'><strong>inuectum</strong></span> <span class='ocrx_word' id='word_1_61' title='bbox 821 643 914 669; x_wconf 92' lang='lat' dir='ltr'><strong>esse</strong></span> <span class='ocrx_word' id='word_1_62' title='bbox 938 630 1054 670; x_wconf 80' lang='lat' dir='ltr'><strong>dixit.</strong></span> <span class='ocrx_word' id='word_1_63' title='bbox 1098 632 1277 669; x_wconf 87' lang='lat' dir='ltr'><strong>Autem</strong></span> <span class='ocrx_word' id='word_1_64' title='bbox 1301 645 1381 670; x_wconf 88' lang='lat' dir='ltr'><strong>om.</strong></span> <span class='ocrx_word' id='word_1_65' title='bbox 1403 633 1512 671; x_wconf 85' lang='lat' dir='ltr'><strong>Man.</strong></span> <span class='ocrx_word' id='word_1_66' title='bbox 1537 638 1578 671; x_wconf 86' lang='lat' dir='ltr'><strong>et</strong></span> <span class='ocrx_word' id='word_1_67' title='bbox 1597 634 1734 672; x_wconf 88' lang='lat' dir='ltr'><strong>Lamb.</strong></span> 
     </span>
    </p>

    <p class='ocr_par' dir='ltr' id='par_1_3' title="bbox 273 686 1736 907">
     <span class='ocr_line' id='line_1_9' title="bbox 387 686 1734 737; baseline 0.001 -11"><span class='ocrx_word' id='word_1_68' title='bbox 387 689 503 726; x_wconf 91' lang='lat' dir='ltr'><strong>sine</strong></span> <span class='ocrx_word' id='word_1_69' title='bbox 536 686 854 737; x_wconf 85' lang='lat' dir='ltr'><strong>mutatione]</strong></span> <span class='ocrx_word' id='word_1_70' title='bbox 916 687 983 724; x_wconf 83' lang='lat' dir='ltr'><strong>Sic</strong></span> <span class='ocrx_word' id='word_1_71' title='bbox 1013 692 1126 725; x_wconf 88' lang='lat' dir='ltr'><strong>recte</strong></span> <span class='ocrx_word' id='word_1_72' title='bbox 1162 688 1267 727; x_wconf 85' lang='lat' dir='ltr'><strong>Uict.</strong></span> <span class='ocrx_word' id='word_1_73' title='bbox 1301 689 1413 726; x_wconf 85' lang='lat' dir='ltr'><strong>Man.</strong></span> <span class='ocrx_word' id='word_1_74' title='bbox 1452 689 1593 728; x_wconf 90' lang='lat' dir='ltr'><strong>Lamb.</strong></span> <span class='ocrx_word' id='word_1_75' title='bbox 1634 690 1734 727; x_wconf 84' lang='lat' dir='ltr'><strong>Ern.</strong></span> 
     </span>
     <span class='ocr_line' id='line_1_10' title="bbox 273 742 1735 795; baseline -0.001 -12"><span class='ocrx_word' id='word_1_76' title='bbox 273 745 419 795; x_wconf 78' lang='lat' dir='ltr'><strong>Wagn.</strong></span> <span class='ocrx_word' id='word_1_77' title='bbox 471 743 638 781; x_wconf 82' lang='lat' dir='ltr'><strong>Bakium</strong></span> <span class='ocrx_word' id='word_1_78' title='bbox 697 744 917 794; x_wconf 85' lang='lat' dir='ltr'><strong>scripsisse</strong></span> <span class='ocrx_word' id='word_1_79' title='bbox 962 742 1210 781; x_wconf 75' lang='lat' dir='ltr'><strong>documento</strong></span> <span class='ocrx_word' id='word_1_80' title='bbox 1261 749 1324 782; x_wconf 88' lang='lat' dir='ltr'><strong>est</strong></span> <span class='ocrx_word' id='word_1_81' title='bbox 1370 745 1560 783; x_wconf 89' lang='lat' dir='ltr'><strong>mendum</strong></span> <span class='ocrx_word' id='word_1_82' title='bbox 1614 744 1735 783; x_wconf 87' lang='lat' dir='ltr'>codd.</span> 
     </span>
     <span class='ocr_line' id='line_1_11' title="bbox 274 799 1736 851; baseline 0 -12"><span class='ocrx_word' id='word_1_83' title='bbox 274 799 491 840; x_wconf 89' lang='lat' dir='ltr'><strong>meliorum</strong></span> <span class='ocrx_word' id='word_1_84' title='bbox 525 800 641 837; x_wconf 93' lang='lat' dir='ltr'><strong>seni</strong></span> <span class='ocrx_word' id='word_1_85' title='bbox 673 800 992 847; x_wconf 83' lang='lat' dir='ltr'><strong>mutatione3</strong></span> <span class='ocrx_word' id='word_1_86' title='bbox 1026 799 1173 851; x_wconf 79' lang='lat' dir='ltr'><strong>reliqui</strong></span> <span class='ocrx_word' id='word_1_87' title='bbox 1211 800 1463 840; x_wconf 84' lang='lat' dir='ltr'><strong>deteriorum</strong></span> <span class='ocrx_word' id='word_1_88' title='bbox 1498 801 1618 841; x_wconf 90' lang='lat' dir='ltr'><strong>codd.</strong></span> <span class='ocrx_word' id='word_1_89' title='bbox 1643 814 1736 840; x_wconf 91' lang='lat' dir='ltr'><strong>cor·-</strong></span> 
     </span>
     <span class='ocr_line' id='line_1_12' title="bbox 274 857 1321 907; baseline 0.001 -12"><span class='ocrx_word' id='word_1_90' title='bbox 274 859 500 895; x_wconf 78' lang='lat' dir='ltr'><strong>rectionem</strong></span> <span class='ocrx_word' id='word_1_91' title='bbox 539 857 649 892; x_wconf 88' lang='lat' dir='ltr'><strong>sine</strong></span> <span class='ocrx_word' id='word_1_92' title='bbox 681 857 1055 894; x_wconf 87' lang='lat' dir='ltr'><strong>immutatione</strong></span> <span class='ocrx_word' id='word_1_93' title='bbox 1086 858 1321 907; x_wconf 80' lang='lat' dir='ltr'><strong>probarunt.</strong></span> 
     </span>
    </p>

    <p class='ocr_par' dir='ltr' id='par_1_4' title="bbox 273 911 1781 2260">
     <span class='ocr_line' id='line_1_13' title="bbox 392 911 1736 965; baseline 0.001 -14"><span class='ocrx_word' id='word_1_94' title='bbox 392 912 486 951; x_wconf 88' lang='lat' dir='ltr'><strong>illa</strong></span> <span class='ocrx_word' id='word_1_95' title='bbox 519 911 750 963; x_wconf 88' lang='lat' dir='ltr'><strong>quidem]</strong></span> <span class='ocrx_word' id='word_1_96' title='bbox 812 912 1031 962; x_wconf 89' lang='lat' dir='ltr'><strong>Postquam</strong></span> <span class='ocrx_word' id='word_1_97' title='bbox 1072 913 1236 951; x_wconf 85' lang='lat' dir='ltr'><strong>Marcus</strong></span> <span class='ocrx_word' id='word_1_98' title='bbox 1277 927 1357 952; x_wconf 80' lang='lat' dir='ltr'><strong>non</strong></span> <span class='ocrx_word' id='word_1_99' title='bbox 1392 912 1515 965; x_wconf 91' lang='lat' dir='ltr'><strong>plane</strong></span> <span class='ocrx_word' id='word_1_100' title='bbox 1554 912 1597 951; x_wconf 87' lang='lat' dir='ltr'><strong>id</strong></span> <span class='ocrx_word' id='word_1_101' title='bbox 1636 926 1736 952; x_wconf 90' lang='lat' dir='ltr'><strong>con-</strong></span> 
     </span>
     <span class='ocr_line' id='line_1_14' title="bbox 275 968 1735 1021; baseline -0.002 -12"><span class='ocrx_word' id='word_1_102' title='bbox 275 969 540 1009; x_wconf 87' lang='lat' dir='ltr'><strong>temnendum</strong></span> <span class='ocrx_word' id='word_1_103' title='bbox 582 980 674 1005; x_wconf 89' lang='lat' dir='ltr'><strong>esse</strong></span> <span class='ocrx_word' id='word_1_104' title='bbox 715 968 839 1017; x_wconf 80' lang='lat' dir='ltr'><strong>dixit,</strong></span> <span class='ocrx_word' id='word_1_105' title='bbox 882 982 959 1018; x_wconf 84' lang='lat' dir='ltr'><strong>qua</strong></span> <span class='ocrx_word' id='word_1_106' title='bbox 1001 982 1049 1006; x_wconf 80' lang='lat' dir='ltr'><strong>ex</strong></span> <span class='ocrx_word' id='word_1_107' title='bbox 1080 982 1125 1006; x_wconf 91' lang='lat' dir='ltr'><strong>re</strong></span> <span class='ocrx_word' id='word_1_108' title='bbox 1163 970 1320 1008; x_wconf 74' lang='lat' dir='ltr'><strong>Rornae</strong></span> <span class='ocrx_word' id='word_1_109' title='bbox 1361 970 1405 1007; x_wconf 89' lang='lat' dir='ltr'><strong>id</strong></span> <span class='ocrx_word' id='word_1_110' title='bbox 1449 976 1735 1021; x_wconf 80' lang='lat' dir='ltr'><strong>cognoscatur,</strong></span> 
     </span>
     <span class='ocr_line' id='line_1_15' title="bbox 276 1025 1735 1078; baseline 0 -13"><span class='ocrx_word' id='word_1_111' title='bbox 276 1028 488 1078; x_wconf 69' lang='lat' dir='ltr'><strong>significat.</strong></span> <span class='ocrx_word' id='word_1_112' title='bbox 550 1025 822 1075; x_wconf 82' lang='lat' dir='ltr'><strong>Cognoscitur</strong></span> <span class='ocrx_word' id='word_1_113' title='bbox 860 1030 994 1063; x_wconf 89' lang='lat' dir='ltr'><strong>autem</strong></span> <span class='ocrx_word' id='word_1_114' title='bbox 1035 1038 1083 1063; x_wconf 87' lang='lat' dir='ltr'><strong>ex</strong></span> <span class='ocrx_word' id='word_1_115' title='bbox 1122 1027 1162 1064; x_wconf 92' lang='lat' dir='ltr'><strong>ui</strong></span> <span class='ocrx_word' id='word_1_116' title='bbox 1202 1039 1275 1076; x_wconf 87' lang='lat' dir='ltr'><strong>ea,</strong></span> <span class='ocrx_word' id='word_1_117' title='bbox 1315 1039 1433 1077; x_wconf 90' lang='lat' dir='ltr'><strong>quam</strong></span> <span class='ocrx_word' id='word_1_118' title='bbox 1473 1031 1615 1065; x_wconf 90' lang='lat' dir='ltr'><strong>cantus</strong></span> <span class='ocrx_word' id='word_1_119' title='bbox 1655 1039 1735 1065; x_wconf 87' lang='lat' dir='ltr'><strong>non</strong></span> 
     </span>
     <span class='ocr_line' id='line_1_16' title="bbox 274 1081 1734 1134; baseline -0.002 -11"><span class='ocrx_word' id='word_1_120' title='bbox 274 1087 371 1133; x_wconf 86' lang='lat' dir='ltr'><strong>iam,</strong></span> <span class='ocrx_word' id='word_1_121' title='bbox 404 1088 447 1120; x_wconf 90' lang='lat' dir='ltr'><strong>ut</strong></span> <span class='ocrx_word' id='word_1_122' title='bbox 479 1087 590 1132; x_wconf 87' lang='lat' dir='ltr'><strong>ante,</strong></span> <span class='ocrx_word' id='word_1_123' title='bbox 621 1082 845 1119; x_wconf 87' lang='lat' dir='ltr'><strong>seueritate</strong></span> <span class='ocrx_word' id='word_1_124' title='bbox 887 1081 1062 1120; x_wconf 88' lang='lat' dir='ltr'><strong>iucunda</strong></span> <span class='ocrx_word' id='word_1_125' title='bbox 1103 1082 1320 1134; x_wconf 89' lang='lat' dir='ltr'><strong>completi,</strong></span> <span class='ocrx_word' id='word_1_126' title='bbox 1363 1082 1437 1121; x_wconf 90' lang='lat' dir='ltr'><strong>sed</strong></span> <span class='ocrx_word' id='word_1_127' title='bbox 1481 1082 1734 1121; x_wconf 78' lang='lat' dir='ltr'><strong>exsultantes</strong></span> 
     </span>
     <span class='ocr_line' id='line_1_17' title="bbox 275 1137 1735 1189; baseline 0 -13"><span class='ocrx_word' id='word_1_128' title='bbox 275 1144 316 1189; x_wconf 65' lang='lat' dir='ltr'><strong>ip</strong></span> <span class='ocrx_word' id='word_1_129' title='bbox 356 1140 563 1177; x_wconf 84' lang='lat' dir='ltr'><strong>hominum</strong></span> <span class='ocrx_word' id='word_1_130' title='bbox 605 1139 789 1176; x_wconf 87' lang='lat' dir='ltr'><strong>ceruices</strong></span> <span class='ocrx_word' id='word_1_131' title='bbox 831 1137 1055 1189; x_wconf 90' lang='lat' dir='ltr'><strong>oculosque</strong></span> <span class='ocrx_word' id='word_1_132' title='bbox 1084 1139 1277 1178; x_wconf 86' lang='lat' dir='ltr'><strong>habeant.</strong></span> <span class='ocrx_word' id='word_1_133' title='bbox 1338 1140 1439 1177; x_wconf 73' lang='lat' dir='ltr'><strong>Nam</strong></span> <span class='ocrx_word' id='word_1_134' title='bbox 1473 1141 1597 1177; x_wconf 89' lang='lat' dir='ltr'><strong>uerba</strong></span> <span class='ocrx_word' id='word_1_135' title='bbox 1625 1138 1735 1187; x_wconf 87' lang='lat' dir='ltr'><strong>illa,</strong></span> 
     </span>
     <span class='ocr_line' id='line_1_18' title="bbox 276 1192 1735 1249; baseline -0.001 -15"><span class='ocrx_word' id='word_1_136' title='bbox 276 1192 681 1249; x_wconf 45' lang='lat' dir='ltr'><strong>qii&#39;a⁴e“s“o”l&#39;ebant</strong></span> <span class='ocrx_word' id='word_1_137' title='bbox 721 1194 976 1244; x_wconf 90' lang='lat' dir='ltr'><strong>quondam</strong></span> <span class='ocrx_word' id='word_1_138' title='bbox 1016 1194 1279 1246; x_wconf 89' lang='lat' dir='ltr'><strong>compleri</strong></span> <span class='ocrx_word' id='word_1_139' title='bbox 1318 1197 1622 1233; x_wconf 87' lang='lat' dir='ltr'><strong>seueritate</strong></span> <span class='ocrx_word' id='word_1_140' title='bbox 1664 1197 1735 1233; x_wconf 93' lang='lat' dir='ltr'><strong>iu-</strong></span> 
     </span>
     <span class='ocr_line' id='line_1_19' title="bbox 276 1250 1735 1292; baseline -0.002 0"><span class='ocrx_word' id='word_1_141' title='bbox 276 1253 448 1292; x_wconf 90' lang='lat' dir='ltr'><strong>cunda</strong></span> <span class='ocrx_word' id='word_1_142' title='bbox 491 1250 712 1289; x_wconf 82' lang='lat' dir='ltr'><strong>reserenda</strong></span> <span class='ocrx_word' id='word_1_143' title='bbox 753 1255 847 1288; x_wconf 88' lang='lat' dir='ltr'><strong>sunt</strong></span> <span class='ocrx_word' id='word_1_144' title='bbox 890 1250 936 1287; x_wconf 86' lang='lat' dir='ltr'><strong>ad</strong></span> <span class='ocrx_word' id='word_1_145' title='bbox 988 1253 1145 1289; x_wconf 85' lang='lat' dir='ltr'><strong>cantica</strong></span> <span class='ocrx_word' id='word_1_146' title='bbox 1192 1251 1434 1290; x_wconf 84' lang='lat' dir='ltr'><strong>fabularum.</strong></span> <span class='ocrx_word' id='word_1_147' title='bbox 1504 1252 1571 1289; x_wconf 85' lang='lat' dir='ltr'><strong>Sic</strong></span> <span class='ocrx_word' id='word_1_148' title='bbox 1620 1256 1735 1290; x_wconf 87' lang='lat' dir='ltr'><strong>recte</strong></span> 
     </span>
     <span class='ocr_line' id='line_1_20' title="bbox 274 1306 1735 1357; baseline -0.002 -9"><span class='ocrx_word' id='word_1_149' title='bbox 274 1313 353 1348; x_wconf 89' lang='lat' dir='ltr'><strong>iam</strong></span> <span class='ocrx_word' id='word_1_150' title='bbox 389 1309 514 1346; x_wconf 87' lang='lat' dir='ltr'><strong>Gzius</strong></span> <span class='ocrx_word' id='word_1_151' title='bbox 546 1309 841 1357; x_wconf 89' lang='lat' dir='ltr'><strong>interpretatus</strong></span> <span class='ocrx_word' id='word_1_152' title='bbox 874 1311 950 1346; x_wconf 85' lang='lat' dir='ltr'><strong>est.</strong></span> <span class='ocrx_word' id='word_1_153' title='bbox 1014 1306 1093 1345; x_wconf 89' lang='lat' dir='ltr'><strong>Alii</strong></span> <span class='ocrx_word' id='word_1_154' title='bbox 1135 1309 1348 1346; x_wconf 89' lang='lat' dir='ltr'><strong>theatra</strong></span> <span class='ocrx_word' id='word_1_155' title='bbox 1388 1308 1578 1346; x_wconf 85' lang='lat' dir='ltr'><strong>dixerunt</strong></span> <span class='ocrx_word' id='word_1_156' title='bbox 1607 1307 1735 1345; x_wconf 89' lang='lat' dir='ltr'><strong>iutel-</strong></span> 
     </span>
     <span class='ocr_line' id='line_1_21' title="bbox 275 1363 1734 1418; baseline -0.001 -14"><span class='ocrx_word' id='word_1_157' title='bbox 275 1366 347 1418; x_wconf 80' lang='lat' dir='ltr'><strong>ligi</strong></span> <span class='ocrx_word' id='word_1_158' title='bbox 389 1369 606 1416; x_wconf 78' lang='lat' dir='ltr'><strong>oportere,</strong></span> <span class='ocrx_word' id='word_1_159' title='bbox 649 1367 693 1400; x_wconf 86' lang='lat' dir='ltr'><strong>ut</strong></span> <span class='ocrx_word' id='word_1_160' title='bbox 723 1363 867 1412; x_wconf 65' lang='lat' dir='ltr'><strong>W&#39;agn.</strong></span> <span class='ocrx_word' id='word_1_161' title='bbox 900 1363 1053 1412; x_wconf 50' lang='lat' dir='ltr'><strong>wyte,</strong></span> <span class='ocrx_word' id='word_1_162' title='bbox 1087 1363 1151 1400; x_wconf 90' lang='lat' dir='ltr'><strong>alii</strong></span> <span class='ocrx_word' id='word_1_163' title='bbox 1191 1366 1324 1415; x_wconf 87' lang='lat' dir='ltr'><strong>ipsum</strong></span> <span class='ocrx_word' id='word_1_164' title='bbox 1365 1377 1513 1402; x_wconf 84' lang='lat' dir='ltr'><strong>nomen</strong></span> <span class='ocrx_word' id='word_1_165' title='bbox 1549 1365 1601 1402; x_wconf 89' lang='lat' dir='ltr'><strong>de</strong></span> <span class='ocrx_word' id='word_1_166' title='bbox 1635 1378 1734 1402; x_wconf 90' lang='lat' dir='ltr'><strong>cou-</strong></span> 
     </span>
     <span class='ocr_line' id='line_1_22' title="bbox 274 1418 1735 1472; baseline -0.002 -11"><span class='ocrx_word' id='word_1_167' title='bbox 274 1426 430 1461; x_wconf 87' lang='lat' dir='ltr'><strong>iectura</strong></span> <span class='ocrx_word' id='word_1_168' title='bbox 459 1419 553 1458; x_wconf 90' lang='lat' dir='ltr'><strong>addi</strong></span> <span class='ocrx_word' id='word_1_169' title='bbox 585 1418 820 1469; x_wconf 90' lang='lat' dir='ltr'><strong>uoluerunt,</strong></span> <span class='ocrx_word' id='word_1_170' title='bbox 854 1422 897 1456; x_wconf 92' lang='lat' dir='ltr'><strong>ut</strong></span> <span class='ocrx_word' id='word_1_171' title='bbox 929 1419 1177 1457; x_wconf 86' lang='lat' dir='ltr'><strong>Schuetzius</strong></span> <span class='ocrx_word' id='word_1_172' title='bbox 1210 1419 1331 1472; x_wconf 87' lang='lat' dir='ltr'><strong>(illa</strong></span> <span class='ocrx_word' id='word_1_173' title='bbox 1359 1421 1566 1470; x_wconf 86' lang='lat' dir='ltr'><strong>quidem</strong></span> <span class='ocrx_word' id='word_1_174' title='bbox 1588 1421 1735 1459; x_wconf 87' lang='lat' dir='ltr'><strong>thea-</strong></span> 
     </span>
     <span class='ocr_line' id='line_1_23' title="bbox 275 1474 1735 1532; baseline -0.002 -14"><span class='ocrx_word' id='word_1_175' title='bbox 275 1475 404 1532; x_wconf 84' lang='lat' dir='ltr'><strong>tra),</strong></span> <span class='ocrx_word' id='word_1_176' title='bbox 434 1477 560 1528; x_wconf 66' lang='lat' dir='ltr'><strong>wytt.</strong></span> <span class='ocrx_word' id='word_1_177' title='bbox 592 1477 633 1512; x_wconf 93' lang='lat' dir='ltr'><strong>in</strong></span> <span class='ocrx_word' id='word_1_178' title='bbox 665 1488 790 1526; x_wconf 81' lang='lat' dir='ltr'><strong>marg.</strong></span> <span class='ocrx_word' id='word_1_179' title='bbox 826 1475 926 1514; x_wconf 87' lang='lat' dir='ltr'><strong>edit.</strong></span> <span class='ocrx_word' id='word_1_180' title='bbox 961 1477 1130 1513; x_wconf 88' lang='lat' dir='ltr'><strong>minoris</strong></span> <span class='ocrx_word' id='word_1_181' title='bbox 1164 1476 1343 1515; x_wconf 91' lang='lat' dir='ltr'><strong>Gzianae</strong></span> <span class='ocrx_word' id='word_1_182' title='bbox 1383 1474 1502 1529; x_wconf 88' lang='lat' dir='ltr'><strong>(illa</strong></span> <span class='ocrx_word' id='word_1_183' title='bbox 1531 1477 1735 1528; x_wconf 86' lang='lat' dir='ltr'><strong>quidem</strong></span> 
     </span>
     <span class='ocr_line' id='line_1_24' title="bbox 276 1530 1736 1587; baseline -0.002 -13"><span class='ocrx_word' id='word_1_184' title='bbox 276 1532 525 1587; x_wconf 81' lang='lat' dir='ltr'><strong>sedilia),</strong></span> <span class='ocrx_word' id='word_1_185' title='bbox 558 1532 731 1570; x_wconf 85' lang='lat' dir='ltr'><strong>Rathius</strong></span> <span class='ocrx_word' id='word_1_186' title='bbox 763 1530 884 1585; x_wconf 84' lang='lat' dir='ltr'><strong>(illa</strong></span> <span class='ocrx_word' id='word_1_187' title='bbox 917 1532 1117 1583; x_wconf 87' lang='lat' dir='ltr'><strong>quidem</strong></span> <span class='ocrx_word' id='word_1_188' title='bbox 1153 1546 1331 1583; x_wconf 89' lang='lat' dir='ltr'><strong>cauea,</strong></span> <span class='ocrx_word' id='word_1_189' title='bbox 1374 1546 1499 1584; x_wconf 88' lang='lat' dir='ltr'><strong>quae</strong></span> <span class='ocrx_word' id='word_1_190' title='bbox 1530 1531 1736 1571; x_wconf 85' lang='lat' dir='ltr'><strong>solebat</strong></span> 
     </span>
     <span class='ocr_line' id='line_1_25' title="bbox 276 1589 1781 1643; baseline -0.002 -12"><span class='ocrx_word' id='word_1_191' title='bbox 276 1590 566 1642; x_wconf 82' lang='lat' dir='ltr'><strong>complecti</strong></span> <span class='ocrx_word' id='word_1_192' title='bbox 606 1591 959 1626; x_wconf 82' lang='lat' dir='ltr'><strong>seueritatem</strong></span> <span class='ocrx_word' id='word_1_193' title='bbox 1002 1589 1280 1627; x_wconf 86' lang='lat' dir='ltr'><strong>iucundam</strong></span> <span class='ocrx_word' id='word_1_194' title='bbox 1328 1590 1430 1630; x_wconf 84' lang='lat' dir='ltr'><strong>Liu.</strong></span> <span class='ocrx_word' id='word_1_195' title='bbox 1483 1594 1533 1628; x_wconf 87' lang='lat' dir='ltr'><strong>et</strong></span> <span class='ocrx_word' id='word_1_196' title='bbox 1580 1591 1732 1628; x_wconf 90' lang='lat' dir='ltr'><strong>Naeu.</strong></span> <span class='ocrx_word' id='word_1_197' title='bbox 1780 1611 1781 1643; x_wconf 62' lang='lat'>3</span> 
     </span>
     <span class='ocr_line' id='line_1_26' title="bbox 274 1644 1734 1697; baseline -0.003 -10"><span class='ocrx_word' id='word_1_198' title='bbox 274 1648 472 1697; x_wconf 83' lang='lat' dir='ltr'><strong>modis,</strong></span> <span class='ocrx_word' id='word_1_199' title='bbox 514 1658 645 1684; x_wconf 89' lang='lat' dir='ltr'><strong>nunc</strong></span> <span class='ocrx_word' id='word_1_200' title='bbox 683 1667 737 1672; x_wconf 97' lang='lat'><strong>—</strong></span> <span class='ocrx_word' id='word_1_201' title='bbox 773 1644 1053 1697; x_wconf 84' lang='lat' dir='ltr'><strong>exsultat).</strong></span> <span class='ocrx_word' id='word_1_202' title='bbox 1114 1646 1265 1683; x_wconf 87' lang='lat' dir='ltr'><strong>Uerum</strong></span> <span class='ocrx_word' id='word_1_203' title='bbox 1306 1659 1382 1684; x_wconf 93' lang='lat' dir='ltr'><strong>nec</strong></span> <span class='ocrx_word' id='word_1_204' title='bbox 1418 1646 1606 1685; x_wconf 87' lang='lat' dir='ltr'><strong>aedificia</strong></span> <span class='ocrx_word' id='word_1_205' title='bbox 1647 1651 1734 1684; x_wconf 85' lang='lat' dir='ltr'><strong>tor-</strong></span> 
     </span>
     <span class='ocr_line' id='line_1_27' title="bbox 277 1701 1734 1756; baseline -0.002 -13"><span class='ocrx_word' id='word_1_206' title='bbox 277 1710 404 1756; x_wconf 88' lang='lat' dir='ltr'><strong>quent</strong></span> <span class='ocrx_word' id='word_1_207' title='bbox 442 1705 650 1741; x_wconf 88' lang='lat' dir='ltr'><strong>hominum</strong></span> <span class='ocrx_word' id='word_1_208' title='bbox 692 1701 856 1750; x_wconf 89' lang='lat' dir='ltr'><strong>oculos,</strong></span> <span class='ocrx_word' id='word_1_209' title='bbox 897 1714 974 1739; x_wconf 90' lang='lat' dir='ltr'><strong>nec</strong></span> <span class='ocrx_word' id='word_1_210' title='bbox 1011 1708 1267 1751; x_wconf 85' lang='lat' dir='ltr'><strong>spectatores</strong></span> <span class='ocrx_word' id='word_1_211' title='bbox 1306 1701 1420 1753; x_wconf 88' lang='lat' dir='ltr'><strong>(nam</strong></span> <span class='ocrx_word' id='word_1_212' title='bbox 1454 1702 1615 1739; x_wconf 87' lang='lat' dir='ltr'><strong>theatra</strong></span> <span class='ocrx_word' id='word_1_213' title='bbox 1644 1702 1734 1740; x_wconf 80' lang='lat' dir='ltr'><strong>fere</strong></span> 
     </span>
     <span class='ocr_line' id='line_1_28' title="bbox 275 1755 1734 1814; baseline -0.003 -14"><span class='ocrx_word' id='word_1_214' title='bbox 275 1765 532 1814; x_wconf 81' lang='lat' dir='ltr'><strong>spectatores</strong></span> <span class='ocrx_word' id='word_1_215' title='bbox 588 1771 680 1795; x_wconf 86' lang='lat' dir='ltr'><strong>esse</strong></span> <span class='ocrx_word' id='word_1_216' title='bbox 734 1755 897 1810; x_wconf 84' lang='lat' dir='ltr'><strong>dicunt)</strong></span> <span class='ocrx_word' id='word_1_217' title='bbox 920 1786 931 1806; x_wconf 88' lang='lat'><strong>,</strong></span> <span class='ocrx_word' id='word_1_218' title='bbox 979 1757 1053 1795; x_wconf 88' lang='lat' dir='ltr'><strong>sed</strong></span> <span class='ocrx_word' id='word_1_219' title='bbox 1101 1759 1192 1808; x_wconf 86' lang='lat' dir='ltr'><strong>quia</strong></span> <span class='ocrx_word' id='word_1_220' title='bbox 1219 1787 1229 1806; x_wconf 90' lang='lat'><strong>,</strong></span> <span class='ocrx_word' id='word_1_221' title='bbox 1284 1771 1402 1808; x_wconf 88' lang='lat' dir='ltr'><strong>quam</strong></span> <span class='ocrx_word' id='word_1_222' title='bbox 1457 1760 1538 1796; x_wconf 90' lang='lat' dir='ltr'><strong>uim</strong></span> <span class='ocrx_word' id='word_1_223' title='bbox 1591 1763 1734 1796; x_wconf 85' lang='lat' dir='ltr'><strong>cantus</strong></span> 
     </span>
     <span class='ocr_line' id='line_1_29' title="bbox 275 1813 1734 1867; baseline -0.003 -11"><span class='ocrx_word' id='word_1_224' title='bbox 275 1820 470 1867; x_wconf 83' lang='lat' dir='ltr'><strong>habeant,</strong></span> <span class='ocrx_word' id='word_1_225' title='bbox 502 1815 750 1864; x_wconf 87' lang='lat' dir='ltr'><strong>ostenditur,</strong></span> <span class='ocrx_word' id='word_1_226' title='bbox 782 1816 860 1865; x_wconf 86' lang='lat' dir='ltr'><strong>ipsi</strong></span> <span class='ocrx_word' id='word_1_227' title='bbox 892 1820 1056 1851; x_wconf 84' lang='lat' dir='ltr'><strong>cantus:</strong></span> <span class='ocrx_word' id='word_1_228' title='bbox 1088 1815 1155 1865; x_wconf 92' lang='lat' dir='ltr'><strong>qui</strong></span> <span class='ocrx_word' id='word_1_229' title='bbox 1182 1813 1344 1864; x_wconf 86' lang='lat' dir='ltr'><strong>quidem</strong></span> <span class='ocrx_word' id='word_1_230' title='bbox 1369 1813 1565 1866; x_wconf 90' lang='lat' dir='ltr'><strong>compleri</strong></span> <span class='ocrx_word' id='word_1_231' title='bbox 1590 1814 1734 1851; x_wconf 87' lang='lat' dir='ltr'><strong>dicun-</strong></span> 
     </span>
     <span class='ocr_line' id='line_1_30' title="bbox 273 1869 1733 1921; baseline -0.003 -8"><span class='ocrx_word' id='word_1_232' title='bbox 273 1882 340 1913; x_wconf 92' lang='lat' dir='ltr'><strong>tur</strong></span> <span class='ocrx_word' id='word_1_233' title='bbox 379 1874 600 1912; x_wconf 83' lang='lat' dir='ltr'><strong>scueritate</strong></span> <span class='ocrx_word' id='word_1_234' title='bbox 640 1870 834 1920; x_wconf 87' lang='lat' dir='ltr'><strong>iucunda,</strong></span> <span class='ocrx_word' id='word_1_235' title='bbox 872 1874 917 1907; x_wconf 87' lang='lat' dir='ltr'><strong>ut</strong></span> <span class='ocrx_word' id='word_1_236' title='bbox 957 1873 1221 1909; x_wconf 88' lang='lat' dir='ltr'><strong>seueritatem</strong></span> <span class='ocrx_word' id='word_1_237' title='bbox 1272 1870 1487 1919; x_wconf 76' lang='lat' dir='ltr'><strong>iucundam</strong></span> <span class='ocrx_word' id='word_1_238' title='bbox 1535 1869 1733 1921; x_wconf 90' lang='lat' dir='ltr'><strong>quandam</strong></span> 
     </span>
     <span class='ocr_line' id='line_1_31' title="bbox 276 1926 1778 1979; baseline -0.003 -10"><span class='ocrx_word' id='word_1_239' title='bbox 276 1944 414 1970; x_wconf 89' lang='lat' dir='ltr'><strong>eorum</strong></span> <span class='ocrx_word' id='word_1_240' title='bbox 448 1931 528 1968; x_wconf 91' lang='lat' dir='ltr'><strong>uim</strong></span> <span class='ocrx_word' id='word_1_241' title='bbox 563 1934 684 1979; x_wconf 88' lang='lat' dir='ltr'><strong>atque</strong></span> <span class='ocrx_word' id='word_1_242' title='bbox 714 1931 899 1965; x_wconf 87' lang='lat' dir='ltr'><strong>naturam</strong></span> <span class='ocrx_word' id='word_1_243' title='bbox 924 1926 1054 1964; x_wconf 84' lang='lat' dir='ltr'><strong>fuisse</strong></span> <span class='ocrx_word' id='word_1_244' title='bbox 1085 1928 1351 1978; x_wconf 78' lang='lat' dir='ltr'><strong>significetur.</strong></span> <span class='ocrx_word' id='word_1_245' title='bbox 1416 1926 1575 1978; x_wconf 85' lang='lat' dir='ltr'><strong>Duplex</strong></span> <span class='ocrx_word' id='word_1_246' title='bbox 1598 1932 1732 1965; x_wconf 89' lang='lat' dir='ltr'><strong>autem</strong></span> <span class='ocrx_word' id='word_1_247' title='bbox 1776 1962 1778 1965; x_wconf 78' lang='grc'>,</span> 
     </span>
     <span class='ocr_line' id='line_1_32' title="bbox 277 1980 1734 2039; baseline -0.004 -13"><span class='ocrx_word' id='word_1_248' title='bbox 277 1987 477 2026; x_wconf 90' lang='lat' dir='ltr'><strong>ablatiuus</strong></span> <span class='ocrx_word' id='word_1_249' title='bbox 529 1984 854 2039; x_wconf 88' lang='lat' dir='ltr'><strong>(seueritate</strong></span> <span class='ocrx_word' id='word_1_250' title='bbox 893 1983 1121 2022; x_wconf 86' lang='lat' dir='ltr'><strong>iucunda</strong></span> <span class='ocrx_word' id='word_1_251' title='bbox 1160 1989 1203 2021; x_wconf 89' lang='lat' dir='ltr'><strong>et</strong></span> <span class='ocrx_word' id='word_1_252' title='bbox 1244 1984 1484 2022; x_wconf 85' lang='lat' dir='ltr'><strong>Liuianis</strong></span> <span class='ocrx_word' id='word_1_253' title='bbox 1526 1980 1734 2036; x_wconf 87' lang='lat' dir='ltr'><strong>modis),</strong></span> 
     </span>
     <span class='ocr_line' id='line_1_33' title="bbox 277 2040 1732 2096; baseline -0.003 -14"><span class='ocrx_word' id='word_1_254' title='bbox 277 2046 343 2096; x_wconf 90' lang='lat' dir='ltr'><strong>qui</strong></span> <span class='ocrx_word' id='word_1_255' title='bbox 378 2044 499 2081; x_wconf 77' lang='lat' dir='ltr'><strong>Bakio</strong></span> <span class='ocrx_word' id='word_1_256' title='bbox 533 2045 587 2080; x_wconf 88' lang='lat' dir='ltr'><strong>ita</strong></span> <span class='ocrx_word' id='word_1_257' title='bbox 619 2041 851 2092; x_wconf 79' lang='lat' dir='ltr'><strong>displicuit,</strong></span> <span class='ocrx_word' id='word_1_258' title='bbox 883 2044 929 2078; x_wconf 87' lang='lat' dir='ltr'><strong>ut</strong></span> <span class='ocrx_word' id='word_1_259' title='bbox 956 2041 1165 2079; x_wconf 86' lang='lat' dir='ltr'><strong>seueris</strong></span> <span class='ocrx_word' id='word_1_260' title='bbox 1209 2045 1259 2078; x_wconf 90' lang='lat' dir='ltr'><strong>et</strong></span> <span class='ocrx_word' id='word_1_261' title='bbox 1299 2040 1594 2078; x_wconf 87' lang='lat' dir='ltr'><strong>inconditis</strong></span> <span class='ocrx_word' id='word_1_262' title='bbox 1625 2040 1732 2078; x_wconf 89' lang='lat' dir='ltr'><strong>Liu.</strong></span> 
     </span>
     <span class='ocr_line' id='line_1_34' title="bbox 275 2095 1732 2146; baseline -0.003 -8"><span class='ocrx_word' id='word_1_263' title='bbox 275 2108 328 2138; x_wconf 85' lang='lat' dir='ltr'><strong>et</strong></span> <span class='ocrx_word' id='word_1_264' title='bbox 373 2101 526 2139; x_wconf 85' lang='lat' dir='ltr'><strong>Naeu.</strong></span> <span class='ocrx_word' id='word_1_265' title='bbox 574 2098 739 2136; x_wconf 88' lang='lat' dir='ltr'><strong>modis</strong></span> <span class='ocrx_word' id='word_1_266' title='bbox 789 2099 1039 2146; x_wconf 87' lang='lat' dir='ltr'><strong>coniiceret,</strong></span> <span class='ocrx_word' id='word_1_267' title='bbox 1089 2095 1193 2134; x_wconf 90' lang='lat' dir='ltr'><strong>nihil</strong></span> <span class='ocrx_word' id='word_1_268' title='bbox 1237 2097 1455 2135; x_wconf 88' lang='lat' dir='ltr'><strong>molestiae</strong></span> <span class='ocrx_word' id='word_1_269' title='bbox 1501 2097 1651 2146; x_wconf 89' lang='lat' dir='ltr'><strong>habet,</strong></span> <span class='ocrx_word' id='word_1_270' title='bbox 1697 2098 1732 2134; x_wconf 90' lang='lat' dir='ltr'><strong>si</strong></span> 
     </span>
     <span class='ocr_line' id='line_1_35' title="bbox 273 2151 1733 2204; baseline -0.003 -10"><span class='ocrx_word' id='word_1_271' title='bbox 273 2158 468 2195; x_wconf 89' lang='lat' dir='ltr'><strong>Liuianos</strong></span> <span class='ocrx_word' id='word_1_272' title='bbox 502 2159 545 2192; x_wconf 90' lang='lat' dir='ltr'><strong>et</strong></span> <span class='ocrx_word' id='word_1_273' title='bbox 572 2154 804 2192; x_wconf 91' lang='lat' dir='ltr'><strong>Naeuianos</strong></span> <span class='ocrx_word' id='word_1_274' title='bbox 836 2151 980 2190; x_wconf 88' lang='lat' dir='ltr'><strong>modos</strong></span> <span class='ocrx_word' id='word_1_275' title='bbox 1013 2152 1201 2190; x_wconf 85' lang='lat' dir='ltr'><strong>effecisse</strong></span> <span class='ocrx_word' id='word_1_276' title='bbox 1234 2155 1397 2204; x_wconf 85' lang='lat' dir='ltr'><strong>statuis,</strong></span> <span class='ocrx_word' id='word_1_277' title='bbox 1430 2158 1473 2191; x_wconf 88' lang='lat' dir='ltr'><strong>ut</strong></span> <span class='ocrx_word' id='word_1_278' title='bbox 1502 2158 1645 2191; x_wconf 89' lang='lat' dir='ltr'><strong>cantus</strong></span> <span class='ocrx_word' id='word_1_279' title='bbox 1673 2152 1733 2191; x_wconf 91' lang='lat' dir='ltr'><strong>illi</strong></span> 
     </span>
     <span class='ocr_line' id='line_1_36' title="bbox 274 2208 1053 2260; baseline -0.008 -9"><span class='ocrx_word' id='word_1_280' title='bbox 274 2213 498 2252; x_wconf 89' lang='lat' dir='ltr'><strong>seueritate</strong></span> <span class='ocrx_word' id='word_1_281' title='bbox 527 2209 701 2248; x_wconf 88' lang='lat' dir='ltr'><strong>iucunda</strong></span> <span class='ocrx_word' id='word_1_282' title='bbox 732 2208 1053 2260; x_wconf 85' lang='lat' dir='ltr'><strong>complerentur.</strong></span> 
     </span>
    </p>

    <p class='ocr_par' dir='ltr' id='par_1_5' title="bbox 275 2264 1777 2828">
     <span class='ocr_line' id='line_1_37' title="bbox 391 2264 1733 2317; baseline -0.001 -12"><span class='ocrx_word' id='word_1_283' title='bbox 391 2265 688 2316; x_wconf 82' lang='lat' dir='ltr'><strong>exsultant]</strong></span> <span class='ocrx_word' id='word_1_284' title='bbox 752 2266 792 2303; x_wconf 89' lang='lat' dir='ltr'><strong>ln</strong></span> <span class='ocrx_word' id='word_1_285' title='bbox 825 2265 918 2304; x_wconf 90' lang='lat' dir='ltr'><strong>cod.</strong></span> <span class='ocrx_word' id='word_1_286' title='bbox 957 2265 1063 2305; x_wconf 85' lang='lat' dir='ltr'><strong>arch.</strong></span> <span class='ocrx_word' id='word_1_287' title='bbox 1106 2264 1249 2317; x_wconf 92' lang='lat' dir='ltr'><strong>procul</strong></span> <span class='ocrx_word' id='word_1_288' title='bbox 1288 2265 1410 2304; x_wconf 91' lang='lat' dir='ltr'><strong>dubio</strong></span> <span class='ocrx_word' id='word_1_289' title='bbox 1450 2266 1526 2303; x_wconf 92' lang='lat' dir='ltr'><strong>iam</strong></span> <span class='ocrx_word' id='word_1_290' title='bbox 1566 2266 1733 2304; x_wconf 85' lang='lat' dir='ltr'><strong>fuerunt</strong></span> 
     </span>
     <span class='ocr_line' id='line_1_38' title="bbox 276 2321 1732 2371; baseline -0.003 -7"><span class='ocrx_word' id='word_1_291' title='bbox 276 2325 527 2365; x_wconf 90' lang='lat' dir='ltr'><strong>coniunctiui</strong></span> <span class='ocrx_word' id='word_1_292' title='bbox 560 2321 793 2361; x_wconf 86' lang='lat' dir='ltr'><strong>exsultet</strong></span> <span class='ocrx_word' id='word_1_293' title='bbox 823 2321 889 2360; x_wconf 88' lang='lat' dir='ltr'><strong>uel</strong></span> <span class='ocrx_word' id='word_1_294' title='bbox 921 2322 1192 2360; x_wconf 86' lang='lat' dir='ltr'><strong>exsultent</strong></span> <span class='ocrx_word' id='word_1_295' title='bbox 1215 2345 1268 2350; x_wconf 91' lang='lat'>—</span> <span class='ocrx_word' id='word_1_296' title='bbox 1295 2327 1592 2371; x_wconf 86' lang='lat' dir='ltr'><strong>torqueant.</strong></span> <span class='ocrx_word' id='word_1_297' title='bbox 1655 2324 1732 2371; x_wconf 77' lang='lat' dir='ltr'><strong>Qui</strong></span> 
     </span>
     <span class='ocr_line' id='line_1_39' title="bbox 277 2379 1776 2433; baseline -0.001 -14"><span class='ocrx_word' id='word_1_298' title='bbox 277 2384 369 2433; x_wconf 89' lang='lat' dir='ltr'><strong>quia</strong></span> <span class='ocrx_word' id='word_1_299' title='bbox 410 2394 489 2418; x_wconf 90' lang='lat' dir='ltr'><strong>non</strong></span> <span class='ocrx_word' id='word_1_300' title='bbox 530 2380 704 2429; x_wconf 85' lang='lat' dir='ltr'><strong>habent,</strong></span> <span class='ocrx_word' id='word_1_301' title='bbox 747 2392 822 2430; x_wconf 89' lang='lat' dir='ltr'><strong>quo</strong></span> <span class='ocrx_word' id='word_1_302' title='bbox 863 2379 1122 2428; x_wconf 78' lang='lat' dir='ltr'><strong>reserantur,</strong></span> <span class='ocrx_word' id='word_1_303' title='bbox 1163 2380 1315 2417; x_wconf 89' lang='lat' dir='ltr'><strong>Lbiuus</strong></span> <span class='ocrx_word' id='word_1_304' title='bbox 1357 2380 1558 2416; x_wconf 73' lang='lat' dir='ltr'><strong>coniecit:</strong></span> <span class='ocrx_word' id='word_1_305' title='bbox 1597 2392 1731 2416; x_wconf 91' lang='lat' dir='ltr'><strong>nunc</strong></span> <span class='ocrx_word' id='word_1_306' title='bbox 1774 2415 1776 2418; x_wconf 89' lang='lat'><strong>.</strong></span> 
     </span>
     <span class='ocr_line' id='line_1_40' title="bbox 277 2427 1767 2487; baseline -0.003 -11"><span class='ocrx_word' id='word_1_307' title='bbox 277 2438 450 2487; x_wconf 88' lang='lat' dir='ltr'><strong>uides,</strong></span> <span class='ocrx_word' id='word_1_308' title='bbox 481 2441 536 2474; x_wconf 89' lang='lat' dir='ltr'><strong>ut</strong></span> <span class='ocrx_word' id='word_1_309' title='bbox 561 2436 733 2474; x_wconf 90' lang='lat' dir='ltr'><strong>eadem</strong></span> <span class='ocrx_word' id='word_1_310' title='bbox 758 2436 1048 2473; x_wconf 84' lang='lat' dir='ltr'><strong>exsultent.</strong></span> <span class='ocrx_word' id='word_1_311' title='bbox 1102 2438 1213 2484; x_wconf 75' lang='lat' dir='ltr'><strong>Quae</strong></span> <span class='ocrx_word' id='word_1_312' title='bbox 1239 2437 1271 2473; x_wconf 91' lang='lat' dir='ltr'><strong>si</strong></span> <span class='ocrx_word' id='word_1_313' title='bbox 1296 2434 1455 2473; x_wconf 78' lang='lat' dir='ltr'><strong>Tullius</strong></span> <span class='ocrx_word' id='word_1_314' title='bbox 1478 2436 1730 2487; x_wconf 85' lang='lat' dir='ltr'><strong>scripsisset,</strong></span> <span class='ocrx_word' id='word_1_315' title='bbox 1766 2427 1767 2454; x_wconf 60' lang='lat'>³</span> 
     </span>
     <span class='ocr_line' id='line_1_41' title="bbox 278 2492 1773 2543; baseline -0.002 -11"><span class='ocrx_word' id='word_1_316' title='bbox 278 2507 373 2532; x_wconf 89' lang='lat' dir='ltr'><strong>usus</strong></span> <span class='ocrx_word' id='word_1_317' title='bbox 405 2507 485 2532; x_wconf 90' lang='lat' dir='ltr'><strong>non</strong></span> <span class='ocrx_word' id='word_1_318' title='bbox 518 2499 633 2531; x_wconf 84' lang='lat' dir='ltr'><strong>esset</strong></span> <span class='ocrx_word' id='word_1_319' title='bbox 670 2493 913 2543; x_wconf 83' lang='lat' dir='ltr'><strong>pronomine</strong></span> <span class='ocrx_word' id='word_1_320' title='bbox 951 2492 1143 2532; x_wconf 84' lang='lat' dir='ltr'><strong>eadem.</strong></span> <span class='ocrx_word' id='word_1_321' title='bbox 1212 2492 1289 2530; x_wconf 79' lang='lat' dir='ltr'><strong>Est</strong></span> <span class='ocrx_word' id='word_1_322' title='bbox 1330 2505 1427 2530; x_wconf 90' lang='lat' dir='ltr'><strong>uero</strong></span> <span class='ocrx_word' id='word_1_323' title='bbox 1465 2492 1729 2539; x_wconf 81' lang='lat' dir='ltr'><strong>exclamati03</strong></span> <span class='ocrx_word' id='word_1_324' title='bbox 1765 2507 1773 2514; x_wconf 55' lang='lat'><strong>*=</strong></span> 
     </span>
     <span class='ocr_line' id='line_1_42' title="bbox 275 2548 1728 2601; baseline -0.001 -12"><span class='ocrx_word' id='word_1_325' title='bbox 275 2552 339 2589; x_wconf 93' lang='lat' dir='ltr'><strong>cui</strong></span> <span class='ocrx_word' id='word_1_326' title='bbox 376 2551 442 2601; x_wconf 89' lang='lat' dir='ltr'><strong>qui</strong></span> <span class='ocrx_word' id='word_1_327' title='bbox 483 2548 594 2587; x_wconf 93' lang='lat' dir='ltr'><strong>solus</strong></span> <span class='ocrx_word' id='word_1_328' title='bbox 631 2555 748 2601; x_wconf 88' lang='lat' dir='ltr'><strong>aptus</strong></span> <span class='ocrx_word' id='word_1_329' title='bbox 791 2555 855 2586; x_wconf 86' lang='lat' dir='ltr'><strong>est</strong></span> <span class='ocrx_word' id='word_1_330' title='bbox 890 2548 1161 2598; x_wconf 87' lang='lat' dir='ltr'><strong>indicatiuus,</strong></span> <span class='ocrx_word' id='word_1_331' title='bbox 1206 2561 1297 2586; x_wconf 91' lang='lat' dir='ltr'><strong>eum</strong></span> <span class='ocrx_word' id='word_1_332' title='bbox 1337 2548 1388 2587; x_wconf 90' lang='lat' dir='ltr'><strong>de</strong></span> <span class='ocrx_word' id='word_1_333' title='bbox 1428 2549 1581 2586; x_wconf 88' lang='lat' dir='ltr'><strong>Dauisii</strong></span> <span class='ocrx_word' id='word_1_334' title='bbox 1623 2550 1728 2587; x_wconf 89' lang='lat' dir='ltr'><strong>coui.</strong></span> 
     </span>
     <span class='ocr_line' id='line_1_43' title="bbox 275 2598 1763 2657; baseline -0.003 -12"><span class='ocrx_word' id='word_1_335' title='bbox 275 2608 424 2646; x_wconf 90' lang='lat' dir='ltr'><strong>merito</strong></span> <span class='ocrx_word' id='word_1_336' title='bbox 458 2607 601 2656; x_wconf 89' lang='lat' dir='ltr'><strong>Gzius,</strong></span> <span class='ocrx_word' id='word_1_337' title='bbox 634 2605 780 2657; x_wconf 82' lang='lat' dir='ltr'><strong>reliqui</strong></span> <span class='ocrx_word' id='word_1_338' title='bbox 811 2607 1099 2644; x_wconf 82' lang='lat' dir='ltr'><strong>restituerunt.</strong></span> <span class='ocrx_word' id='word_1_339' title='bbox 1161 2605 1261 2643; x_wconf 87' lang='lat' dir='ltr'><strong>Ern.</strong></span> <span class='ocrx_word' id='word_1_340' title='bbox 1294 2609 1336 2644; x_wconf 86' lang='lat' dir='ltr'><strong>et</strong></span> <span class='ocrx_word' id='word_1_341' title='bbox 1368 2604 1536 2655; x_wconf 81' lang='lat' dir='ltr'><strong>Wagn.:</strong></span> <span class='ocrx_word' id='word_1_342' title='bbox 1580 2617 1605 2641; x_wconf 91' lang='lat' dir='ltr'><strong>u</strong></span> <span class='ocrx_word' id='word_1_343' title='bbox 1618 2617 1728 2654; x_wconf 89' lang='lat' dir='ltr'><strong>unc,</strong></span> <span class='ocrx_word' id='word_1_344' title='bbox 1762 2598 1763 2639; x_wconf 69' lang='grc' dir='ltr'>Ϊ</span> 
     </span>
     <span class='ocr_line' id='line_1_44' title="bbox 275 2662 1731 2713; baseline -0.003 -11"><span class='ocrx_word' id='word_1_345' title='bbox 275 2668 328 2702; x_wconf 90' lang='lat' dir='ltr'><strong>ut</strong></span> <span class='ocrx_word' id='word_1_346' title='bbox 365 2662 544 2700; x_wconf 89' lang='lat' dir='ltr'><strong>eadem</strong></span> <span class='ocrx_word' id='word_1_347' title='bbox 588 2663 891 2713; x_wconf 86' lang='lat' dir='ltr'><strong>exsultent,</strong></span> <span class='ocrx_word' id='word_1_348' title='bbox 931 2664 1176 2701; x_wconf 81' lang='lat' dir='ltr'><strong>ceruices</strong></span> <span class='ocrx_word' id='word_1_349' title='bbox 1218 2685 1271 2689; x_wconf 79' lang='lat'>—</span> <span class='ocrx_word' id='word_1_350' title='bbox 1310 2666 1571 2712; x_wconf 78' lang='lat' dir='ltr'><strong>torquent.</strong></span> <span class='ocrx_word' id='word_1_351' title='bbox 1633 2662 1731 2700; x_wconf 75' lang='lat' dir='ltr'><strong>Mox</strong></span> 
     </span>
     <span class='ocr_line' id='line_1_45' title="bbox 275 2718 1729 2759; baseline -0.001 -2"><span class='ocrx_word' id='word_1_352' title='bbox 275 2720 329 2758; x_wconf 87' lang='lat' dir='ltr'><strong>de</strong></span> <span class='ocrx_word' id='word_1_353' title='bbox 373 2719 464 2757; x_wconf 89' lang='lat' dir='ltr'><strong>Gzii</strong></span> <span class='ocrx_word' id='word_1_354' title='bbox 510 2721 717 2758; x_wconf 85' lang='lat' dir='ltr'><strong>sententia</strong></span> <span class='ocrx_word' id='word_1_355' title='bbox 763 2719 859 2757; x_wconf 85' lang='lat' dir='ltr'><strong>Sch.</strong></span> <span class='ocrx_word' id='word_1_356' title='bbox 906 2719 1011 2759; x_wconf 88' lang='lat' dir='ltr'><strong>Mos.</strong></span> <span class='ocrx_word' id='word_1_357' title='bbox 1059 2718 1206 2757; x_wconf 86' lang='lat' dir='ltr'><strong>Bakius</strong></span> <span class='ocrx_word' id='word_1_358' title='bbox 1250 2723 1300 2756; x_wconf 87' lang='lat' dir='ltr'><strong>ut</strong></span> <span class='ocrx_word' id='word_1_359' title='bbox 1346 2723 1440 2756; x_wconf 89' lang='lat' dir='ltr'><strong>ante</strong></span> <span class='ocrx_word' id='word_1_360' title='bbox 1484 2717 1777 2756; x_wconf 82' lang='lat' dir='ltr'><strong>ceruices</strong></span> 
     </span>
     <span class='ocr_line' id='line_1_46' title="bbox 276 2773 1770 2828; baseline -0.001 -15"><span class='ocrx_word' id='word_1_361' title='bbox 276 2777 544 2828; x_wconf 77' lang='lat' dir='ltr'><strong>scripserunt.</strong></span> <span class='ocrx_word' id='word_1_362' title='bbox 618 2776 695 2813; x_wconf 87' lang='lat' dir='ltr'><strong>Sed</strong></span> <span class='ocrx_word' id='word_1_363' title='bbox 740 2790 827 2814; x_wconf 87' lang='lat' dir='ltr'><strong>cum</strong></span> <span class='ocrx_word' id='word_1_364' title='bbox 872 2777 930 2813; x_wconf 87' lang='lat' dir='ltr'><strong>uis</strong></span> <span class='ocrx_word' id='word_1_365' title='bbox 971 2775 1194 2827; x_wconf 86' lang='lat' dir='ltr'><strong>particulae</strong></span> <span class='ocrx_word' id='word_1_366' title='bbox 1235 2774 1363 2812; x_wconf 79' lang='lat' dir='ltr'><strong>semel</strong></span> <span class='ocrx_word' id='word_1_367' title='bbox 1406 2776 1566 2826; x_wconf 87' lang='lat' dir='ltr'><strong>positae</strong></span> <span class='ocrx_word' id='word_1_368' title='bbox 1605 2773 1727 2812; x_wconf 86' lang='lat' dir='ltr'><strong>simul</strong></span> <span class='ocrx_word' id='word_1_369' title='bbox 1765 2783 1770 2800; x_wconf 76' lang='lat'><strong>·‘</strong></span> 
     </span>
    </p>
   </div>
   <div class='ocr_carea' id='block_1_3' title="bbox 1744 1643 1781 3192">
    <p class='ocr_par' dir='ltr' id='par_1_6' title="bbox 1744 1643 1781 3192">
     <span class='ocr_line' id='line_1_47' title="bbox 1744 1643 1781 3192; baseline 0 0"><span class='ocrx_word' id='word_1_370' title='bbox 1744 1643 1781 3192; x_wconf 95' lang='lat' dir='ltr'><strong> </strong></span> 
     </span>
    </p>
   </div>
  </div>
 </body>
</html>
