1743 3202
204 169 264 201 xl.
807 170 895 204 PRA
904 171 1094 208 EFATIO.

202 271 291 309 lere
321 271 410 323 ipse
442 272 688 322 profiteatur
721 272 771 312 ad
802 269 898 313 Att.
932 272 1006 325 IV,
1042 274 1162 325 16.·2,
1195 289 1246 313 ne
1269 277 1344 314 hos
1367 277 1528 328 quidem
1554 279 1680 319 libros

204 340 293 375 siue
340 339 562 389 prooemiis
594 339 722 378 fnisse
753 340 973 391 editurum,
1007 345 1039 379 si
1073 342 1292 393 edidisset,
1325 348 1570 396 praesertim
1590 361 1678 385 cum

204 406 406 443 Uarronis
450 404 686 456 appellandi
720 411 1066 459 opportunitatem
1111 416 1327 460 quaereret
1367 409 1442 464 (ad
1482 408 1577 453 Att.
1609 415 1679 459 IV>

206 473 272 513 16.
305 472 365 519 2.)
412 485 513 522 quae
562 475 600 510 in
642 474 720 512 hoc
761 475 992 514 litterarum
1030 489 1207 527 genere,
1249 491 1270 515 a
1303 491 1380 528 quo
1410 492 1488 517 non
1523 480 1679 520 alienus

205 546 293 579 erat
323 541 470 590 Uarro,
505 540 627 579 facile
658 542 837 580 inueniri
866 545 1016 594 potuit.

316 607 535 659 Reliquum
570 613 659 658 est,
704 615 746 647 ut
779 623 896 660 quam
930 612 1128 648 rationem
1175 615 1216 647 et
1255 624 1353 661 quos
1386 619 1575 653 auctores
1608 617 1679 654 ci·
1736 664 1737 668 Ἰ

206 691 300 716 cero
335 678 373 714 in
407 677 470 714 liis
502 675 617 713 libris
639 681 806 715 secutus
831 679 899 727 sit,
931 679 1068 729 paucis
1099 676 1341 728 explicetur.
1402 682 1679 729 Quemadmo-

205 746 300 784 dum
321 745 448 783 libros
477 745 527 781 de
556 743 816 794 Republica,
853 758 930 794 quo
963 748 1148 795 tempore
1181 743 1333 782 nullam
1369 759 1452 784 rem
1477 748 1679 801 publicam

207 826 301 851 esse
342 813 567 862 angebatur
605 810 681 865 (ad
722 813 863 860 Quint.
905 812 973 849 Fr.
1009 807 1100 860 Ill,
1133 811 1174 850 b'.
1211 809 1273 864 Ι.)
1315 814 1392 849 rei
1435 814 1679 866 publicae

205 893 324 918 causa
372 880 541 930 scripsit
579 876 654 932 (ad
693 880 808 916 Fam.
853 875 910 928 ΙΙ,
953 879 993 918 5.
1038 879 1120 924 2.):
1162 879 1261 916 item
1307 879 1382 917 hos
1423 880 1475 918 de
1515 881 1678 933 legibus

203 947 330 984 libros
351 958 431 983 non
467 950 548 982 tam
582 944 706 982 studii
740 950 782 983 et
812 944 1101 984 oblectationis
1128 957 1263 995 causa,
1295 959 1412 996 quam
1445 948 1496 987 ad
1530 962 1676 988 usum

204 1014 458 1065 quendam
502 1012 721 1051 ciuilem
762 1014 1006 1064 composuit.
1077 1012 1433 1061 Quemadmodum
1472 1017 1596 1066 igitur
1637 1017 1675 1052 iu

205 1082 285 1120 illis
321 1094 401 1119 non
435 1080 617 1132 speciem
651 1079 849 1130 quandam
885 1082 942 1118 rei
974 1078 1186 1131 publicae,
1221 1084 1265 1116 ut
1294 1079 1429 1132 Plato,
1461 1083 1677 1121 adumbra-

206 1151 266 1188 uit
296 1162 371 1187 nec
405 1149 617 1186 ciuitatem
647 1150 784 1199 posuit
816 1162 837 1185 a
868 1148 951 1185 uita
980 1147 1189 1184 hominum
1223 1148 1513 1186 abhorrentem
1546 1147 1676 1202 (step.

202 1215 260 1268 ΙΙ,
285 1218 393 1266 30.)‚
431 1215 505 1253 sed
535 1219 807 1266 temperatum
839 1213 952 1252 illum
977 1220 1019 1252 et
1047 1213 1294 1250 concordem
1318 1215 1496 1253 ciuitatis
1519 1220 1673 1254 statum

203 1287 404 1337 optimum
447 1283 660 1332 iudicauit,
700 1283 1004 1334 sapientissime
1046 1282 1121 1317 iam
1157 1282 1424 1319 constitutum
1457 1295 1479 1319 a
1510 1283 1676 1320 maiori-

202 1356 276 1393 bus
318 1351 446 1406 (Rep.
483 1347 514 1400 Ι,
550 1350 603 1390 22
636 1352 736 1401 hog.
768 1349 839 1398 ΙΙΙ,
879 1345 990 1400 12.):
1034 1349 1091 1385 ita.
1123 1360 1175 1385 ne
1215 1347 1361 1398 leges
1403 1349 1594 1400 quidem,
1635 1355 1678 1388 ut

201 1420 288 1472 ille,
317 1421 449 1469 finxit,
485 1418 560 1456 sed
602 1431 670 1456 eas
710 1418 798 1455 fere
830 1417 985 1465 sanxit,
1028 1428 1131 1465 quae
1163 1420 1231 1453 aut
1260 1416 1300 1452 in
1331 1428 1378 1453 re
1410 1415 1572 1467 publica
1601 1430 1676 1468 po-

201 1488 285 1542 puli
317 1489 474 1527 romani
506 1486 711 1536 fuissent,
745 1492 816 1524 aut
846 1490 962 1524 certe
1001 1485 1042 1521 in
1073 1496 1186 1520 more
1217 1483 1441 1533 maiorum,
1487 1485 1553 1533 qui
1588 1489 1673 1522 tum

201 1562 244 1595 ut
281 1556 347 1595 lex
388 1554 546 1594 ualeret
585 1551 662 1603 (ll,
706 1552 774 1593 23.
809 1550 891 1603 ΙΙΙ,
931 1553 1025 1601 12),
1064 1552 1121 1588 ita
1151 1554 1314 1600 tamen,
1357 1554 1399 1588 ut
1440 1551 1474 1588 si
1515 1551 1675 1601 quando

203 1638 305 1677 opus
339 1623 567 1671 uideretur,
603 1620 668 1658 uel
701 1620 877 1658 nouandi
912 1633 980 1657 eas
1012 1621 1073 1656 ius
1106 1619 1182 1655 sibi
1215 1617 1459 1656 uindicaret.
1506 1618 1571 1656 Cf.
1593 1614 1675 1668 ΙΙΙ,

203 1694 271 1734 37.
308 1689 389 1741 ΙΙΙ,
420 1689 498 1738 1163
533 1690 599 1727 ubi
627 1690 717 1740 ipse
751 1701 851 1738 quae
885 1686 937 1725 de
965 1685 1102 1736 legum
1130 1684 1209 1721 lide
1234 1698 1254 1721 a
1277 1685 1514 1722 censoribus
1537 1689 1675 1722 custo-

203 1760 355 1799 dienda
382 1758 669 1809 proposuerit,
713 1757 908 1794 Romanis
950 1767 1029 1792 non
1064 1753 1211 1790 usitata
1251 1764 1343 1788 esse
1377 1751 1493 1789 dicit.
1555 1750 1676 1800 Quod

203 1832 238 1867 si
272 1824 330 1877 ΙΙ,
361 1826 428 1867 36.
462 1839 542 1863 non
576 1823 726 1876 populo
758 1837 941 1874 romano,
974 1821 1050 1861 sed
1085 1819 1270 1858 omnibus
1300 1817 1440 1856 liberis
1464 1820 1673 1869 firmisque

200 1895 363 1948 populis
379 1893 494 1944 leges
513 1906 558 1931 se
576 1894 653 1931 hoc
671 1905 862 1930 sermone
884 1892 1072 1928 daturum
1095 1899 1189 1924 esse
1209 1887 1428 1937 profitetur
1457 1887 1530 1931 (cf.
1551 1889 1672 1925 etiam

201 1946 283 2013 ΙΙΙ,
324 1958 411 2015 4.),
452 1962 509 1998 ita
549 1965 685 1998 tamen
728 1962 836 2011 ipsas
878 1971 1064 1997 romanas
1106 1954 1220 2006 leges
1254 1956 1459 2005 expressit
1488 1952 1572 2009 (ll,
1604 1955 1673 1996 23.

200 2028 284 2081 ΙΙΙ,
327 2026 436 2082 12.),
477 2033 521 2066 ut
558 2030 733 2065 maxime
774 2026 925 2079 populo
966 2037 1134 2062 romano
1175 2036 1244 2060 eas
1278 2023 1454 2074 scriptas
1487 2034 1580 2060 esse
1610 2025 1674 2060 in-

200 2097 390 2148 telligas:
423 2095 545 2145 idque
576 2109 666 2133 eum
706 2100 890 2133 secutum
930 2106 1023 2130 esse
1062 2092 1185 2129 etiam
1225 2102 1275 2127 ex
1307 2090 1366 2126 eis
1406 2088 1508 2127 licet
1543 2092 1673 2129 conii-

201 2178 318 2214 cere,
366 2175 467 2214 quae
510 2176 547 2201 a.
591 2161 688 2201 701.
728 2162 894 2212 scripsit
925 2160 1107 2197 Curioni.
1156 2157 1211 2195 cs.
1246 2156 1297 2194 ad
1327 2157 1442 2196 Fam.
1477 2155 1536 2209 II,
1568 2159 1606 2200 5.
1637 2160 1673 2200 2,

200 2234 271 2271 'l‘u
317 2235 518 2279 tamen,
565 2230 683 2267 siue
732 2229 890 2267 habes
939 2227 1161 2277 aliquam
1207 2238 1348 2276 spem
1390 2225 1451 2264 de
1493 2239 1546 2264 re
1584 2241 1671 2278 pu-

198 2299 341 2338 blica
377 2299 493 2335 siue
536 2297 820 2349 desperas,
861 2309 917 2333 ea
951 2307 1101 2346 para,
1142 2293 1432 2342 meditare,
1478 2295 1670 2343 cogita,

199 2380 329 2418 quam
363 2378 481 2403 esse
514 2367 560 2402 in
595 2379 651 2403 eo
684 2365 788 2402 ciui
822 2377 876 2401 ac
918 2364 1030 2400 uiro
1070 2361 1296 2410 debent,
1336 2365 1425 2411 qui
1467 2366 1537 2401 sit
1569 2377 1671 2401 rem

199 2434 467 2488 publicam
500 2432 770 2470 afflictam
810 2437 859 2470 et
897 2441 1196 2482 oppressam
1241 2430 1448 2468 miseris
1482 2436 1671 2482 tempo-

201 2505 345 2541 ribus
388 2516 439 2539 ac
471 2500 701 2552 perditis
735 2501 967 2537 moribus
1002 2500 1046 2535 in
1081 2502 1317 2535 ueterem
1350 2498 1670 2548 (lignitatem

198 2577 252 2609 et
284 2570 595 2607 libertatem
628 2567 1017 2605 uindicaturus.
1052 2564 1401 2614 Quemadmodum
1426 2568 1532 2604 enim
1553 2567 1670 2618 alios,

203 2644 249 2676 ut
281 2638 435 2675 ciuitati
479 2640 791 2682 succurrerent,
835 2633 1074 2672 adhortatus
1108 2639 1195 2671 est:
1237 2635 1293 2672 ita
1334 2632 1399 2672 uel
1432 2635 1561 2685 ipsum
1596 2648 1669 2686 pro
1723 2683 1734 2691 ·

200 2707 352 2744 uiribus
395 2705 429 2741 ei
470 2701 760 2754 opitulaturum
803 2702 930 2739 fuisse
971 2702 1181 2753 probabile
1223 2707 1299 2742 est.
1360 2702 1499 2760 Leges
1533 2708 1669 2741 autem

199 2773 459 2811 conscribere
493 2770 644 2820 uoluit,
687 2771 830 2820 quibus
860 2771 1050 2808 ciuitates
1087 2771 1174 2821 regi
1212 2769 1438 2820 deberent,
1469 2783 1548 2809 nou
1585 2772 1669 2808 iura
