1791 3192
672 197 943 232 PRAEFATIO
957 219 964 227 ·
1481 197 1564 229 xln

88 308 297 349 nerent;
330 299 386 350 ll,
411 302 480 342 57.
514 301 732 352 ponitur
762 305 835 349 ut;
867 298 1021 337 ibidem
1052 294 1469 349 sepulcrum311,
1495 300 1563 340 55.

92 371 276 420 quibus
309 382 398 407 nec
429 369 630 421 ipsiuS,
662 380 750 405 cum
785 368 824 404 in
857 366 977 405 codd.
1007 366 1194 404 omnibus
1235 367 1289 403 sit
1319 371 1372 403 ut
1401 379 1564 418 neque

88 439 275 490 ipsius.
347 436 431 475 Sed
463 449 550 474 eam
583 436 711 487 ipsam
745 435 794 472 ob
838 447 1024 483 causam,
1070 433 1177 485 quod
1208 433 1468 472 coniecturas
1500 439 1563 472 te-

95 510 195 542 nent
226 506 265 542 in
296 501 408 541 nullo
439 502 574 541 adhuc
605 501 748 540 codice
775 506 980 552 repertas,
1011 514 1085 539 eae
1116 514 1274 552 quoque
1303 498 1562 551 collationes,

94 585 195 622 quae
234 570 415 608 numeris
455 567 525 609 47.
558 568 627 609 48.
664 568 754 609 12Ο.
796 568 887 608 122.
933 568 1028 608 127.
1065 567 1305 618 designatae
1347 573 1466 619 sunt,
1515 581 1564 607 ex

91 637 354 687 editionibus,
386 649 466 674 non
500 650 547 675 ex
579 635 788 675 codicibus
818 635 1023 688 putandae
1052 641 1150 674 sunt
1181 637 1364 674 fluxisse.
1428 636 1562 674 Docu-

90 701 346 744 mento'sint
375 705 503 743 haec:

206 769 240 822 I,
274 772 313 813 4'.
353 773 508 811 habent
538 770 811 813 47.48.120.
834 771 934 812 122:
967 785 1028 824 op
1045 771 1259 822 usculo;
1303 768 1346 821 I,
1379 771 1448 813 55.
1481 773 1561 811 bo-

86 855 194 879 num
241 854 360 879 esse
392 839 601 878 diceret
631 838 700 880 47.
723 838 916 889 48.122;
949 836 1008 890 Il,
1034 839 1102 881 34.
1129 842 1261 879 satis
1294 851 1561 891 superque

87 908 156 949 47.
181 907 376 955 48.122;
424 906 576 945 ibidem
618 907 902 958 horumque
933 906 1214 957 4ῖ.48.122;
1268 903 1335 957 II,
1373 905 1445 947 42.
1478 920 1559 946 ue-

86 991 190 1016 rum
230 982 280 1014 et
321 973 626 1022 4Τ.12Ο.12Τ;
682 971 747 1025 Il,
787 973 852 1015 4'5.
896 973 1128 1025 ligneum
1169 973 1440 1016 47.48.120.
1465 975 1559 1016 122.

91 1044 184 1091 127;
215 1043 366 1080 ibidem
391 1040 637 1079 dedicato
669 1041 852 1091 48.122;
886 1042 1037 1080 ibidem
1063 1055 1184 1080 aues
1217 1041 1392 1091 4'8.127;
1417 1039 1558 1092 II‚50.

86 1109 311 1148 deducta
341 1122 437 1147 nou
471 1110 580 1146 sint
612 1108 1117 1157 47.-18.120.122.127;
1151 1105 1231 1159 III,
1250 1110 1318 1150 55.
1343 1116 1443 1148 tam
1477 1111 1557 1149 de-

80 1176 288 1216 nicales
324 1177 425 1226 1223
459 1173 540 1226 III,
564 1176 630 1218 4¹5,
663 1177 902 1216 latrones
942 1176 1041 1217 122:
1075 1189 1178 1226 quae
1203 1179 1338 1216 omnia
1366 1191 1414 1216 ex
1446 1177 1557 1217 nullo

89 1244 221 1283 adhuc
253 1243 396 1283 codice
428 1250 621 1296 excerpta
653 1252 764 1284 sunt.

202 1313 359 1351 Horum
383 1313 509 1364 igitur
530 1311 727 1351 librorum
750 1314 928 1351 omnium
956 1313 1218 1364 praetermisi
1237 1311 1554 1366 discrepantias,

82 1382 176 1431 quia
209 1380 414 1419 editiones
448 1385 612 1420 ueteres
644 1382 684 1419 in
717 1379 959 1432 refingenda
983 1379 1112 1418 Tullii
1146 1382 1332 1419 oratione
1364 1394 1441 1420 nec
1464 1385 1553 1421 ani-

82 1450 217 1487 nimus
250 1455 338 1488 erat
369 1447 603 1499 consulere,
636 1461 714 1487 nec
746 1460 846 1500 opus
876 1447 1109 1498 uidebatur,
1143 1449 1237 1499 quia
1269 1461 1411 1487 eorum
1438 1449 1552 1489 nulla

81 1517 229 1554 nititur
260 1516 494 1566 codicibus,
539 1518 608 1567 qui
647 1516 885 1567 discrepent
916 1516 962 1553 ab
994 1516 1068 1566 iis,
1110 1529 1278 1567 quorum
1311 1516 1553 1569 discrepan-

82 1584 165 1621 tiae
196 1584 316 1621 nobis
348 1584 523 1622 traditae
563 1591 673 1635 sunt,
716 1589 762 1621 ut
792 1596 1071 1635 quaecumque
1110 1586 1152 1623 in
1185 1588 1245 1624 eis
1288 1586 1437 1623 existat
1469 1586 1553 1624 dis-

81 1652 306 1701 crepantia,
340 1653 575 1690 coniectura
608 1654 662 1691 sit
694 1652 979 1690 existimanda.
1042 1652 1160 1701 Quod
1188 1657 1330 1692 contra
1351 1655 1552 1706 excerpsi,

81 1718 311 1768 ubicunque
353 1718 454 1756 utile
495 1720 623 1758 uisum
665 1725 751 1769 est,
802 1719 1104 1771 discrepantias
1156 1734 1297 1760 eorum
1336 1720 1551 1774 librorum,

79 1798 178 1835 quos
211 1786 568 1837 Lago-Marsinius
599 1789 783 1826 numeris
818 1787 882 1828 10.
909 1788 973 1827 11.
994 1785 1063 1828 39.
1082 1787 1151 1829 58.
1172 1787 1239 1830 65.
1258 1787 1327 1830 96.
1356 1790 1551 1842 designa-

78 1856 153 1903 uit,
187 1854 276 1903 quia
310 1866 506 1905 nusquam
539 1855 627 1893 fere
659 1857 884 1908 scripturas
916 1862 1077 1907 tenent,
1111 1870 1212 1908 quae
1234 1871 1315 1896 non
1341 1871 1389 1896 ex
1408 1859 1551 1898 codice

79 1921 214 1972 aliquo
248 1923 332 1958 sint
364 1925 599 1972 excerptae,
630 1929 675 1960 ut
706 1935 754 1960 ex
787 1922 994 1960 codicibus
1021 1936 1090 1960 eas
1114 1924 1278 1963 fluxisse
1300 1931 1457 1965 certum
1483 1929 1549 1967 sit.

192 2002 304 2050 Quos
346 1999 476 2037 adhuc
515 2003 750 2038 enumeraui
792 2000 977 2050 codices,
1026 2001 1053 2038 ii
1095 2013 1177 2038 non
1221 2015 1363 2042 omnes
1405 2005 1550 2044 eadem

78 2068 277 2121 explorati
310 2072 404 2106 sunt
435 2065 636 2117 religione
670 2082 715 2107 ac
753 2068 986 2119 diligentia.
1048 2067 1215 2106 Gruteri
1248 2070 1434 2121 quidem,
1468 2073 1549 2111 Da-

77 2138 194 2187 uisii,
238 2136 459 2174 Goerenzii
500 2134 740 2174 collationes
782 2135 924 2187 quales
957 2135 1065 2184 sint,
1109 2137 1208 2173 satis
1240 2150 1347 2176 nunc
1387 2145 1550 2179 constat

76 2210 171 2255 post
200 2204 398 2254 Maduigii
431 2216 566 2241 acrem
598 2203 778 2254 quidem,
813 2203 887 2241 sed
911 2215 1049 2241 ueram
1074 2202 1414 2254 disputationem.
1460 2207 1548 2247 cfr.

78 2273 167 2310 eius
183 2270 313 2323 praef.
334 2270 385 2308 ad
402 2271 486 2309 Cic.
509 2271 561 2309 de
578 2272 649 2310 fin.
691 2272 745 2310 Et
764 2272 964 2310 Gruterus
992 2270 1172 2322 quidem,
1206 2274 1273 2323 qui
1299 2273 1412 2313 illius
1433 2281 1546 2314 aeta-

78 2341 131 2377 tis
163 2352 250 2378 mos
285 2344 387 2388 erat,
417 2351 499 2376 nou
528 2339 730 2389 integram
763 2327 812 2377 ex
845 2338 966 2378 codd.
993 2340 1314 2392 discrepantiam
1339 2346 1549 2395 excerpsit

78 2419 283 2458 saepeque
319 2408 376 2444 ibi
415 2411 483 2444 aut
513 2408 795 2458 praetermisit
836 2413 905 2446 aut
943 2421 1025 2447 non
1066 2411 1167 2447 satis
1208 2410 1546 2462 circumscripsit,

75 2475 142 2512 ubi
187 2473 252 2512 uel
290 2474 462 2511 maxime
504 2486 592 2512 eam
630 2475 879 2525 requireres.
950 2472 1151 2528 Idemque
1191 2476 1271 2515 dici
1310 2481 1451 2528 potest
1495 2478 1547 2518 de

76 2541 260 2591 Dauisio,
293 2555 314 2579 a
345 2554 422 2592 quo
454 2543 601 2579 merito
621 2541 856 2593 Maduigius
890 2555 960 2582 eos
992 2548 1150 2583 tantiun
1181 2543 1309 2583 libros
1333 2546 1547 2598 inspectos

77 2621 170 2646 esse
202 2610 284 2659 ait,
328 2621 427 2659 quos
461 2622 578 2647 casus
612 2608 843 2649 obtulisset.
911 2612 1047 2660 Quare
1077 2625 1202 2651 unum
1239 2616 1400 2651 tantum
1431 2613 1546 2653 codi-

76 2688 164 2714 cem
204 2674 271 2714 uel
313 2689 463 2728 paucos
502 2681 820 2727 commemorat,
860 2691 949 2717 cum
990 2692 1131 2718 omnes
1173 2678 1368 2730 deberet,
1417 2680 1545 2719 ueluti

76 2737 136 2793 ΙΙ,
169 2742 210 2784 6.
241 2743 440 2783 uideam
475 2757 566 2783 esse
599 2744 699 2782 dicit
730 2745 769 2782 in
801 2744 894 2783 Par.
927 2745 994 2785 ΕΙ.
1026 2745 1142 2785 Harl.
1180 2747 1217 2797 1,
1257 2746 1366 2798 quod
1401 2747 1545 2798 procul

78 2799 200 2848 dubio
232 2811 310 2850 fuit
342 2814 382 2850 in
415 2813 624 2861 omnibus3
659 2807 717 2863 II,
753 2812 788 2852 7.
825 2814 862 2851 in
895 2814 988 2853 Par.
1023 2820 1065 2853 et
1095 2814 1201 2866 Reg.
1236 2827 1326 2853 esse
1359 2814 1457 2852 dicit
1488 2816 1544 2852 in
