1781 3192
247 209 336 249 166
814 212 884 250 nh:
918 211 1150 252 LEGIBUS

248 323 444 375 punxeris
461 322 520 369 ἥ).
581 321 781 360 Nimirum
820 320 954 374 legem
995 323 1106 362 illam
1149 336 1289 362 ueram
1331 336 1423 363 esse
1458 327 1604 376 probat
1632 339 1709 366 nec

251 381 461 430 quicquum
505 378 693 427 obstare,
734 391 812 428 quo
855 382 986 418 minus
1028 382 1238 430 probetur.
1293 380 1360 419 Cf.
1393 381 1424 430 l,
1457 379 1522 421 19.
1551 381 1617 421 51.
1657 383 1707 421 de

248 436 342 473 Fin.
376 430 432 482 II,
465 433 530 473 22.
566 434 632 473 72.
665 434 817 472 llandii
848 436 967 476 'lurs.
1002 433 1060 475 Il.
1103 450 1144 487 p.
1177 435 1272 476 386.
1344 435 1597 488 Aequalis
1639 451 1710 476 cur

250 492 291 528 in
336 491 434 527 iuris
475 489 724 539 aequalitate
761 492 871 541 iungi
913 505 993 530 non
1036 494 1166 544 possit
1196 505 1285 530 cum
1327 491 1481 543 datino,
1521 493 1563 531 id
1603 493 1711 543 quod

248 545 397 583 Bakius
438 548 627 595 negauit,
670 558 745 597 ego
790 561 870 585 non
908 547 1120 600 intelligo;
1171 551 1213 586 et
1250 549 1382 586 iunxit
1420 562 1510 587 cum
1561 549 1706 587 eodem

250 615 347 640 casu
388 603 427 638 in
469 615 627 639 morum
669 602 916 653 aequalitate
959 579 1167 653 Li11.0X91‚
1199 605 1268 644 57.
1339 604 1532 643 Uoculam
1574 610 1709 643 autem

250 671 338 696 cur
368 670 459 695 esse
489 657 797 709 expellendum,
843 661 876 697 si
918 662 1045 698 uerba
1085 660 1205 711 quid
1242 661 1374 698 enim
1414 663 1711 710 retinerentur,

250 714 400 754 Bakius
432 721 654 766 propterea
686 715 804 766 dixit,
835 717 926 766 quia
960 716 1029 755 illa
1062 730 1141 756 non
1174 719 1386 768 perspexit
1422 730 1498 768 per
1539 731 1583 755 se
1625 715 1712 755 sola

251 772 405 820 efferri,
439 775 560 821 atque
591 783 683 808 cum
715 771 797 809 illis
839 774 1047 810 coniunxit
1085 786 1189 811 eam
1230 778 1399 812 sumtu
1440 797 1492 802 —
1535 786 1712 811 arcea-

250 840 372 865 mus.
433 826 538 864 Cur
578 839 701 878 smpe
745 829 802 865 sic
840 829 880 866 in
923 829 1160 867 admirando
1205 834 1247 868 et
1279 829 1586 881 interrogando.
1648 828 1712 869 Cf.

250 883 338 921 Cic.
371 882 421 920 ad
454 879 835 932 Fam.ll,18.o.
869 897 957 922 cur
988 898 1074 935 ego
1109 891 1158 923 te
1192 885 1352 924 uelim
1383 886 1632 924 incidere
1659 887 1710 923 in

251 945 493 977 terrores
541 911 897 978 trib'eunhios?
947 942 1075 981 Tusc.
1117 939 1179 993 V,
1220 942 1289 981 27.
1330 942 1398 983 76.
1468 942 1614 980 Bakius
1663 953 1713 980 ex
1762 987 1765 989 ι

251 995 475 1047 deprauato
501 995 594 1033 cod.
630 995 662 1033 D
694 998 828 1034 uerbis
862 997 985 1048 quid
1027 999 1162 1036 enim
1199 1000 1359 1037 omissis
1388 998 1540 1037 edidit:
1569 1011 1711 1050 quum

252 1054 388 1090 enim
421 1057 798 1103 paupertatem
833 1067 935 1091 cum
969 1054 1191 1093 diuitiis
1224 1060 1304 1094 cet.

363 1121 462 1146 non
493 1108 671 1158 iudex]
735 1110 1006 1148 Coniecturae
1046 1112 1086 1148 in
1138 1111 1260 1149 codd.
1315 1110 1554 1162 quibusdam
1605 1109 1710 1148 dett.

251 1169 435 1204 tentatae
468 1168 509 1202 et
538 1177 560 1202 a
590 1165 688 1204 Dau.
723 1166 818 1205 Sch.
849 1166 957 1205 Mos.
990 1168 1186 1218 probatae
1211 1165 1332 1220 (non
1357 1167 1506 1205 homo
1530 1163 1711 1219 iudex)

252 1235 371 1259 causa
403 1219 514 1259 nulla
546 1225 625 1259 est.
685 1222 775 1259 Non
808 1222 958 1261 homo
989 1228 1030 1261 et
1062 1223 1187 1262 deus
1219 1225 1295 1261 sibi
1321 1224 1358 1262 h
1380 1223 1408 1263 l
1433 1227 1711 1275 opponuntur,

251 1278 326 1316 sed
358 1277 539 1326 iudex,
580 1278 646 1328 qui
687 1278 872 1316 iudicans
922 1292 1094 1329 poenam
1145 1280 1429 1318 tantummodo
1479 1279 1710 1327 constituit,

253 1347 334 1372 non
375 1335 633 1383 exsequitur,
677 1339 718 1371 et
762 1334 973 1384 uindex,
1020 1336 1085 1386 qui
1130 1335 1243 1374 illico
1284 1336 1466 1373 uindicat
1506 1336 1711 1373 iniuriam.

252 1390 467 1428 Sententia
496 1390 621 1440 igitur
651 1389 753 1428 haec
786 1396 874 1428 est:
917 1391 1024 1440 quod
1065 1404 1146 1429 non
1179 1391 1362 1442 iudex,
1405 1391 1505 1442 sed,
1539 1396 1581 1429 et
1611 1390 1711 1429 deus

253 1445 416 1498 quidem
450 1447 556 1496 ipse,
585 1445 776 1484 uindex
806 1448 1087 1486 constituitur.

367 1502 770 1554 sacerdotibus]
831 1503 892 1541 Ad
925 1505 1175 1541 sententiam
1211 1515 1308 1541 uera
1339 1507 1449 1554 sunt,
1481 1515 1582 1554 quae
1609 1501 1713 1540 Gzio

252 1562 443 1608 auctore,
485 1559 551 1608 qui
591 1559 671 1595 ista
708 1560 748 1596 in
791 1560 858 1598 Br.
901 1564 942 1598 et
985 1560 1098 1600 Cass,
1141 1561 1352 1598 inuenisse
1393 1572 1437 1598 se
1470 1559 1586 1608 dicit,
1615 1558 1714 1597 Sch.

252 1616 359 1653 Mos.
394 1616 465 1653 Or.
504 1614 745 1654 ediderunt:
786 1617 995 1667 ignotas
1029 1617 1385 1654 caerimonias
1417 1615 1713 1654 sacerdoti-

251 1673 358 1710 bus.
418 1672 533 1709 Nam
567 1668 841 1724 (antiquiores
873 1672 1054 1710 editores
1089 1676 1197 1710 uaria
1238 1674 1572 1723 interpunctione
1616 1684 1713 1721 per-

252 1741 373 1766 uerse
411 1728 512 1777 ign.
555 1740 686 1765 caer.
731 1741 829 1766 non
872 1742 894 1766 a
922 1729 1328 1777 sacerdotibus,
1365 1741 1457 1766 non
1501 1741 1522 1764 a
1552 1728 1712 1778 patri-

252 1786 344 1823 bus
394 1781 538 1836 acc.).
609 1784 710 1821 Nam
763 1784 1081 1823 sacerdotes
1127 1789 1241 1822 recte
1288 1783 1575 1834 intelliguntur
1625 1784 1713 1820 eius

253 1841 457 1890 ciuitatis,
500 1853 601 1890 quae
641 1841 715 1877 has
750 1839 866 1891 leges
908 1842 1111 1878 asciuerit.
1173 1840 1256 1878 Sed
1295 1841 1385 1890 quia
1427 1844 1471 1878 et
1500 1838 1712 1877 meliorum

255 1903 298 1935 et
338 1897 444 1934 dett.
484 1896 603 1934 codd.
646 1897 795 1934 menda
834 1895 911 1950 (cs.
953 1910 1044 1937 ann.
1085 1894 1204 1949 crit.)
1253 1897 1294 1934 in
1335 1896 1425 1936 cod.
1468 1896 1579 1935 arch.
1620 1900 1716 1933 ante

253 1951 632 1992 sacerdotibus
665 1952 773 1991 aliud
805 1958 1024 2005 praeterea
1055 1954 1223 1991 uerbum
1256 1957 1461 1991 exaratum
1494 1951 1624 1990 fuisse
1650 1965 1714 1989 ar-

253 2014 398 2060 guunt,
432 2009 595 2046 Dauisio
631 2011 834 2048 assentior
854 2011 1059 2048 nostris
1085 2008 1450 2048 sacerdotibus
1471 2009 1714 2057 coniicenti3

252 2066 444 2116 idemque
476 2065 577 2103 Ern.
609 2065 764 2117 placuit
794 2070 837 2104 et
868 2066 1086 2116 Wagnero.
1147 2066 1367 2103 Nostros
1408 2070 1542 2103 autem
1574 2077 1715 2103 sacer-

255 2123 376 2160 dotes
414 2121 515 2159 dixit
551 2127 621 2159 aut
658 2134 754 2172 eos,
808 2135 908 2172 quos
958 2127 1053 2158 ante
1102 2123 1339 2170 constituit,
1392 2126 1460 2159 aut
1508 2134 1715 2159 romanos.

255 2179 356 2217 Nam
397 2179 474 2215 etsi
513 2179 699 2215 omnibus
743 2179 857 2215 bonis
901 2179 1110 2228 firmisque
1160 2176 1322 2229 populis
1363 2174 1421 2229 (l.
1467 2177 1500 2227 §-
1543 2175 1612 2217 58.
1656 2173 1715 2215 ll.

257 2236 289 2285 ξ.
322 2231 417 2287 36.)
447 2232 562 2283 leges
595 2235 832 2272 constituit:
866 2240 1001 2272 tamen
1038 2239 1079 2271 et
1110 2236 1149 2271 in
1182 2233 1274 2284 lege
1307 2238 1348 2270 et
1378 2235 1417 2271 in
1444 2232 1717 2285 explicatione

255 2294 313 2329 ita
351 2291 627 2329 Romanorum
680 2303 814 2328 mores
857 2296 897 2328 et
935 2292 1123 2328 instituta
1163 2291 1387 2341 spectauit,
1440 2294 1484 2327 ut
1522 2289 1575 2327 de
1629 2288 1716 2327 sola

255 2349 529 2387 Romanorum
580 2349 747 2384 ciuitate
804 2349 985 2397 cogitare
1046 2348 1232 2398 potuisse
1286 2345 1489 2385 uideatur.
1567 2345 1718 2384 Bakius

254 2405 448 2454 imperite
480 2416 568 2441 cum
601 2404 749 2441 mendo
790 2417 883 2441 nos
923 2405 1044 2441 etiam
1088 2402 1465 2442 sacerdotibus
1503 2400 1717 2455 expellen-

259 2462 352 2499 dum
384 2460 597 2497 iudicauit.

369 2517 404 2566 ξ.
437 2516 506 2557 26.
567 2516 689 2553 Nam
730 2516 771 2553 in
809 2515 1046 2566 occupanda
1084 2528 1146 2566 re,
1191 2528 1291 2566 quae
1321 2527 1401 2552 non
1435 2513 1596 2564 eodem,
1638 2526 1715 2563 quo

257 2572 553 2626 praecedentia
569 2584 721 2623 genere
745 2574 1019 2622 contineatur,
1039 2572 1419 2622 frequentissimum
1439 2575 1518 2609 est.
1551 2570 1647 2619 Leg.
1669 2570 1714 2611 ΙΙ.

350 2719 381 2760 )
411 2718 504 2751 idem
540 2718 586 2751 A
615 2718 657 2751 G
686 2720 853 2762 Zumptio
895 2720 1075 2762 placuisse
1101 2719 1231 2759 uideo⁷
1267 2717 1326 2760 qui
1363 2721 1481 2750 tamen
1514 2717 1608 2749 hanc
1634 2728 1717 2749 uer-

257 2766 384 2797 borum
410 2769 441 2796 ti·
444 2764 731 2806 ιιιεροείῑίοιιοιιι
771 2766 805 2798 ἰη
842 2767 928 2802 dctt.
964 2766 1179 2810 quibusdam
1206 2764 1305 2819 codd.
1331 2767 1513 2796 exaratam
1539 2763 1716 2806 probauit,

259 2822 353 2842 cuin
381 2822 471 2853 pau
487 2822 518 2852 p
544 2810 632 2843 diu.
