1781 3192
199 158 257 195 10
769 151 839 190 DE
868 150 1103 190 LEGIBUS

201 281 309 309 cum
342 265 442 306 illa
471 264 530 302 ad
563 264 868 313 ueritatem,
901 265 1120 312 Quinte,
1152 261 1455 313 referatur,
1486 264 1537 301 in
1568 264 1665 302 hoc

204 325 264 365 ad
309 320 731 361 delectationem
775 317 1054 370 pleraque,
1100 319 1422 357 concinnitatem
1470 323 1666 358 orationis

201 384 282 420 isto
321 377 442 417 modo
480 375 635 413 turbari
673 387 754 413 non
792 377 1002 424 sentiens3
1066 375 1252 413 Dauisius
1294 379 1337 412 et
1378 376 1566 414 Moserus
1617 388 1666 415 ex

204 437 344 476 nescio
377 445 455 484 quo
484 431 625 469 Ursini
656 429 761 469 libro
785 432 1063 483 scripserunt:
1097 443 1202 468 cum
1233 431 1279 468 in
1310 429 1409 470 illa
1440 431 1501 470 ad
1530 434 1667 471 ueri-

205 499 365 532 tatem
398 499 638 539 quaeque
668 485 1005 538 referantur,
1044 490 1092 526 in
1123 487 1218 525 hoc
1259 485 1319 525 ad
1351 487 1667 527 delectatio-

203 561 312 588 nem
346 544 618 597 pleraque3
651 555 768 593 quam
800 545 1074 582 coniecturam
1108 555 1161 581 ne
1193 544 1241 581 ab
1273 543 1470 583 Ernestio
1502 545 1667 596 quidem

202 604 474 656 improbatam
513 598 700 638 Halmius
738 600 781 636 in
824 599 1021 639 Schneid.
1052 599 1158 639 Phil.
1201 595 1235 638 Ι.
1274 613 1316 651 p.
1361 600 1452 641 172.
1484 603 1541 640 ita
1582 615 1668 640 am-

204 661 349 713 plexus
382 663 470 706 est,
514 662 557 694 ut
594 668 668 708 pro
707 656 856 695 uitioso
895 659 1139 709 pronomine
1178 669 1444 707 quaeque,
1487 657 1530 695 id
1562 657 1669 709 quod

205 716 464 757 Camerarius
503 714 581 750 iam
615 719 825 762 suaserat,
866 714 1174 751 commendaret
1219 718 1420 753 cuncta.
1484 714 1538 752 Et
1574 720 1670 752 ante

204 777 285 813 iam
325 772 379 810 de
418 770 597 808 Ernestii
637 770 846 807 sententia
886 769 1114 820 Wagnerus
1162 771 1413 820 scripserat:
1465 783 1574 809 cum
1617 772 1670 808 in

203 830 300 868 illa
339 827 398 866 ad
434 826 746 874 ueritatem,
793 826 1006 876 Quinte,
1049 825 1357 864 referantur
1390 828 1555 865 omnia
1586 831 1669 866 cet.

203 889 256 926 At
286 897 384 923 uero
415 881 676 934 pleraque
716 882 758 919 in
797 887 971 934 utraque
1010 883 1243 920 sententiae
1281 887 1399 933 parte
1430 887 1543 921 recte
1574 884 1670 921 sub-

206 943 305 981 iecti
346 940 480 978 locum
522 942 663 987 tenet,
702 938 737 975 si
769 938 930 989 quidem
961 941 1085 977 etium
1116 940 1156 977 in
1188 939 1359 976 historia
1404 938 1671 990 pleraque,

203 1012 284 1038 non
324 998 457 1036 omnia
494 995 542 1032 au
585 994 799 1032 ueritatem
841 995 1102 1045 referuntur,
1146 996 1294 1046 quippe
1324 1008 1414 1033 cum
1448 998 1571 1034 etiam
1604 1009 1671 1034 or-

205 1062 302 1094 natu
331 1052 509 1092 oratorio
541 1052 582 1088 iu
615 1064 664 1088 ea
687 1051 905 1090 scribenda
927 1051 994 1091 uel
1017 1053 1190 1090 maxime
1216 1064 1316 1101 opus
1350 1053 1404 1089 sit
1427 1049 1506 1103 (cf,
1529 1053 1562 1102 ᾗ.
1581 1049 1669 1105 5.);

206 1125 298 1151 nam
337 1109 599 1162 pleraque
629 1118 710 1144 non
743 1106 795 1145 de
824 1109 925 1159 ipsis
957 1109 1078 1146 rebus
1110 1109 1239 1159 gestis
1272 1109 1330 1144 ita
1362 1107 1525 1157 dicitur,
1559 1108 1673 1156 quasi

203 1181 285 1207 non
320 1169 362 1205 in
404 1165 618 1213 omnibus,
666 1163 742 1201 sed
775 1165 817 1201 in
856 1163 1067 1216 plerisque
1106 1170 1265 1202 tantum
1304 1165 1522 1201 ueritatem
1555 1163 1673 1213 sequi

206 1235 379 1263 necesse
420 1223 486 1260 sit.
549 1220 684 1268 Quare
724 1232 778 1258 ne
818 1221 897 1259 hoc
937 1221 1100 1272 quidem
1140 1221 1289 1257 mirum
1333 1223 1422 1268 est,
1465 1233 1543 1271 quo
1574 1224 1673 1271 post

205 1280 470 1320 Schuetzium
502 1276 683 1313 offensus
717 1276 908 1315 Moserus
941 1283 1020 1326 est,
1053 1276 1160 1327 quod
1192 1276 1329 1313 uerbis
1372 1288 1671 1327 quamquam

204 1343 256 1376 et
306 1334 434 1386 apud
484 1331 806 1370 Herodotum
856 1355 911 1362 —-
962 1330 1393 1372 innumerabiles
1453 1331 1672 1371 fabulae

208 1393 393 1443 exceptio
417 1389 666 1438 adiungitur,
699 1401 817 1438 quam
851 1389 946 1427 addi
977 1403 1058 1427 non
1080 1390 1266 1440 potuisse
1290 1387 1446 1438 dicunt,
1478 1391 1559 1427 nisi
1584 1401 1673 1426 om-

206 1452 273 1488 nia
306 1448 357 1486 ad
390 1446 608 1485 ueritatem
637 1444 857 1482 referenda
889 1458 983 1484 esse
1014 1450 1110 1484 ante
1139 1445 1422 1483 affirmauerit.
1484 1444 1545 1484 De
1578 1458 1673 1482 uer-

203 1508 350 1546 borum
383 1507 518 1541 autem
559 1498 703 1537 ordine
741 1500 965 1540 tenendum
998 1502 1077 1540 hoc
1105 1506 1194 1551 est,
1234 1513 1315 1539 non
1357 1512 1447 1539 cum
1489 1501 1674 1540 efficacia

205 1561 401 1614 quadam,
447 1562 490 1595 ut
532 1556 786 1594 Goerenzius
825 1558 904 1609 ait,
953 1557 1152 1610 pleraque
1193 1559 1233 1595 in
1273 1558 1394 1595 finem
1439 1559 1674 1597 sententiae

207 1631 302 1657 esse
336 1618 553 1662 reiectum,
586 1610 713 1650 ueluti
745 1616 920 1653 omnia
951 1615 1002 1653 de
1024 1615 1114 1652 Fin.
1149 1614 1180 1665 Ι,
1213 1618 1252 1655 b'.
1288 1614 1350 1655 17.
1382 1626 1441 1652 ex
1472 1627 1566 1666 quo
1599 1615 1673 1653 ef-

207 1675 461 1713 ficiantur
492 1682 571 1718 ea,
605 1682 734 1719 quae
763 1672 871 1708 sint
902 1683 1138 1722 quaeque
1170 1673 1461 1708 cernantur
1500 1672 1673 1708 omnia

213 1735 324 1780 (nam
357 1729 486 1767 maior
508 1726 651 1775 utique
682 1728 744 1763 uis
775 1726 819 1765 h.
849 1725 878 1765 l.
909 1728 1046 1779 posita
1077 1731 1142 1765 est.
1172 1728 1213 1764 in
1241 1727 1455 1764 contrariis
1496 1729 1545 1764 in
1578 1724 1673 1763 illa

210 1787 268 1825 ad
314 1786 598 1824 ueritatem
636 1803 692 1811 —
739 1784 789 1821 in
834 1783 932 1821 hoc
981 1783 1040 1821 ad
1087 1778 1548 1835 delectationem),
1599 1780 1675 1819 sed

213 1844 338 1882 uerba
365 1841 523 1879 leuiora
554 1837 865 1878 referuntur
884 1845 938 1880 ,et
968 1838 1251 1891 pleraque,
1281 1843 1325 1876 ut
1352 1839 1554 1876 contraria
1585 1850 1673 1875 ma-

209 1901 270 1950 gis
302 1900 563 1944 acuerentur,
595 1895 655 1933 eis
687 1907 781 1933 esse
800 1897 1046 1948 postposita,
1080 1897 1137 1934 ita
1161 1899 1315 1944 tamen,
1347 1898 1391 1932 ut
1420 1894 1675 1946 pleraque

210 1956 399 2006 quoniam
431 1952 605 1990 subiecti
639 1964 768 2003 usque
799 1952 851 1991 ad
880 1954 1003 1991 finem
1036 1956 1291 1990 sustentatur
1321 1952 1603 2003 exspectatio,
1636 1951 1674 1990 ui

216 2025 289 2051 sua
317 2023 415 2063 prae
447 2007 521 2046 illo
554 2008 767 2048 emineret.

326 2062 552 2112 fabulas]
580 2075 673 2101 esse
699 2070 835 2103 rerum
869 2070 1074 2115 gestarum
1107 2065 1361 2101 narrationes
1385 2076 1575 2101 sermone
1598 2064 1673 2101 ho-

213 2124 364 2162 minum
397 2124 656 2172 propagatas,
687 2133 767 2158 non
799 2123 914 2159 fictas
946 2122 1203 2158 narrationes
1247 2121 1505 2157 tritissimum
1537 2125 1602 2157 est
1633 2124 1675 2157 et

210 2178 394 2230 pluribus
424 2176 650 2226 expositum
684 2189 707 2213 a
743 2175 1058 2227 wyttenbachio
1093 2175 1266 2214 Philom.
1301 2172 1333 2213 Ι.
1366 2188 1405 2227 p.
1441 2174 1535 2216 302.

321 2236 404 2277 ΙΙ.
467 2232 550 2281 qui
584 2229 810 2283 litteris]
851 2232 970 2282 Quod
1004 2233 1102 2272 Dau-
1135 2244 1184 2269 ex
1216 2231 1491 2270 deterioribus
1522 2230 1678 2282 aliquot

212 2290 421 2329 codicibus
463 2286 596 2324 edidit
634 2299 806 2326 eorum
845 2287 1071 2339 litteris,
1121 2290 1202 2340 qui
1243 2288 1419 2327 studia
1459 2286 1592 2337 del.,
1632 2287 1677 2325 id

210 2347 359 2384 merito
390 2348 572 2395 spretum
606 2349 690 2392 est3
724 2357 816 2383 nam
849 2357 927 2383 nec
957 2345 1112 2383 litteris
1144 2343 1396 2396 quorundam
1427 2345 1453 2382 i.
1490 2357 1527 2383 e.
1560 2343 1676 2382 libris

211 2403 282 2448 (cf.
313 2403 344 2453 ξ.
385 2399 448 2454 1.)
480 2399 557 2437 hoc
587 2412 731 2438 munus
773 2401 855 2440 dici
900 2406 1041 2453 potest
1072 2400 1238 2440 Tullius
1269 2400 1447 2450 debere,
1488 2413 1566 2439 nec
1596 2399 1677 2438 dici

211 2462 386 2510 possunt
417 2456 577 2508 quidam
608 2453 805 2495 delectari
838 2458 1048 2497 Ciceronis
1079 2457 1226 2496 studiis
1257 2459 1282 2496 i.
1310 2470 1343 2496 e.
1374 2469 1499 2508 opera
1521 2455 1675 2494 litteris

214 2516 262 2552 ab
288 2528 337 2552 eo
366 2519 434 2552 aut
461 2517 609 2550 nauata
632 2518 699 2550 aut
721 2514 924 2553 nauanda.
984 2515 1071 2553 Nec
1092 2515 1220 2566 probo
1243 2513 1433 2564 equidem
1453 2511 1562 2562 quod
1581 2515 1677 2563 post

208 2570 318 2609 Uict.
350 2575 393 2608 et
423 2569 535 2607 Man.
568 2567 702 2606 denuo
740 2569 892 2609 Bakius
931 2572 1141 2610 reuocauit
1179 2572 1260 2621 qui
1304 2571 1406 2607 tuis
1447 2568 1675 2617 litteris,

210 2627 301 2677 quia
339 2638 418 2664 nec
456 2638 478 2662 a
516 2622 756 2665 melioribus
786 2626 994 2666 codicibus
1024 2627 1151 2666 habet
1178 2628 1462 2665 auctoritatem
1485 2628 1582 2672 (non
1612 2628 1676 2662 est

205 2683 316 2721 enim
347 2683 389 2720 in
420 2679 542 2721 codd.
575 2676 743 2721 Cde.
781 2683 822 2724 2.
853 2696 946 2733 nec,
977 2689 1169 2735 quantum
1206 2695 1394 2733 auguror,
1426 2683 1465 2719 in
1498 2679 1591 2719 cod.
1621 2679 1674 2729 Ε,

204 2741 251 2776 ut
281 2737 333 2776 de
362 2738 443 2778 hoc
473 2735 578 2776 falsa
609 2738 833 2777 tradidisse
863 2740 1013 2778 Bakius
1046 2739 1249 2789 uideatur,
1289 2743 1332 2776 et
1370 2739 1411 2776 in
1444 2735 1563 2776 codd.
1593 2737 1671 2775 AB
