1781 3192
377 208 531 245 Limen
569 207 870 245 sumimus,
924 206 1020 243 Uir.
1060 203 1163 241 xvi.
1418 197 1503 236 197

160 334 325 372 poena
362 318 594 357 uiolatae
626 317 737 366 rel.l
800 317 925 355 Gzius
960 321 1001 354 et
1034 316 1238 362 Moserus‚
1279 313 1369 362 quia
1400 308 1503 360 legis

48 381 196 416 uerba:
228 390 390 428 poena
419 373 610 412 uiolati
645 375 778 410 iuris
813 379 922 410 esto
967 385 1053 409 eum
1096 369 1373 422 praecedente
1411 365 1505 415 lege

49 437 263 472 coniuncta
303 445 394 469 esse
428 432 647 482 putabant,
681 430 861 467 Marcum
903 430 1057 465 recenti
1099 426 1230 463 Clodii
1273 424 1366 463 odio
1400 423 1505 460 inci-

50 496 176 528 tatum
218 488 376 537 longius
422 491 605 537 uagatum
640 498 733 523 esse
765 484 984 534 dixerunt,
1019 496 1108 521 cum
1144 482 1195 519 de
1228 480 1373 519 uiolata
1406 477 1506 516 reli-

50 549 169 597 gione
200 545 308 582 omni
342 547 383 580 et
414 543 464 579 de
499 544 557 580 eis
590 542 831 590 dissereret,
877 554 979 591 quae
1012 540 1169 576 nefaria
1201 542 1340 574 contra
1374 536 1505 585 ipsum

51 605 189 640 essent
225 603 395 649 patrata.
465 600 514 636 At
556 611 651 635 uero
691 599 767 634 ius
812 596 1063 634 uiolatum
1104 608 1183 632 non
1228 593 1276 631 ad
1321 596 1506 630 notorum

50 657 302 706 diligentiam
338 659 513 705 spectat,
546 653 618 691 sed
654 658 717 691 est
752 655 812 690 ius
845 652 1056 703 religionis
1090 652 1347 697 uniuersum3
1379 661 1399 684 a
1432 659 1509 697 quo

49 725 128 750 non
167 710 306 748 differt
347 710 545 747 uiolata
588 708 786 759 religio
812 739 822 758 ‚
868 723 968 760 quae
1008 710 1046 746 h‚
1083 705 1108 746 l.
1150 707 1510 750 commemoratur,

52 775 95 806 ut
128 780 224 804 uere
260 766 405 802 [lukius
431 766 738 804 animmluertit.
801 764 1002 803 Similiter
1027 777 1114 802 enm
1146 763 1177 812 ξ
1203 761 1267 802 42.
1292 759 1510 809 religio-

51 836 160 861 num
194 824 307 859 iura
349 822 545 870 dixisset,
587 834 675 859 mox
700 828 835 860 tamen
870 822 1167 869 religiones
1199 820 1509 869 prostratas

52 884 100 918 et
132 876 381 916 afflictas
415 877 647 928 appellauit.
706 880 737 916 A
777 878 988 928 religionis
1031 881 1166 913 autem
1209 876 1297 912 inre
1327 885 1404 910 uon
1439 872 1510 909 ab·

52 938 194 973 horret
225 934 436 971 Ciceronis
468 948 488 971 a
521 934 691 971 Laribus
723 935 949 982 distractio,
980 946 1097 983 quam
1130 933 1206 968 iam
1234 929 1513 980 persequitur.

51 990 176 1030 Nihili
211 996 275 1027 est
305 990 427 1038 igitur
459 1003 596 1027 eorum
629 992 853 1037 sententia,
897 991 964 1039 qui
1000 990 1103 1026 haec
1136 989 1272 1024 omnia
1304 997 1430 1035 usque
1463 982 1513 1020 ad

51 1062 88 1087 c.
127 1047 187 1086 17.
222 1046 355 1083 alieno
387 1045 476 1082 loeo
510 1048 665 1083 intrusa
697 1059 788 1083 esse
822 1046 972 1083 dicunt.

162 1104 352 1141 iustam
385 1104 771 1139 recusationem
810 1115 907 1138 non
949 1101 1112 1137 habet
1152 1100 1178 1137 i.
1212 1111 1243 1135 e.
1286 1097 1514 1134 recusatio·

52 1172 145 1198 nem
189 1171 268 1195 non
308 1159 433 1194 habet
474 1159 549 1195 iuri
590 1162 932 1206 consentaneam,
976 1169 1051 1206 qua
1095 1156 1150 1192 uti
1183 1153 1385 1191 interdum
1419 1150 1518 1188 licet

55 1218 147 1265 lege
169 1215 344 1252 humana
369 1212 527 1251 uiolata.
589 1213 699 1251 Male
725 1214 871 1251 Bakzns
894 1215 951 1251 sic
974 1214 1290 1262 interpretatur:
1320 1223 1376 1259 „a
1401 1208 1515 1245 uobis

54 1271 232 1309 recusari
265 1283 343 1306 non
375 1274 534 1320 potest}
566 1275 785 1320 propterea
818 1282 983 1321 nempe,
1017 1267 1123 1319 quod
1155 1266 1391 1304 necessario
1424 1277 1514 1302 cum

55 1341 102 1366 eo
136 1325 294 1365 scelere
325 1327 538 1364 coniuncta
572 1327 680 1366 est“.

170 1382 525 1431 attingantur]
598 1383 711 1419 llaec
757 1387 819 1419 est
860 1382 1061 1419 correctio
1101 1378 1221 1417 codd.
1264 1378 1515 1416 deteriorum

57 1453 131 1490 per
161 1451 207 1475 se
239 1450 336 1475 sane
368 1436 610 1487 probabilis3
643 1438 716 1475 sed
749 1450 797 1475 ex
839 1437 1052 1475 meliorum
1092 1436 1212 1472 codd.
1256 1433 1405 1472 mendo
1447 1438 1518 1470 at-

59 1496 266 1544 tingant
298 1506 393 1530 nere
427 1493 572 1530 Bakius
606 1493 872 1531 efficiendum
905 1506 998 1531 esse
1030 1492 1131 1529 dixit
1163 1493 1440 1540 attingam.

175 1549 305 1600 apud
338 1548 446 1598 uos]
508 1550 622 1597 Quod
658 1554 722 1587 est
754 1551 792 1587 in
827 1549 944 1589 codd.
979 1547 1215 1586 melioribus
1253 1560 1370 1598 pron.
1408 1545 1517 1584 dem.

60 1605 218 1660 (apud
255 1604 391 1657 eos),
424 1604 467 1642 id
500 1618 578 1643 non
613 1606 753 1655 habet,
787 1619 863 1655 qno
903 1605 1119 1643 referatur.
1182 1603 1280 1640 [nde
1320 1607 1415 1640 nata
1457 1605 1522 1639 est

60 1663 261 1701 correctio
294 1661 544 1698 deteriorum
587 1661 718 1712 apud
765 1661 901 1699 deos.
963 1663 1075 1709 Quae
1119 1661 1196 1697 etsi
1238 1661 1420 1710 cuiquam
1462 1659 1522 1697 sic

62 1719 250 1757 uideatur
281 1717 472 1769 explicari
504 1730 628 1768 posse
661 1715 727 1771 (et
753 1719 811 1755 sic
836 1717 925 1755 fere
950 1719 1242 1768 interpretatus
1271 1721 1334 1753 est
1355 1712 1522 1767 Goer.)‚

63 1780 106 1814 ut
144 1774 250 1825 apud
292 1773 392 1811 deos
432 1774 540 1811 hunc
589 1774 640 1811 de
689 1773 889 1825 religione
940 1785 1170 1812 sermonem
1219 1773 1360 1810 haberi
1411 1771 1522 1809 dicat

61 1836 299 1884 propterea,
332 1831 423 1879 quia
454 1831 565 1879 ‹puasi
599 1836 730 1880 testes
763 1832 847 1868 sint
872 1830 927 1868 dii
954 1842 1109 1878 eorum,
1143 1841 1243 1879 quae
1268 1828 1320 1866 de
1340 1830 1519 1879 ipsorum

62 1887 262 1937 religione
297 1885 491 1934 disserat,
525 1885 701 1939 ideoque
735 1886 836 1923 nihil
869 1886 1053 1935 reticeri,
1097 1886 1189 1935 quia
1232 1898 1307 1935 qua
1351 1885 1522 1934 quisque

63 1950 205 1982 mente
243 1945 317 1990 sit,
366 1944 571 1991 cognitum
612 1944 815 1981 habeant:
865 1948 999 1980 tamen
1040 1943 1160 1978 nimis
1201 1941 1384 1991 quaesita
1421 1940 1523 1978 haec

66 2004 130 2038 est
161 2001 451 2049 interpretatio
482 2011 557 2036 nec
589 2002 688 2037 satis
727 1999 966 2051 probabilis.
1027 1998 1213 2035 liabetur
1251 2010 1347 2035 uero
1388 2008 1523 2034 sermo

67 2056 172 2107 apud
203 2056 396 2105 Quintum
430 2059 471 2092 et
501 2056 698 2105 Atticum,
730 2055 838 2105 apud
871 2067 970 2105 quos
1002 2053 1181 2104 quidem,
1212 2059 1255 2091 ut
1278 2052 1380 2104 apud
1403 2052 1524 2090 fami-

64 2112 203 2161 liares,
234 2111 345 2160 loqui
375 2114 540 2161 poterat
570 2111 765 2159 liberius3
799 2110 1028 2160 similisque
1060 2110 1103 2149 h.
1127 2110 1156 2147 l.
1191 2111 1397 2147 sententia
1426 2110 1523 2146 red-

64 2168 176 2206 ditur
221 2172 341 2217 atque
388 2166 440 2204 de
478 2168 549 2205 Or.
583 2167 612 2216 Ι,
656 2167 726 2209 26.
768 2165 862 2207 119.
909 2167 947 2204 si
995 2167 1258 2217 quaeritis
1304 2186 1358 2193 —
1403 2166 1523 2215 quid

64 2225 317 2273 sentiam,
361 2224 650 2262 enuntiabo
691 2223 825 2275 apud
866 2223 1106 2261 homines
1156 2219 1522 2259 familiarissi-

66 2293 198 2330 mos,
231 2279 360 2331 quod
395 2279 562 2318 adhuc
593 2293 812 2331 semper
844 2280 983 2317 tacui
1028 2284 1070 2316 et
1108 2278 1158 2316 ad
1198 2274 1522 2327 Att.l,16.8.

65 2350 162 2375 non
204 2337 336 2374 enim
377 2336 500 2374 mihi
545 2336 734 2375 uideor
774 2334 1078 2375 insolenter
1114 2334 1364 2385 gloriari,
1417 2348 1522 2372 cum

67 2393 126 2431 de
157 2404 231 2430 me
263 2390 395 2444 apud
434 2395 486 2430 te
526 2391 727 2443 loquor.
799 2393 1026 2444 Uerissima
1064 2393 1190 2442 igitur
1229 2395 1293 2429 est
1334 2391 1525 2428 Rancon-

68 2451 154 2487 neti
197 2449 305 2487 coni.
351 2448 484 2500 apud
529 2462 615 2487 uos
658 2448 869 2500 plerisque
915 2449 1097 2499 probata.
1175 2448 1260 2485 Soli
1309 2448 1435 2485 Goer.
1483 2451 1525 2484 et

68 2507 260 2546 Schuetz.
303 2518 392 2543 cum
424 2505 610 2544 Uictorio
656 2506 805 2556 deos,
848 2505 1039 2556 idemque
1070 2506 1262 2556 Zumptio
1302 2503 1456 2556 placuit
1485 2504 1524 2540 in

68 2565 242 2614 interpr.
286 2560 518 2600 uernacula.
591 2562 646 2599 Ut
685 2560 838 2612 reliqua
880 2561 1001 2600 simul
1042 2561 1317 2613 complectar,
1359 2564 1526 2598 neretur

69 2620 251 2668 Marcus,
291 2631 342 2656 ne
381 2619 568 2665 fortuna,
606 2631 708 2668 quae
750 2619 826 2655 sibi
868 2619 1064 2669 obtigerit
1104 2617 1205 2671 (nec
1248 2619 1356 2655 enim
1395 2620 1524 2654 status

70 2677 158 2713 eius
189 2675 257 2713 din
280 2679 473 2726 potuerat
496 2673 732 2712 labefactari
759 2680 800 2711 et
823 2676 1064 2713 acerrimum
1091 2674 1369 2712 aduersarium
1394 2677 1526 2710 morte

71 2737 112 2768 et
149 2744 279 2784 poena
320 2731 458 2768 diuina
500 2731 687 2768 affectum
730 2729 918 2783 uidebat)
951 2731 1052 2769 haee
1082 2733 1169 2782 ipsa
1201 2740 1526 2768 commemorans

72 2789 276 2826 abutatur.
337 2787 417 2826 Sed
451 2786 553 2825 nihil
587 2793 720 2825 tamen
755 2800 798 2825 se
831 2785 938 2825 uelle
971 2789 1147 2826 reticere
1186 2787 1301 2835 dicit,
1340 2785 1526 2834 quoniam
