1781 3192
460 192 621 231 mmm
653 191 881 232 PRIMUS.
931 192 1033 232 (Jav.
1068 193 1139 232 xi.
1478 191 1537 229 55

71 320 206 346 serino
241 311 321 356 est,
356 319 429 343 nec
459 305 510 343 ‹le
542 304 842 354 affectionibus,
886 318 987 355 quae
1020 305 1140 343 animi
1172 310 1239 342 aut
1268 304 1454 355 corporis
1486 316 1534 342 ex

70 371 255 415 tempore
306 367 401 400 sunt
452 362 503 399 ‹le
544 373 661 398 causa
702 359 834 412 aliqua
875 363 1216 399 commutationes
1258 358 1338 415 (de
1380 357 1468 399 lnu.
1504 361 1534 410 Ι,

69 421 139 461 25.
173 417 285 473 36.),
318 418 390 457 sed
423 419 585 456 omnino
617 417 668 454 de
701 430 839 455 eorum
870 417 1021 457 habitu.
1095 419 1179 457 Nec
1213 430 1309 455 uero
1338 430 1439 469 opus
1473 421 1537 454 est

72 478 317 515 coniectura.
377 475 477 512 Nam
519 478 561 512 et
598 475 896 525 prauitatis
945 474 1181 512 uocabulum
1231 479 1272 512 et
1310 473 1361 511 ‹le
1403 474 1536 511 animo

73 539 115 572 et
146 533 198 570 de
230 543 399 582 corpore
433 534 650 582 usurpatur
682 535 724 567 et
754 529 1001 568 adiectiuum
1035 531 1197 577 generis
1230 531 1414 568 neutrius
1440 531 1536 568 sub-

71 590 239 628 stantiui
270 593 413 625 natura
445 589 570 625 ascita
600 591 714 624 recte
745 589 963 637 opponitur
986 588 1257 636 substantiuo,
1290 587 1535 638 praesertim

71 659 159 683 cum
209 643 394 681 eiusdem
443 645 586 695 stirpis
628 644 926 681 substantiuum
976 656 1055 681 non
1105 648 1255 681 exstet.
1335 642 1536 680 Similiter

72 700 274 750 uulgum
331 705 372 737 et
420 698 801 749 intelligentes
850 713 974 751 saepe
1026 700 1102 737 sihi
1153 700 1302 750 opponi
1359 704 1536 738 constat.

71 759 180 795 Brut.
211 754 281 806 -19,
318 754 411 796 183.
445 756 514 805 51,
552 754 642 795 190.
674 756 761 795 cfr.
794 757 979 795 Dietrieh
1020 757 1060 793 in
1092 756 1227 794 Jalinii
1267 757 1374 793 Ann.
1412 754 1533 794 1812.

70 827 112 866 p.
144 812 240 853 495.
293 813 429 849 Haase
459 812 510 850 ad
541 813 710 863 Reisigii
751 812 883 851 schol.
922 819 1135 864 grammat.
1176 825 1217 863 p.
1250 810 1330 853 396
1364 815 1406 848 et
1436 809 1535 852 622.

183 868 419 906 leuitate
452 874 532 906 est
561 869 713 919 enim]
785 870 918 908 Praua
958 874 1022 908 est
1064 868 1314 907 deteriorum
1348 867 1532 906 codicum

73 927 273 964 correctio
295 923 542 963 leuitatis
575 931 654 963 est
685 928 815 964 enim
850 932 900 965 et
922 927 1212 965 suauitatis
1235 924 1534 974 delectans3

71 983 133 1021 cui
168 983 233 1032 qui
267 983 539 1020 coniecturam
574 988 951 1033 superstruxeruut,
985 997 1006 1021 a
1039 987 1149 1019 reeta
1182 983 1247 1019 uia
1277 982 1534 1031 aberrarunt,

73 1037 200 1077 ueluti
235 1037 481 1088 Maduigius,
514 1039 576 1076 cui
611 1037 767 1092 (progr.
803 1053 843 1091 p.
861 1038 927 1092 8.)
959 1039 1165 1090 genitiuus
1198 1051 1246 1075 ex
1276 1039 1534 1076 substantiuo

71 1094 203 1145 aliquo
252 1095 403 1131 omisso
452 1094 638 1145 pendere
689 1097 801 1132 uisus
852 1101 931 1133 est.
1003 1094 1112 1144 Quid
1161 1095 1353 1131 omissum
1406 1099 1534 1143 esset,

70 1153 159 1203 ipse
189 1163 269 1189 non
300 1149 509 1190 indicauit.
570 1150 653 1188 Sed
693 1152 878 1202 uestigiis
911 1153 997 1189 eius
1030 1151 1226 1188 insistens
1256 1149 1402 1187 Bakius
1435 1162 1534 1187 con-

70 1209 168 1246 iecit
196 1206 446 1246 leuitatis
478 1208 672 1245 etenim
703 1205 783 1260 (2²)
814 1212 865 1245 et
896 1207 1177 1246 suauitatis
1208 1205 1427 1244 delectu
1461 1208 1535 1243 sic

71 1266 128 1303 ab
162 1276 348 1301 errore
386 1264 576 1301 mentis
619 1268 882 1314 tamquam
923 1265 1165 1302 salutare
1208 1261 1412 1314 aliquid
1452 1261 1535 1299 ad-

32 1328 34 1330 ’
71 1321 356 1369 sciscitur,
398 1321 579 1371 itemque
616 1319 802 1358 Halmius
838 1321 880 1359 in
918 1319 1031 1360 Phil.
1068 1333 1105 1371 p.
1150 1317 1241 1359 174.
1288 1318 1536 1358 leuitatis

73 1378 207 1417 enim
240 1381 288 1414 et
320 1377 610 1413 suauitatis
633 1375 1027 1415 delenimentis
1053 1375 1333 1414 delectans
1360 1377 1432 1414 sic
1456 1380 1535 1412 cet.

71 1436 156 1473 Nec
204 1445 302 1470 uero
354 1432 574 1470 Goerenzii
624 1431 847 1482 probabilis
896 1437 960 1471 est
1005 1434 1240 1471 coniectura
1286 1431 1536 1471 leuitatis

73 1496 153 1529 est
185 1490 316 1526 enim
352 1489 618 1526 suauitate
651 1487 946 1529 delectans,
980 1490 1153 1527 siccet.
1203 1489 1335 1527 Verae
1355 1492 1537 1537 scriptu-

71 1559 143 1585 rae
184 1545 400 1594 uestigium
444 1557 520 1582 una
564 1557 651 1582 cum
695 1546 952 1583 correctione
992 1551 1137 1583 tenent
1175 1544 1293 1585 codd.
1342 1544 1535 1583 meliores

70 1603 321 1640 leuitatis
353 1601 483 1638 enim
517 1605 568 1639 et
599 1602 886 1639 suauitatis
920 1614 969 1639 es
1005 1603 1135 1639 enim
1169 1607 1218 1639 et
1249 1603 1534 1640 suauitate.

74 1658 192 1697 Unde
226 1656 426 1694 elicienda
458 1657 562 1696 haec
592 1663 709 1695 sunt:
740 1656 974 1696 leuitate
1005 1663 1084 1695 est
1116 1660 1253 1696 enim
1292 1664 1342 1696 et
1371 1659 1537 1695 suaui-

70 1719 180 1755 tate
227 1712 531 1760 delectans3
589 1714 662 1750 sic
715 1718 818 1763 cet.‚
866 1714 972 1763 quod
1017 1727 1145 1766 prope
1191 1714 1300 1752 idem
1348 1715 1536 1752 Dauisius

72 1771 247 1811 coniecit
278 1767 631 1822 (leuitatibus
664 1774 745 1807 est
779 1771 913 1807 enim
956 1775 1006 1808 et
1046 1772 1409 1809 suauitatibus
1454 1770 1535 1808 de-

69 1829 300 1873 lectans3
336 1826 410 1862 sic
442 1822 566 1878 cet.).
636 1825 677 1862 ln
720 1827 864 1876 quibus
903 1839 954 1864 ne
1000 1840 1118 1876 quem
1162 1826 1372 1865 offendant
1413 1828 1538 1864 uerba

74 1890 153 1924 est
183 1881 487 1932 delectans,
529 1894 632 1932 quae
662 1881 769 1920 male
811 1882 972 1933 quidam
1011 1896 1084 1934 pro
1124 1882 1363 1922 delectat
1406 1881 1537 1937 (quod

74 1943 205 1993 ipsum
240 1938 379 1990 steph.
411 1935 642 1991 expressit)
683 1940 820 1989 posita
861 1951 954 1976 esse
991 1939 1203 1990 dixerunt,
1246 1940 1428 1978 indicant
1468 1939 1539 1977 illa

76 1997 295 2048 uoluptatis
318 2008 411 2033 esse
434 2001 636 2044 naturam,
661 2001 703 2033 ut
726 1994 897 2032 leuitate
919 2000 961 2032 et
983 1998 1185 2035 suauitate
1209 1996 1406 2035 delectet.
1469 1995 1536 2034 Cf.

74 2055 158 2092 Cic.
194 2051 283 2090 Phil
330 2051 417 2101 xli,
459 2051 521 2090 12.
555 2049 623 2091 29.
669 2051 794 2090 'l‘usc.
838 2048 891 2101 V,
926 2051 991 2102 14,
1024 2051 1090 2093 42.
1134 2067 1207 2104 pro
1248 2052 1382 2091 Flacc.
1422 2048 1463 2102 4,
1497 2050 1538 2091 9.

74 2110 147 2150 Off.
181 2105 261 2158 ΙΙΙ,
293 2106 363 2148 33.
400 2108 495 2148 116.
557 2107 639 2146 Sic
671 2113 804 2146 autem
838 2109 913 2158 eis,
946 2122 1048 2159 quae
1077 2110 1343 2160 praecedant,
1375 2121 1536 2146 causam

73 2167 274 2206 contineri
303 2169 506 2203 monstrat
528 2177 684 2214 eorum,
717 2176 819 2215 quae
841 2170 1063 2215 sequantur
1087 2164 1187 2217 (sic
1217 2167 1307 2216 fit,
1341 2170 1393 2203 ut
1421 2161 1537 2217 cet.)

73 2224 158 2263 cfr.
200 2221 253 2260 de
292 2222 380 2259 Fin.
421 2221 500 2271 lv,
549 2220 614 2261 14.
656 2221 726 2261 37.
766 2223 842 2259 sic
886 2222 1051 2272 igitur
1088 2223 1136 2260 in
1174 2223 1383 2261 homine
1426 2234 1540 2273 per-

71 2280 240 2318 fectio
290 2279 389 2316 ista
439 2283 533 2316 cet.
604 2277 762 2316 Eodem
811 2278 933 2316 modo
979 2280 1053 2317 ita
1094 2283 1313 2331 usurpatur
1353 2278 1405 2316 de
1443 2279 1537 2316 Nat.

72 2337 198 2376 Deor.
230 2335 261 2384 l,
294 2332 364 2374 40.
401 2333 494 2374 110.
548 2330 607 2385 ΙΙ,
634 2333 701 2374 33.
732 2333 801 2374 83.
838 2334 955 2372 'l'usc
976 2335 1026 2384 ΙΙ,
1058 2335 1098 2376 5.
1133 2335 1198 2376 13.
1256 2337 1374 2374 Hanc
1405 2341 1541 2373 autem

74 2392 332 2445 potissimum
365 2391 639 2429 coniecturam
670 2394 715 2428 ut
744 2390 976 2441 probarem,
1006 2404 1086 2431 non
1119 2405 1222 2443 eam,
1255 2405 1360 2444 quae
1389 2390 1541 2443 pleris-

75 2462 153 2500 que
183 2445 336 2499 placuit
377 2445 544 2499 (Lamb.
585 2446 682 2486 Ern.
727 2447 799 2484 Or.
840 2447 1025 2498 itemque
1063 2449 1178 2488 Man.
1220 2453 1263 2487 et
1301 2448 1541 2496 Schuetzio,

76 2507 143 2557 qui
184 2510 320 2542 tamen
361 2501 592 2540 lenitate
635 2507 678 2541 et
716 2503 910 2553 Mosero,
959 2506 1026 2555 qui
1074 2519 1149 2558 pro
1185 2506 1323 2544 enim
1373 2505 1542 2556 scripsit

76 2558 293 2612 etenim)
325 2558 555 2597 leuitate
587 2559 724 2596 enim
759 2564 807 2597 et
844 2562 1117 2601 suauitate
1157 2561 1432 2601 delectans
1465 2562 1544 2599 sic

80 2619 138 2656 ab
166 2628 343 2656 errore
381 2620 481 2664 cet.‚
512 2613 628 2666 plura
659 2628 725 2653 me
760 2623 1081 2658 commouerunt.
1147 2619 1202 2657 Et
1236 2620 1413 2670 primum
1454 2618 1544 2669 qui-

82 2672 175 2710 dem
206 2686 286 2719 es,
316 2671 422 2723 quod
457 2674 495 2709 in
530 2671 651 2709 codd.
680 2670 918 2710 melioribus
943 2681 1036 2725 post
1068 2677 1363 2714 suauitatis
1397 2679 1545 2721 exstat,

82 2740 164 2765 non
195 2730 434 2767 correctioni
468 2729 633 2766 uidetnr
665 2728 833 2777 deberi3
866 2730 973 2779 quod
1003 2733 1038 2769 si
1071 2739 1198 2782 esset,
1240 2731 1383 2784 procul
1422 2731 1545 2767 dubio

84 2789 165 2822 est
195 2782 266 2838 (ex
295 2785 372 2824 hoc
404 2787 514 2823 enim
543 2791 684 2823 natum
717 2791 781 2823 est
810 2785 1012 2838 ⁴mendum
1045 2785 1122 2841 es)
1162 2795 1257 2841 post
1297 2787 1547 2825 leuitatis
