<?xml version="1.0" encoding="UTF-8"?>
<!DOCTYPE html PUBLIC "-//W3C//DTD XHTML 1.0 Transitional//EN"
    "http://www.w3.org/TR/xhtml1/DTD/xhtml1-transitional.dtd">
<html xmlns="http://www.w3.org/1999/xhtml" xml:lang="en" lang="en">
 <head>
  <title>
</title>
<meta http-equiv="Content-Type" content="text/html;charset=utf-8" />
  <meta name='ocr-system' content='tesseract 3.04.00' />
  <meta name='ocr-capabilities' content='ocr_page ocr_carea ocr_par ocr_line ocrx_word'/>
</head>
<body>
  <div class='ocr_page' id='page_1' title='image "./delegibuslibritr0102ciceuoft_0498.png"; bbox 0 0 1781 3192; ppageno 0'>
   <div class='ocr_carea' id='block_1_1' title="bbox 213 149 1119 191">
    <p class='ocr_par' dir='ltr' id='par_1_1' title="bbox 213 149 1119 191">
     <span class='ocr_line' id='line_1_1' title="bbox 213 149 1119 191; baseline 0.001 -3"><span class='ocrx_word' id='word_1_1' title='bbox 213 151 305 191; x_wconf 83' lang='lat'><strong>292</strong></span> <span class='ocrx_word' id='word_1_2' title='bbox 786 149 857 187; x_wconf 74' lang='lat' dir='ltr'><strong>DE</strong></span> <span class='ocrx_word' id='word_1_3' title='bbox 889 149 1119 189; x_wconf 82' lang='lat' dir='ltr'><strong>LEGlBUS</strong></span> 
     </span>
    </p>
   </div>
   <div class='ocr_carea' id='block_1_2' title="bbox 216 257 1697 2795">
    <p class='ocr_par' dir='ltr' id='par_1_2' title="bbox 216 257 1691 1598">
     <span class='ocr_line' id='line_1_2' title="bbox 216 257 1681 315; baseline -0.001 -14"><span class='ocrx_word' id='word_1_4' title='bbox 216 261 388 302; x_wconf 85' lang='lat' dir='ltr'><strong>solum</strong></span> <span class='ocrx_word' id='word_1_5' title='bbox 420 284 471 289; x_wconf 84' lang='lat'><strong>-—</strong></span> <span class='ocrx_word' id='word_1_6' title='bbox 502 258 599 298; x_wconf 85' lang='lat' dir='ltr'><strong>sed</strong></span> <span class='ocrx_word' id='word_1_7' title='bbox 632 260 790 297; x_wconf 84' lang='lat' dir='ltr'><strong>etiam</strong></span> <span class='ocrx_word' id='word_1_8' title='bbox 820 257 892 298; x_wconf 83' lang='lat' dir='ltr'><strong>illo</strong></span> <span class='ocrx_word' id='word_1_9' title='bbox 922 260 1121 300; x_wconf 90' lang='lat' dir='ltr'><strong>leuiorem</strong></span> <span class='ocrx_word' id='word_1_10' title='bbox 1154 275 1240 300; x_wconf 91' lang='lat' dir='ltr'><strong>rem</strong></span> <span class='ocrx_word' id='word_1_11' title='bbox 1276 276 1298 300; x_wconf 91' lang='lat' dir='ltr'><strong>a</strong></span> <span class='ocrx_word' id='word_1_12' title='bbox 1325 262 1512 302; x_wconf 83' lang='lat' dir='ltr'>Graccho</span> <span class='ocrx_word' id='word_1_13' title='bbox 1542 269 1681 315; x_wconf 85' lang='lat' dir='ltr'><strong>patra-</strong></span> 
     </span>
     <span class='ocr_line' id='line_1_3' title="bbox 216 315 1683 369; baseline 0 -11"><span class='ocrx_word' id='word_1_14' title='bbox 216 324 327 368; x_wconf 83' lang='lat' dir='ltr'><strong>tam,</strong></span> <span class='ocrx_word' id='word_1_15' title='bbox 370 318 449 356; x_wconf 91' lang='lat' dir='ltr'><strong>hoc</strong></span> <span class='ocrx_word' id='word_1_16' title='bbox 491 316 720 366; x_wconf 82' lang='lat' dir='ltr'><strong>grauiorem</strong></span> <span class='ocrx_word' id='word_1_17' title='bbox 761 315 935 355; x_wconf 90' lang='lat' dir='ltr'><strong>indicari</strong></span> <span class='ocrx_word' id='word_1_18' title='bbox 974 324 1162 369; x_wconf 80' lang='lat' dir='ltr'><strong>arguunt.</strong></span> <span class='ocrx_word' id='word_1_19' title='bbox 1230 319 1285 356; x_wconf 86' lang='lat' dir='ltr'><strong>Et</strong></span> <span class='ocrx_word' id='word_1_20' title='bbox 1321 317 1551 369; x_wconf 78' lang='lat' dir='ltr'>neglectam</span> <span class='ocrx_word' id='word_1_21' title='bbox 1590 333 1683 358; x_wconf 83' lang='grc'><strong>6556</strong></span> 
     </span>
     <span class='ocr_line' id='line_1_4' title="bbox 217 372 1681 428; baseline 0.001 -16"><span class='ocrx_word' id='word_1_22' title='bbox 217 377 394 428; x_wconf 88' lang='lat' dir='ltr'><strong>primum</strong></span> <span class='ocrx_word' id='word_1_23' title='bbox 430 372 592 410; x_wconf 84' lang='lat' dir='ltr'><strong>Octauii</strong></span> <span class='ocrx_word' id='word_1_24' title='bbox 624 372 981 424; x_wconf 82' lang='lat' dir='ltr'><strong>intercessionem,</strong></span> <span class='ocrx_word' id='word_1_25' title='bbox 1024 375 1177 413; x_wconf 82' lang='lat' dir='ltr'><strong>deinde</strong></span> <span class='ocrx_word' id='word_1_26' title='bbox 1205 379 1456 425; x_wconf 84' lang='lat' dir='ltr'><strong>potestatem</strong></span> <span class='ocrx_word' id='word_1_27' title='bbox 1491 376 1528 412; x_wconf 89' lang='lat' dir='ltr'><strong>ei</strong></span> <span class='ocrx_word' id='word_1_28' title='bbox 1561 376 1681 413; x_wconf 89' lang='lat' dir='ltr'><strong>abro-</strong></span> 
     </span>
     <span class='ocr_line' id='line_1_5' title="bbox 218 428 1682 482; baseline 0.002 -14"><span class='ocrx_word' id='word_1_29' title='bbox 218 436 351 480; x_wconf 81' lang='lat' dir='ltr'><strong>gatam</strong></span> <span class='ocrx_word' id='word_1_30' title='bbox 391 428 492 465; x_wconf 89' lang='lat' dir='ltr'><strong>satis</strong></span> <span class='ocrx_word' id='word_1_31' title='bbox 532 432 706 467; x_wconf 88' lang='lat' dir='ltr'><strong>constat.</strong></span> <span class='ocrx_word' id='word_1_32' title='bbox 748 428 813 467; x_wconf 86' lang='lat' dir='ltr'><strong>Cf.</strong></span> <span class='ocrx_word' id='word_1_33' title='bbox 856 430 944 470; x_wconf 89' lang='lat' dir='ltr'><strong>Liu.</strong></span> <span class='ocrx_word' id='word_1_34' title='bbox 982 430 1093 481; x_wconf 81' lang='lat' dir='ltr'><strong>Epit.</strong></span> <span class='ocrx_word' id='word_1_35' title='bbox 1136 430 1205 471; x_wconf 80' lang='grc'><strong>58.</strong></span> <span class='ocrx_word' id='word_1_36' title='bbox 1246 432 1352 482; x_wconf 88' lang='lat' dir='ltr'><strong>App.</strong></span> <span class='ocrx_word' id='word_1_37' title='bbox 1392 432 1436 470; x_wconf 94' lang='lat' dir='ltr'><strong>B.</strong></span> <span class='ocrx_word' id='word_1_38' title='bbox 1480 431 1524 471; x_wconf 90' lang='lat' dir='ltr'><strong>C.</strong></span> <span class='ocrx_word' id='word_1_39' title='bbox 1559 431 1600 480; x_wconf 98' lang='grc' dir='ltr'><strong>Ι,</strong></span> <span class='ocrx_word' id='word_1_40' title='bbox 1643 429 1682 471; x_wconf 88' lang='grc'><strong>9.</strong></span> 
     </span>
     <span class='ocr_line' id='line_1_6' title="bbox 217 481 1683 537; baseline 0.001 -13"><span class='ocrx_word' id='word_1_41' title='bbox 217 486 302 524; x_wconf 88' lang='lat' dir='ltr'><strong>Cic.</strong></span> <span class='ocrx_word' id='word_1_42' title='bbox 336 497 408 536; x_wconf 88' lang='lat' dir='ltr'><strong>pro</strong></span> <span class='ocrx_word' id='word_1_43' title='bbox 441 481 531 521; x_wconf 76' lang='lat' dir='ltr'><strong>Mil.</strong></span> <span class='ocrx_word' id='word_1_44' title='bbox 562 483 632 533; x_wconf 79' lang='grc'><strong>27,</strong></span> <span class='ocrx_word' id='word_1_45' title='bbox 663 484 729 524; x_wconf 78' lang='grc'><strong>72.</strong></span> <span class='ocrx_word' id='word_1_46' title='bbox 763 483 867 526; x_wconf 89' lang='lat' dir='ltr'><strong>Vell.</strong></span> <span class='ocrx_word' id='word_1_47' title='bbox 900 485 988 526; x_wconf 89' lang='lat' dir='ltr'><strong>Pat.</strong></span> <span class='ocrx_word' id='word_1_48' title='bbox 1023 484 1080 537; x_wconf 90' lang='grc'><strong>11,</strong></span> <span class='ocrx_word' id='word_1_49' title='bbox 1113 488 1151 528; x_wconf 83' lang='grc'><strong>2,</strong></span> <span class='ocrx_word' id='word_1_50' title='bbox 1187 484 1298 527; x_wconf 83' lang='lat' dir='ltr'><strong>Flor.</strong></span> <span class='ocrx_word' id='word_1_51' title='bbox 1333 483 1414 537; x_wconf 91' lang='lat' dir='ltr'><strong>III,</strong></span> <span class='ocrx_word' id='word_1_52' title='bbox 1448 485 1511 527; x_wconf 78' lang='grc'><strong>14.</strong></span> <span class='ocrx_word' id='word_1_53' title='bbox 1571 489 1683 536; x_wconf 77' lang='lat' dir='ltr'><strong>Quo-</strong></span> 
     </span>
     <span class='ocr_line' id='line_1_7' title="bbox 217 540 1684 593; baseline 0.001 -13"><span class='ocrx_word' id='word_1_54' title='bbox 217 540 340 580; x_wconf 88' lang='lat' dir='ltr'>modo</span> <span class='ocrx_word' id='word_1_55' title='bbox 372 542 497 590; x_wconf 76' lang='lat' dir='ltr'><strong>igitur</strong></span> <span class='ocrx_word' id='word_1_56' title='bbox 528 541 731 590; x_wconf 84' lang='lat' dir='ltr'><strong>tribunus,</strong></span> <span class='ocrx_word' id='word_1_57' title='bbox 764 543 880 579; x_wconf 79' lang='lat' dir='ltr'><strong>euius</strong></span> <span class='ocrx_word' id='word_1_58' title='bbox 917 543 1109 593; x_wconf 80' lang='lat' dir='ltr'><strong>neglecta</strong></span> <span class='ocrx_word' id='word_1_59' title='bbox 1146 545 1392 581; x_wconf 79' lang='lat' dir='ltr'><strong>intercessio</strong></span> <span class='ocrx_word' id='word_1_60' title='bbox 1432 545 1509 593; x_wconf 85' lang='lat' dir='ltr'><strong>sit,</strong></span> <span class='ocrx_word' id='word_1_61' title='bbox 1551 545 1684 581; x_wconf 87' lang='lat' dir='ltr'><strong>ueti-</strong></span> 
     </span>
     <span class='ocr_line' id='line_1_8' title="bbox 217 597 1683 650; baseline 0.001 -14"><span class='ocrx_word' id='word_1_62' title='bbox 217 602 302 636; x_wconf 88' lang='lat' dir='ltr'><strong>tus</strong></span> <span class='ocrx_word' id='word_1_63' title='bbox 334 601 472 648; x_wconf 84' lang='lat' dir='ltr'><strong>potest</strong></span> <span class='ocrx_word' id='word_1_64' title='bbox 503 598 722 645; x_wconf 88' lang='lat' dir='ltr'><strong>nominari,</strong></span> <span class='ocrx_word' id='word_1_65' title='bbox 756 610 844 634; x_wconf 87' lang='lat' dir='ltr'><strong>cum</strong></span> <span class='ocrx_word' id='word_1_66' title='bbox 879 599 966 649; x_wconf 89' lang='lat' dir='ltr'><strong>ipse</strong></span> <span class='ocrx_word' id='word_1_67' title='bbox 999 605 1135 650; x_wconf 86' lang='lat' dir='ltr'><strong>uetet,</strong></span> <span class='ocrx_word' id='word_1_68' title='bbox 1166 613 1247 638; x_wconf 91' lang='lat' dir='ltr'><strong>non</strong></span> <span class='ocrx_word' id='word_1_69' title='bbox 1287 597 1483 637; x_wconf 83' lang='lat' dir='ltr'><strong>uetetur?</strong></span> <span class='ocrx_word' id='word_1_70' title='bbox 1524 599 1683 638; x_wconf 86' lang='lat' dir='ltr'><strong>Deinde</strong></span> 
     </span>
     <span class='ocr_line' id='line_1_9' title="bbox 219 652 1683 706; baseline 0.001 -14"><span class='ocrx_word' id='word_1_71' title='bbox 219 667 319 692; x_wconf 89' lang='lat' dir='ltr'><strong>uero</strong></span> <span class='ocrx_word' id='word_1_72' title='bbox 353 667 432 691; x_wconf 90' lang='lat' dir='ltr'><strong>non</strong></span> <span class='ocrx_word' id='word_1_73' title='bbox 472 659 586 690; x_wconf 86' lang='lat' dir='ltr'><strong>recte</strong></span> <span class='ocrx_word' id='word_1_74' title='bbox 618 652 768 690; x_wconf 80' lang='lat' dir='ltr'><strong>dicitur</strong></span> <span class='ocrx_word' id='word_1_75' title='bbox 800 653 1046 705; x_wconf 86' lang='lat' dir='ltr'><strong>simpliciter</strong></span> <span class='ocrx_word' id='word_1_76' title='bbox 1077 657 1232 706; x_wconf 86' lang='lat' dir='ltr'><strong>uetari3</strong></span> <span class='ocrx_word' id='word_1_77' title='bbox 1266 656 1362 705; x_wconf 87' lang='lat' dir='ltr'><strong>quid</strong></span> <span class='ocrx_word' id='word_1_78' title='bbox 1393 656 1533 693; x_wconf 80' lang='lat' dir='ltr'><strong>facere</strong></span> <span class='ocrx_word' id='word_1_79' title='bbox 1565 663 1683 694; x_wconf 87' lang='lat' dir='ltr'><strong>uete-</strong></span> 
     </span>
     <span class='ocr_line' id='line_1_10' title="bbox 218 710 1683 764; baseline 0 -15"><span class='ocrx_word' id='word_1_80' title='bbox 218 716 300 761; x_wconf 87' lang='lat' dir='ltr'><strong>tur,</strong></span> <span class='ocrx_word' id='word_1_81' title='bbox 343 710 437 748; x_wconf 87' lang='lat' dir='ltr'><strong>addi</strong></span> <span class='ocrx_word' id='word_1_82' title='bbox 480 714 668 760; x_wconf 78' lang='lat' dir='ltr'><strong>oportet,</strong></span> <span class='ocrx_word' id='word_1_83' title='bbox 711 710 789 747; x_wconf 86' lang='lat' dir='ltr'><strong>nisi</strong></span> <span class='ocrx_word' id='word_1_84' title='bbox 829 710 950 749; x_wconf 82' lang='lat' dir='ltr'><strong>facile</strong></span> <span class='ocrx_word' id='word_1_85' title='bbox 987 712 1216 764; x_wconf 71' lang='lat' dir='ltr'><strong>suppletur.</strong></span> <span class='ocrx_word' id='word_1_86' title='bbox 1277 712 1384 749; x_wconf 91' lang='lat' dir='ltr'><strong>Hinc</strong></span> <span class='ocrx_word' id='word_1_87' title='bbox 1424 713 1683 750; x_wconf 88' lang='lat' dir='ltr'><strong>uerissimam</strong></span> 
     </span>
     <span class='ocr_line' id='line_1_11' title="bbox 220 766 1685 819; baseline 0 -14"><span class='ocrx_word' id='word_1_88' title='bbox 220 781 312 806; x_wconf 81' lang='lat' dir='ltr'><strong>esse</strong></span> <span class='ocrx_word' id='word_1_89' title='bbox 355 766 493 805; x_wconf 87' lang='lat' dir='ltr'><strong>elucet</strong></span> <span class='ocrx_word' id='word_1_90' title='bbox 535 766 708 803; x_wconf 83' lang='lat' dir='ltr'><strong>Manutii</strong></span> <span class='ocrx_word' id='word_1_91' title='bbox 749 767 1024 806; x_wconf 85' lang='lat' dir='ltr'><strong>coniecturam</strong></span> <span class='ocrx_word' id='word_1_92' title='bbox 1079 768 1395 819; x_wconf 71' lang='lat' dir='ltr'><strong>neglectus,</strong></span> <span class='ocrx_word' id='word_1_93' title='bbox 1446 780 1494 805; x_wconf 85' lang='lat' dir='ltr'><strong>ex</strong></span> <span class='ocrx_word' id='word_1_94' title='bbox 1535 767 1685 806; x_wconf 88' lang='lat' dir='ltr'><strong>mendo</strong></span> 
     </span>
     <span class='ocr_line' id='line_1_12' title="bbox 220 822 1686 876; baseline -0.001 -14"><span class='ocrx_word' id='word_1_95' title='bbox 220 823 340 864; x_wconf 78' lang='lat' dir='ltr'><strong>codd.</strong></span> <span class='ocrx_word' id='word_1_96' title='bbox 384 822 595 860; x_wconf 85' lang='lat' dir='ltr'><strong>meliorum</strong></span> <span class='ocrx_word' id='word_1_97' title='bbox 635 826 816 860; x_wconf 86' lang='lat' dir='ltr'><strong>nectus</strong></span> <span class='ocrx_word' id='word_1_98' title='bbox 856 836 1115 876; x_wconf 75' lang='lat' dir='ltr'><strong>expressam,</strong></span> <span class='ocrx_word' id='word_1_99' title='bbox 1157 839 1272 876; x_wconf 80' lang='lat' dir='ltr'><strong>quam</strong></span> <span class='ocrx_word' id='word_1_100' title='bbox 1315 827 1464 863; x_wconf 87' lang='lat' dir='ltr'><strong>merito</strong></span> <span class='ocrx_word' id='word_1_101' title='bbox 1515 837 1686 862; x_wconf 85' lang='lat' dir='ltr'><strong>assensu</strong></span> 
     </span>
     <span class='ocr_line' id='line_1_13' title="bbox 219 878 1687 933; baseline -0.001 -14"><span class='ocrx_word' id='word_1_102' title='bbox 219 880 536 930; x_wconf 85' lang='lat' dir='ltr'><strong>comprobarunt</strong></span> <span class='ocrx_word' id='word_1_103' title='bbox 565 878 703 917; x_wconf 73' lang='lat' dir='ltr'><strong>Mada.</strong></span> <span class='ocrx_word' id='word_1_104' title='bbox 735 879 774 915; x_wconf 91' lang='lat' dir='ltr'><strong>in</strong></span> <span class='ocrx_word' id='word_1_105' title='bbox 799 879 1037 921; x_wconf 85' lang='lat' dir='ltr'><strong>Emendatt.</strong></span> <span class='ocrx_word' id='word_1_106' title='bbox 1071 897 1113 933; x_wconf 87' lang='lat' dir='ltr'><strong>p.</strong></span> <span class='ocrx_word' id='word_1_107' title='bbox 1138 881 1205 923; x_wconf 73' lang='lat'><strong>96.</strong></span> <span class='ocrx_word' id='word_1_108' title='bbox 1240 888 1280 920; x_wconf 84' lang='lat' dir='ltr'><strong>et</strong></span> <span class='ocrx_word' id='word_1_109' title='bbox 1303 880 1494 921; x_wconf 72' lang='lat' dir='ltr'><strong>Orellius.</strong></span> <span class='ocrx_word' id='word_1_110' title='bbox 1557 883 1687 930; x_wconf 73' lang='lat' dir='ltr'><strong>Quam</strong></span> 
     </span>
     <span class='ocr_line' id='line_1_14' title="bbox 219 934 1687 988; baseline 0 -14"><span class='ocrx_word' id='word_1_111' title='bbox 219 937 329 988; x_wconf 90' lang='lat' dir='ltr'><strong>quod</strong></span> <span class='ocrx_word' id='word_1_112' title='bbox 364 936 513 974; x_wconf 85' lang='lat' dir='ltr'><strong>Bakius</strong></span> <span class='ocrx_word' id='word_1_113' title='bbox 544 948 632 973; x_wconf 87' lang='lat' dir='ltr'><strong>cum</strong></span> <span class='ocrx_word' id='word_1_114' title='bbox 666 934 766 972; x_wconf 87' lang='lat' dir='ltr'><strong>alias</strong></span> <span class='ocrx_word' id='word_1_115' title='bbox 799 936 849 973; x_wconf 94' lang='lat' dir='ltr'><strong>ob</strong></span> <span class='ocrx_word' id='word_1_116' title='bbox 881 950 1022 976; x_wconf 89' lang='lat' dir='ltr'><strong>causas</strong></span> <span class='ocrx_word' id='word_1_117' title='bbox 1054 941 1212 988; x_wconf 87' lang='lat' dir='ltr'><strong>inanes,</strong></span> <span class='ocrx_word' id='word_1_118' title='bbox 1258 945 1339 976; x_wconf 86' lang='lat' dir='ltr'><strong>tum</strong></span> <span class='ocrx_word' id='word_1_119' title='bbox 1375 940 1424 975; x_wconf 91' lang='lat' dir='ltr'><strong>ob</strong></span> <span class='ocrx_word' id='word_1_120' title='bbox 1465 938 1570 976; x_wconf 89' lang='lat' dir='ltr'><strong>hanc</strong></span> <span class='ocrx_word' id='word_1_121' title='bbox 1608 939 1687 974; x_wconf 91' lang='lat' dir='ltr'><strong>im-</strong></span> 
     </span>
     <span class='ocr_line' id='line_1_15' title="bbox 219 991 1686 1047; baseline -0.001 -16"><span class='ocrx_word' id='word_1_122' title='bbox 219 994 433 1045; x_wconf 87' lang='lat' dir='ltr'><strong>probauit,</strong></span> <span class='ocrx_word' id='word_1_123' title='bbox 480 991 592 1043; x_wconf 82' lang='lat' dir='ltr'><strong>quod</strong></span> <span class='ocrx_word' id='word_1_124' title='bbox 631 1004 680 1029; x_wconf 84' lang='lat' dir='ltr'><strong>ex</strong></span> <span class='ocrx_word' id='word_1_125' title='bbox 720 991 805 1032; x_wconf 83' lang='lat' dir='ltr'><strong>Cic.</strong></span> <span class='ocrx_word' id='word_1_126' title='bbox 848 992 960 1033; x_wconf 76' lang='lat' dir='ltr'><strong>Phil.</strong></span> <span class='ocrx_word' id='word_1_127' title='bbox 1002 991 1067 1046; x_wconf 85' lang='grc'><strong>11,</strong></span> <span class='ocrx_word' id='word_1_128' title='bbox 1112 996 1176 1035; x_wconf 89' lang='lat'><strong>22.</strong></span> <span class='ocrx_word' id='word_1_129' title='bbox 1218 994 1285 1035; x_wconf 78' lang='grc'><strong>53.</strong></span> <span class='ocrx_word' id='word_1_130' title='bbox 1335 993 1686 1047; x_wconf 84' lang='lat' dir='ltr'><strong>(intercessio</strong></span> 
     </span>
     <span class='ocr_line' id='line_1_16' title="bbox 222 1047 1687 1104; baseline -0.001 -16"><span class='ocrx_word' id='word_1_131' title='bbox 222 1049 492 1100; x_wconf 80' lang='lat' dir='ltr'><strong>neglecta,</strong></span> <span class='ocrx_word' id='word_1_132' title='bbox 521 1050 603 1086; x_wconf 88' lang='lat' dir='ltr'><strong>ius</strong></span> <span class='ocrx_word' id='word_1_133' title='bbox 635 1048 987 1088; x_wconf 87' lang='lat' dir='ltr'><strong>tribunicium</strong></span> <span class='ocrx_word' id='word_1_134' title='bbox 1021 1047 1305 1104; x_wconf 84' lang='lat' dir='ltr'><strong>sublatum)</strong></span> <span class='ocrx_word' id='word_1_135' title='bbox 1338 1050 1447 1089; x_wconf 81' lang='lat' dir='ltr'><strong>idem</strong></span> <span class='ocrx_word' id='word_1_136' title='bbox 1480 1048 1687 1101; x_wconf 81' lang='lat' dir='ltr'><strong>neglec-</strong></span> 
     </span>
     <span class='ocr_line' id='line_1_17' title="bbox 221 1103 1687 1158; baseline -0.001 -13"><span class='ocrx_word' id='word_1_137' title='bbox 221 1111 309 1145; x_wconf 89' lang='lat' dir='ltr'><strong>tus</strong></span> <span class='ocrx_word' id='word_1_138' title='bbox 343 1112 464 1156; x_wconf 85' lang='lat' dir='ltr'><strong>atque</strong></span> <span class='ocrx_word' id='word_1_139' title='bbox 497 1103 738 1142; x_wconf 82' lang='lat' dir='ltr'><strong>sublatus</strong></span> <span class='ocrx_word' id='word_1_140' title='bbox 771 1118 865 1143; x_wconf 91' lang='lat' dir='ltr'><strong>esse</strong></span> <span class='ocrx_word' id='word_1_141' title='bbox 897 1113 1139 1158; x_wconf 24' lang='lat' dir='ltr'><strong>appa-reret:</strong></span> <span class='ocrx_word' id='word_1_142' title='bbox 1171 1121 1250 1146; x_wconf 91' lang='lat' dir='ltr'><strong>non</strong></span> <span class='ocrx_word' id='word_1_143' title='bbox 1276 1107 1568 1146; x_wconf 78' lang='lat' dir='ltr'><strong>animaduertit</strong></span> <span class='ocrx_word' id='word_1_144' title='bbox 1591 1119 1687 1157; x_wconf 89' lang='lat' dir='ltr'><strong>pro-</strong></span> 
     </span>
     <span class='ocr_line' id='line_1_18' title="bbox 221 1161 1686 1216; baseline 0.001 -16"><span class='ocrx_word' id='word_1_145' title='bbox 221 1163 333 1201; x_wconf 78' lang='lat' dir='ltr'><strong>fecto</strong></span> <span class='ocrx_word' id='word_1_146' title='bbox 360 1163 415 1200; x_wconf 87' lang='lat' dir='ltr'><strong>ibi</strong></span> <span class='ocrx_word' id='word_1_147' title='bbox 450 1163 514 1199; x_wconf 93' lang='lat' dir='ltr'><strong>ius</strong></span> <span class='ocrx_word' id='word_1_148' title='bbox 547 1162 808 1199; x_wconf 85' lang='lat' dir='ltr'><strong>tribunicium</strong></span> <span class='ocrx_word' id='word_1_149' title='bbox 840 1161 921 1200; x_wconf 82' lang='lat' dir='ltr'><strong>dici</strong></span> <span class='ocrx_word' id='word_1_150' title='bbox 953 1163 1174 1214; x_wconf 86' lang='lat' dir='ltr'><strong>sublatum,</strong></span> <span class='ocrx_word' id='word_1_151' title='bbox 1208 1178 1288 1202; x_wconf 89' lang='lat' dir='ltr'><strong>nou</strong></span> <span class='ocrx_word' id='word_1_152' title='bbox 1312 1167 1443 1216; x_wconf 88' lang='lat' dir='ltr'><strong>ipsum</strong></span> <span class='ocrx_word' id='word_1_153' title='bbox 1469 1165 1686 1201; x_wconf 79' lang='lat' dir='ltr'><strong>tribunum.</strong></span> 
     </span>
     <span class='ocr_line' id='line_1_19' title="bbox 223 1218 1687 1270; baseline -0.002 -12"><span class='ocrx_word' id='word_1_154' title='bbox 223 1218 342 1269; x_wconf 77' lang='lat' dir='ltr'><strong>Quod</strong></span> <span class='ocrx_word' id='word_1_155' title='bbox 372 1221 463 1269; x_wconf 89' lang='lat' dir='ltr'><strong>ipse</strong></span> <span class='ocrx_word' id='word_1_156' title='bbox 495 1218 673 1255; x_wconf 85' lang='lat' dir='ltr'><strong>coniecit</strong></span> <span class='ocrx_word' id='word_1_157' title='bbox 705 1218 756 1254; x_wconf 88' lang='lat' dir='ltr'><strong>in</strong></span> <span class='ocrx_word' id='word_1_158' title='bbox 772 1223 991 1269; x_wconf 87' lang='lat' dir='ltr'><strong>uentus,</strong></span> <span class='ocrx_word' id='word_1_159' title='bbox 1037 1220 1103 1258; x_wconf 84' lang='lat' dir='ltr'><strong>uel</strong></span> <span class='ocrx_word' id='word_1_160' title='bbox 1145 1222 1224 1258; x_wconf 92' lang='lat' dir='ltr'><strong>hoc</strong></span> <span class='ocrx_word' id='word_1_161' title='bbox 1264 1221 1427 1258; x_wconf 88' lang='lat' dir='ltr'><strong>nomine</strong></span> <span class='ocrx_word' id='word_1_162' title='bbox 1466 1219 1687 1270; x_wconf 87' lang='lat' dir='ltr'><strong>improbari</strong></span> 
     </span>
     <span class='ocr_line' id='line_1_20' title="bbox 221 1275 1687 1327; baseline -0.003 -12"><span class='ocrx_word' id='word_1_163' title='bbox 221 1288 397 1315; x_wconf 85' lang='lat' dir='ltr'><strong>necesse</strong></span> <span class='ocrx_word' id='word_1_164' title='bbox 430 1279 510 1324; x_wconf 86' lang='lat' dir='ltr'><strong>est,</strong></span> <span class='ocrx_word' id='word_1_165' title='bbox 543 1275 636 1324; x_wconf 89' lang='lat' dir='ltr'><strong>qnia</strong></span> <span class='ocrx_word' id='word_1_166' title='bbox 669 1278 840 1324; x_wconf 87' lang='lat' dir='ltr'><strong>utroque</strong></span> <span class='ocrx_word' id='word_1_167' title='bbox 872 1277 1088 1327; x_wconf 85' lang='lat' dir='ltr'><strong>participio</strong></span> <span class='ocrx_word' id='word_1_168' title='bbox 1125 1276 1280 1314; x_wconf 82' lang='lat' dir='ltr'><strong>facinus</strong></span> <span class='ocrx_word' id='word_1_169' title='bbox 1313 1275 1483 1313; x_wconf 85' lang='lat' dir='ltr'><strong>iudicari</strong></span> <span class='ocrx_word' id='word_1_170' title='bbox 1515 1288 1687 1313; x_wconf 81' lang='lat' dir='ltr'><strong>necesse</strong></span> 
     </span>
     <span class='ocr_line' id='line_1_21' title="bbox 224 1330 1687 1381; baseline -0.002 -10"><span class='ocrx_word' id='word_1_171' title='bbox 224 1338 289 1371; x_wconf 85' lang='lat' dir='ltr'><strong>est</strong></span> <span class='ocrx_word' id='word_1_172' title='bbox 322 1346 343 1369; x_wconf 92' lang='lat' dir='ltr'><strong>a</strong></span> <span class='ocrx_word' id='word_1_173' title='bbox 375 1331 440 1370; x_wconf 92' lang='lat' dir='ltr'><strong>Ti.</strong></span> <span class='ocrx_word' id='word_1_174' title='bbox 474 1330 660 1367; x_wconf 84' lang='lat' dir='ltr'><strong>Graccho</strong></span> <span class='ocrx_word' id='word_1_175' title='bbox 689 1335 908 1381; x_wconf 82' lang='lat' dir='ltr'><strong>patratum.</strong></span> <span class='ocrx_word' id='word_1_176' title='bbox 969 1332 1124 1369; x_wconf 87' lang='lat' dir='ltr'><strong>Lbinus</strong></span> <span class='ocrx_word' id='word_1_177' title='bbox 1166 1331 1271 1370; x_wconf 90' lang='lat' dir='ltr'><strong>male</strong></span> <span class='ocrx_word' id='word_1_178' title='bbox 1304 1333 1479 1370; x_wconf 85' lang='lat' dir='ltr'><strong>coniecit</strong></span> <span class='ocrx_word' id='word_1_179' title='bbox 1511 1344 1687 1380; x_wconf 80' lang='lat' dir='ltr'><strong>nexus,</strong></span> 
     </span>
     <span class='ocr_line' id='line_1_22' title="bbox 223 1386 1688 1437; baseline -0.002 -10"><span class='ocrx_word' id='word_1_180' title='bbox 223 1387 460 1428; x_wconf 80' lang='lat' dir='ltr'><strong>Schefferus</strong></span> <span class='ocrx_word' id='word_1_181' title='bbox 491 1388 751 1425; x_wconf 76' lang='lat' dir='ltr'><strong>inuectus.</strong></span> <span class='ocrx_word' id='word_1_182' title='bbox 815 1386 1048 1425; x_wconf 87' lang='lat' dir='ltr'><strong>Uernaculo</strong></span> <span class='ocrx_word' id='word_1_183' title='bbox 1091 1400 1283 1425; x_wconf 85' lang='lat' dir='ltr'><strong>sermone</strong></span> <span class='ocrx_word' id='word_1_184' title='bbox 1324 1389 1383 1425; x_wconf 90' lang='lat' dir='ltr'><strong>sic</strong></span> <span class='ocrx_word' id='word_1_185' title='bbox 1416 1389 1688 1437; x_wconf 87' lang='lat' dir='ltr'><strong>interpretor:</strong></span> 
     </span>
     <span class='ocr_line' id='line_1_23' title="bbox 224 1441 1691 1495; baseline -0.004 -11"><span class='ocrx_word' id='word_1_186' title='bbox 224 1446 289 1495; x_wconf 85' lang='lat' dir='ltr'><strong>Ja,</strong></span> <span class='ocrx_word' id='word_1_187' title='bbox 322 1442 453 1482; x_wconf 87' lang='lat' dir='ltr'><strong>selbst</strong></span> <span class='ocrx_word' id='word_1_188' title='bbox 484 1441 561 1479; x_wconf 85' lang='lat' dir='ltr'><strong>den</strong></span> <span class='ocrx_word' id='word_1_189' title='bbox 596 1442 660 1480; x_wconf 80' lang='lat' dir='ltr'><strong>Ti.</strong></span> <span class='ocrx_word' id='word_1_190' title='bbox 695 1441 903 1479; x_wconf 86' lang='lat' dir='ltr'><strong>Gracchus</strong></span> <span class='ocrx_word' id='word_1_191' title='bbox 936 1444 1095 1480; x_wconf 85' lang='lat' dir='ltr'><strong>stiirzte</strong></span> <span class='ocrx_word' id='word_1_192' title='bbox 1128 1442 1234 1492; x_wconf 83' lang='lat' dir='ltr'><strong>dies,</strong></span> <span class='ocrx_word' id='word_1_193' title='bbox 1267 1442 1360 1480; x_wconf 85' lang='lat' dir='ltr'><strong>dass</strong></span> <span class='ocrx_word' id='word_1_194' title='bbox 1402 1455 1447 1480; x_wconf 94' lang='lat' dir='ltr'><strong>er</strong></span> <span class='ocrx_word' id='word_1_195' title='bbox 1477 1442 1556 1479; x_wconf 88' lang='lat' dir='ltr'><strong>den</strong></span> <span class='ocrx_word' id='word_1_196' title='bbox 1588 1442 1691 1479; x_wconf 86' lang='lat' dir='ltr'><strong>Ein-</strong></span> 
     </span>
     <span class='ocr_line' id='line_1_24' title="bbox 225 1497 1691 1554; baseline -0.003 -14"><span class='ocrx_word' id='word_1_197' title='bbox 225 1501 371 1554; x_wconf 86' lang='lat' dir='ltr'><strong>spruch</strong></span> <span class='ocrx_word' id='word_1_198' title='bbox 406 1500 542 1536; x_wconf 70' lang='lat' dir='ltr'><strong>seines</strong></span> <span class='ocrx_word' id='word_1_199' title='bbox 580 1497 778 1548; x_wconf 78' lang='lat' dir='ltr'><strong>Collegen</strong></span> <span class='ocrx_word' id='word_1_200' title='bbox 810 1498 927 1537; x_wconf 88' lang='lat' dir='ltr'><strong>nicht</strong></span> <span class='ocrx_word' id='word_1_201' title='bbox 959 1499 1047 1538; x_wconf 90' lang='lat' dir='ltr'><strong>blos</strong></span> <span class='ocrx_word' id='word_1_202' title='bbox 1083 1500 1333 1538; x_wconf 87' lang='lat' dir='ltr'><strong>unbeachtet</strong></span> <span class='ocrx_word' id='word_1_203' title='bbox 1362 1498 1478 1549; x_wconf 88' lang='lat' dir='ltr'><strong>liess,</strong></span> <span class='ocrx_word' id='word_1_204' title='bbox 1511 1497 1691 1536; x_wconf 89' lang='lat' dir='ltr'><strong>sondern</strong></span> 
     </span>
     <span class='ocr_line' id='line_1_25' title="bbox 222 1555 827 1598; baseline -0.007 0"><span class='ocrx_word' id='word_1_205' title='bbox 222 1560 294 1598; x_wconf 84' lang='lat' dir='ltr'><strong>ihu</strong></span> <span class='ocrx_word' id='word_1_206' title='bbox 326 1556 426 1595; x_wconf 89' lang='lat' dir='ltr'><strong>auch</strong></span> <span class='ocrx_word' id='word_1_207' title='bbox 457 1555 595 1594; x_wconf 85' lang='lat' dir='ltr'><strong>selber</strong></span> <span class='ocrx_word' id='word_1_208' title='bbox 626 1556 827 1594; x_wconf 83' lang='lat' dir='ltr'><strong>absetzte.</strong></span> 
     </span>
    </p>

    <p class='ocr_par' dir='ltr' id='par_1_3' title="bbox 224 1609 1694 1994">
     <span class='ocr_line' id='line_1_26' title="bbox 338 1609 1692 1663; baseline -0.002 -12"><span class='ocrx_word' id='word_1_209' title='bbox 338 1613 443 1651; x_wconf 90' lang='lat' dir='ltr'><strong>nisi</strong></span> <span class='ocrx_word' id='word_1_210' title='bbox 476 1610 611 1663; x_wconf 90' lang='lat' dir='ltr'><strong>quod</strong></span> <span class='ocrx_word' id='word_1_211' title='bbox 643 1610 744 1662; x_wconf 76' lang='lat' dir='ltr'><strong>cet]</strong></span> <span class='ocrx_word' id='word_1_212' title='bbox 817 1609 987 1650; x_wconf 85' lang='lat' dir='ltr'><strong>Scilicet</strong></span> <span class='ocrx_word' id='word_1_213' title='bbox 1027 1616 1237 1663; x_wconf 83' lang='lat' dir='ltr'><strong>potestate</strong></span> <span class='ocrx_word' id='word_1_214' title='bbox 1278 1613 1449 1651; x_wconf 88' lang='lat' dir='ltr'><strong>Octauio</strong></span> <span class='ocrx_word' id='word_1_215' title='bbox 1500 1612 1692 1662; x_wconf 79' lang='lat' dir='ltr'><strong>abrogata</strong></span> 
     </span>
     <span class='ocr_line' id='line_1_27' title="bbox 224 1666 1691 1719; baseline -0.004 -9"><span class='ocrx_word' id='word_1_216' title='bbox 224 1674 289 1711; x_wconf 87' lang='lat' dir='ltr'><strong>ius</strong></span> <span class='ocrx_word' id='word_1_217' title='bbox 337 1673 643 1708; x_wconf 83' lang='lat' dir='ltr'><strong>sacrosanctum</strong></span> <span class='ocrx_word' id='word_1_218' title='bbox 699 1669 957 1707; x_wconf 85' lang='lat' dir='ltr'><strong>tribunorum</strong></span> <span class='ocrx_word' id='word_1_219' title='bbox 1009 1673 1051 1707; x_wconf 87' lang='lat' dir='ltr'><strong>et</strong></span> <span class='ocrx_word' id='word_1_220' title='bbox 1103 1667 1218 1719; x_wconf 77' lang='lat' dir='ltr'><strong>leges</strong></span> <span class='ocrx_word' id='word_1_221' title='bbox 1274 1669 1454 1707; x_wconf 82' lang='lat' dir='ltr'><strong>ciuitatis</strong></span> <span class='ocrx_word' id='word_1_222' title='bbox 1508 1666 1691 1705; x_wconf 85' lang='lat' dir='ltr'><strong>uiolauit.</strong></span> 
     </span>
     <span class='ocr_line' id='line_1_28' title="bbox 226 1723 1693 1778; baseline -0.003 -12"><span class='ocrx_word' id='word_1_223' title='bbox 226 1730 363 1778; x_wconf 83' lang='lat' dir='ltr'><strong>Quare</strong></span> <span class='ocrx_word' id='word_1_224' title='bbox 402 1730 569 1763; x_wconf 86' lang='lat' dir='ltr'><strong>senatus</strong></span> <span class='ocrx_word' id='word_1_225' title='bbox 603 1723 791 1763; x_wconf 88' lang='lat' dir='ltr'><strong>consulto</strong></span> <span class='ocrx_word' id='word_1_226' title='bbox 832 1724 969 1776; x_wconf 88' lang='lat' dir='ltr'><strong>fact0,</strong></span> <span class='ocrx_word' id='word_1_227' title='bbox 1019 1730 1063 1763; x_wconf 91' lang='lat' dir='ltr'><strong>ut</strong></span> <span class='ocrx_word' id='word_1_228' title='bbox 1099 1726 1292 1763; x_wconf 82' lang='lat' dir='ltr'><strong>uiderent</strong></span> <span class='ocrx_word' id='word_1_229' title='bbox 1329 1738 1462 1774; x_wconf 69' lang='lat' dir='ltr'><strong>coss,</strong></span> <span class='ocrx_word' id='word_1_230' title='bbox 1503 1737 1556 1762; x_wconf 90' lang='lat' dir='ltr'><strong>ne</strong></span> <span class='ocrx_word' id='word_1_231' title='bbox 1594 1723 1693 1774; x_wconf 90' lang='lat' dir='ltr'><strong>quid</strong></span> 
     </span>
     <span class='ocr_line' id='line_1_29' title="bbox 227 1780 1693 1834; baseline -0.005 -10"><span class='ocrx_word' id='word_1_232' title='bbox 227 1783 467 1824; x_wconf 84' lang='lat' dir='ltr'><strong>detrimenti</strong></span> <span class='ocrx_word' id='word_1_233' title='bbox 500 1786 667 1833; x_wconf 85' lang='lat' dir='ltr'><strong>caperet</strong></span> <span class='ocrx_word' id='word_1_234' title='bbox 698 1794 765 1819; x_wconf 88' lang='lat' dir='ltr'><strong>res</strong></span> <span class='ocrx_word' id='word_1_235' title='bbox 796 1780 978 1833; x_wconf 88' lang='lat' dir='ltr'><strong>publica,</strong></span> <span class='ocrx_word' id='word_1_236' title='bbox 1011 1796 1032 1820; x_wconf 93' lang='lat' dir='ltr'><strong>a</strong></span> <span class='ocrx_word' id='word_1_237' title='bbox 1056 1782 1101 1822; x_wconf 82' lang='lat' dir='ltr'><strong>L.</strong></span> <span class='ocrx_word' id='word_1_238' title='bbox 1135 1782 1297 1834; x_wconf 86' lang='lat' dir='ltr'><strong>Opimio</strong></span> <span class='ocrx_word' id='word_1_239' title='bbox 1330 1795 1412 1820; x_wconf 90' lang='lat' dir='ltr'><strong>cos.</strong></span> <span class='ocrx_word' id='word_1_240' title='bbox 1444 1780 1693 1818; x_wconf 85' lang='lat' dir='ltr'><strong>interfectus</strong></span> 
     </span>
     <span class='ocr_line' id='line_1_30' title="bbox 229 1835 1693 1889; baseline -0.004 -8"><span class='ocrx_word' id='word_1_241' title='bbox 229 1846 307 1881; x_wconf 90' lang='lat' dir='ltr'><strong>est.</strong></span> <span class='ocrx_word' id='word_1_242' title='bbox 361 1840 443 1879; x_wconf 86' lang='lat' dir='ltr'><strong>Cic.</strong></span> <span class='ocrx_word' id='word_1_243' title='bbox 476 1838 583 1878; x_wconf 86' lang='lat' dir='ltr'><strong>Phil.</strong></span> <span class='ocrx_word' id='word_1_244' title='bbox 619 1836 729 1889; x_wconf 87' lang='lat' dir='ltr'><strong>Vlll,</strong></span> <span class='ocrx_word' id='word_1_245' title='bbox 761 1836 801 1879; x_wconf 70' lang='grc'><strong>4.</strong></span> <span class='ocrx_word' id='word_1_246' title='bbox 836 1836 898 1878; x_wconf 82' lang='grc'><strong>1-1.</strong></span> <span class='ocrx_word' id='word_1_247' title='bbox 932 1837 983 1876; x_wconf 87' lang='grc'><strong>(16</strong></span> <span class='ocrx_word' id='word_1_248' title='bbox 1007 1839 1078 1877; x_wconf 89' lang='lat' dir='ltr'><strong>Or.</strong></span> <span class='ocrx_word' id='word_1_249' title='bbox 1106 1839 1152 1889; x_wconf 81' lang='lat'><strong>11,</strong></span> <span class='ocrx_word' id='word_1_250' title='bbox 1184 1839 1254 1880; x_wconf 86' lang='lat'><strong>30.</strong></span> <span class='ocrx_word' id='word_1_251' title='bbox 1292 1838 1384 1879; x_wconf 84' lang='lat'><strong>132.</strong></span> <span class='ocrx_word' id='word_1_252' title='bbox 1417 1837 1505 1877; x_wconf 87' lang='lat' dir='ltr'><strong>Cat.</strong></span> <span class='ocrx_word' id='word_1_253' title='bbox 1532 1837 1562 1887; x_wconf 89' lang='grc' dir='ltr'><strong>Ι,</strong></span> <span class='ocrx_word' id='word_1_254' title='bbox 1595 1837 1633 1877; x_wconf 89' lang='grc'><strong>2.</strong></span> <span class='ocrx_word' id='word_1_255' title='bbox 1654 1835 1693 1877; x_wconf 77' lang='grc'><strong>4.</strong></span> 
     </span>
     <span class='ocr_line' id='line_1_31' title="bbox 225 1893 1694 1948; baseline -0.005 -10"><span class='ocrx_word' id='word_1_256' title='bbox 225 1900 339 1938; x_wconf 90' lang='lat' dir='ltr'><strong>Brut.</strong></span> <span class='ocrx_word' id='word_1_257' title='bbox 380 1895 458 1944; x_wconf 78' lang='grc'><strong>34,</strong></span> <span class='ocrx_word' id='word_1_258' title='bbox 498 1895 588 1937; x_wconf 80' lang='grc'><strong>128.</strong></span> <span class='ocrx_word' id='word_1_259' title='bbox 628 1895 705 1934; x_wconf 93' lang='lat' dir='ltr'><strong>Dio</strong></span> <span class='ocrx_word' id='word_1_260' title='bbox 739 1895 852 1935; x_wconf 83' lang='lat' dir='ltr'><strong>Cass.</strong></span> <span class='ocrx_word' id='word_1_261' title='bbox 885 1895 1030 1946; x_wconf 71' lang='lat' dir='ltr'><strong>XLVI,</strong></span> <span class='ocrx_word' id='word_1_262' title='bbox 1065 1893 1135 1947; x_wconf 80' lang='grc'><strong>49,</strong></span> <span class='ocrx_word' id='word_1_263' title='bbox 1181 1897 1243 1934; x_wconf 90' lang='lat' dir='ltr'><strong>cui</strong></span> <span class='ocrx_word' id='word_1_264' title='bbox 1284 1896 1363 1933; x_wconf 84' lang='lat' dir='ltr'><strong>ista</strong></span> <span class='ocrx_word' id='word_1_265' title='bbox 1391 1907 1524 1948; x_wconf 88' lang='lat' dir='ltr'><strong>poena</strong></span> <span class='ocrx_word' id='word_1_266' title='bbox 1555 1893 1694 1932; x_wconf 90' lang='lat' dir='ltr'><strong>diuina</strong></span> 
     </span>
     <span class='ocr_line' id='line_1_32' title="bbox 227 1953 567 1994; baseline -0.012 0"><span class='ocrx_word' id='word_1_267' title='bbox 227 1954 393 1994; x_wconf 86' lang='lat' dir='ltr'><strong>uidetur</strong></span> <span class='ocrx_word' id='word_1_268' title='bbox 421 1953 567 1991; x_wconf 80' lang='lat' dir='ltr'><strong>fuisse.</strong></span> 
     </span>
    </p>

    <p class='ocr_par' dir='ltr' id='par_1_4' title="bbox 229 2005 1697 2795">
     <span class='ocr_line' id='line_1_33' title="bbox 345 2005 1694 2059; baseline -0.002 -12"><span class='ocrx_word' id='word_1_269' title='bbox 345 2011 590 2048; x_wconf 87' lang='lat' dir='ltr'><strong>maiorum</strong></span> <span class='ocrx_word' id='word_1_270' title='bbox 622 2009 672 2047; x_wconf 89' lang='lat' dir='ltr'><strong>in</strong></span> <span class='ocrx_word' id='word_1_271' title='bbox 703 2007 798 2047; x_wconf 89' lang='lat' dir='ltr'><strong>illo</strong></span> <span class='ocrx_word' id='word_1_272' title='bbox 830 2006 975 2059; x_wconf 88' lang='lat' dir='ltr'><strong>uide]</strong></span> <span class='ocrx_word' id='word_1_273' title='bbox 1037 2006 1214 2047; x_wconf 87' lang='lat' dir='ltr'><strong>Eleuato</strong></span> <span class='ocrx_word' id='word_1_274' title='bbox 1247 2020 1320 2058; x_wconf 89' lang='lat' dir='ltr'><strong>eo,</strong></span> <span class='ocrx_word' id='word_1_275' title='bbox 1356 2006 1464 2058; x_wconf 89' lang='lat' dir='ltr'><strong>quod</strong></span> <span class='ocrx_word' id='word_1_276' title='bbox 1495 2005 1694 2044; x_wconf 89' lang='lat' dir='ltr'><strong>aduersa-</strong></span> 
     </span>
     <span class='ocr_line' id='line_1_34' title="bbox 229 2064 1695 2118; baseline -0.003 -12"><span class='ocrx_word' id='word_1_277' title='bbox 229 2069 315 2106; x_wconf 88' lang='lat' dir='ltr'><strong>rius</strong></span> <span class='ocrx_word' id='word_1_278' title='bbox 356 2068 571 2118; x_wconf 89' lang='lat' dir='ltr'><strong>opposuit,</strong></span> <span class='ocrx_word' id='word_1_279' title='bbox 623 2065 673 2103; x_wconf 92' lang='lat' dir='ltr'><strong>ad</strong></span> <span class='ocrx_word' id='word_1_280' title='bbox 716 2066 959 2117; x_wconf 90' lang='lat' dir='ltr'><strong>sapientiam</strong></span> <span class='ocrx_word' id='word_1_281' title='bbox 999 2068 1196 2103; x_wconf 88' lang='lat' dir='ltr'><strong>maiorum</strong></span> <span class='ocrx_word' id='word_1_282' title='bbox 1239 2066 1415 2103; x_wconf 87' lang='lat' dir='ltr'><strong>animum</strong></span> <span class='ocrx_word' id='word_1_283' title='bbox 1457 2064 1614 2101; x_wconf 88' lang='lat' dir='ltr'><strong>aduerti</strong></span> <span class='ocrx_word' id='word_1_284' title='bbox 1653 2065 1695 2102; x_wconf 90' lang='lat' dir='ltr'><strong>in</strong></span> 
     </span>
     <span class='ocr_line' id='line_1_35' title="bbox 230 2120 1693 2172; baseline -0.003 -11"><span class='ocrx_word' id='word_1_285' title='bbox 230 2123 302 2162; x_wconf 91' lang='lat' dir='ltr'><strong>illo</strong></span> <span class='ocrx_word' id='word_1_286' title='bbox 340 2124 480 2171; x_wconf 87' lang='lat' dir='ltr'><strong>iubet,</strong></span> <span class='ocrx_word' id='word_1_287' title='bbox 522 2121 631 2172; x_wconf 88' lang='lat' dir='ltr'><strong>quod</strong></span> <span class='ocrx_word' id='word_1_288' title='bbox 669 2125 918 2172; x_wconf 87' lang='lat' dir='ltr'><strong>potestatem</strong></span> <span class='ocrx_word' id='word_1_289' title='bbox 964 2122 1219 2158; x_wconf 74' lang='lat' dir='ltr'><strong>tribuniciam</strong></span> <span class='ocrx_word' id='word_1_290' title='bbox 1252 2120 1360 2171; x_wconf 90' lang='lat' dir='ltr'><strong>plebi</strong></span> <span class='ocrx_word' id='word_1_291' title='bbox 1394 2120 1693 2169; x_wconf 82' lang='lat' dir='ltr'><strong>concesserint,</strong></span> 
     </span>
     <span class='ocr_line' id='line_1_36' title="bbox 230 2173 1694 2228; baseline -0.004 -10"><span class='ocrx_word' id='word_1_292' title='bbox 230 2178 445 2219; x_wconf 88' lang='lat' dir='ltr'><strong>commoda</strong></span> <span class='ocrx_word' id='word_1_293' title='bbox 470 2191 571 2228; x_wconf 87' lang='lat' dir='ltr'><strong>quae</strong></span> <span class='ocrx_word' id='word_1_294' title='bbox 604 2176 807 2227; x_wconf 82' lang='lat' dir='ltr'><strong>attulerit,</strong></span> <span class='ocrx_word' id='word_1_295' title='bbox 841 2175 1070 2215; x_wconf 87' lang='lat' dir='ltr'><strong>declarans.</strong></span> <span class='ocrx_word' id='word_1_296' title='bbox 1134 2173 1275 2227; x_wconf 87' lang='lat' dir='ltr'><strong>Itaque</strong></span> <span class='ocrx_word' id='word_1_297' title='bbox 1313 2181 1357 2214; x_wconf 90' lang='lat' dir='ltr'><strong>ut</strong></span> <span class='ocrx_word' id='word_1_298' title='bbox 1388 2174 1607 2224; x_wconf 82' lang='lat' dir='ltr'><strong>facillima,</strong></span> <span class='ocrx_word' id='word_1_299' title='bbox 1638 2177 1694 2213; x_wconf 88' lang='lat' dir='ltr'><strong>ita</strong></span> 
     </span>
     <span class='ocr_line' id='line_1_37' title="bbox 231 2232 1695 2281; baseline -0.004 -7"><span class='ocrx_word' id='word_1_300' title='bbox 231 2237 449 2275; x_wconf 85' lang='lat' dir='ltr'><strong>uerissima</strong></span> <span class='ocrx_word' id='word_1_301' title='bbox 487 2239 552 2272; x_wconf 89' lang='lat' dir='ltr'><strong>est</strong></span> <span class='ocrx_word' id='word_1_302' title='bbox 592 2234 765 2271; x_wconf 85' lang='lat' dir='ltr'><strong>Manutii</strong></span> <span class='ocrx_word' id='word_1_303' title='bbox 813 2234 1049 2271; x_wconf 86' lang='lat' dir='ltr'><strong>coniectura</strong></span> <span class='ocrx_word' id='word_1_304' title='bbox 1094 2233 1191 2271; x_wconf 88' lang='lat' dir='ltr'><strong>inde</strong></span> <span class='ocrx_word' id='word_1_305' title='bbox 1241 2246 1262 2270; x_wconf 88' lang='lat' dir='ltr'><strong>a</strong></span> <span class='ocrx_word' id='word_1_306' title='bbox 1310 2233 1478 2271; x_wconf 89' lang='lat' dir='ltr'><strong>Dauisio</strong></span> <span class='ocrx_word' id='word_1_307' title='bbox 1529 2232 1695 2281; x_wconf 78' lang='lat' dir='ltr'><strong>uulgata</strong></span> 
     </span>
     <span class='ocr_line' id='line_1_38' title="bbox 232 2288 1694 2331; baseline -0.003 -1"><span class='ocrx_word' id='word_1_308' title='bbox 232 2293 480 2331; x_wconf 89' lang='lat' dir='ltr'><strong>maiorum</strong></span> <span class='ocrx_word' id='word_1_309' title='bbox 513 2292 560 2328; x_wconf 90' lang='lat' dir='ltr'><strong>in</strong></span> <span class='ocrx_word' id='word_1_310' title='bbox 593 2288 683 2328; x_wconf 94' lang='lat' dir='ltr'><strong>illo</strong></span> <span class='ocrx_word' id='word_1_311' title='bbox 717 2289 851 2328; x_wconf 91' lang='lat' dir='ltr'><strong>uide.</strong></span> <span class='ocrx_word' id='word_1_312' title='bbox 913 2289 1162 2327; x_wconf 87' lang='lat' dir='ltr'><strong>Pronomine</strong></span> <span class='ocrx_word' id='word_1_313' title='bbox 1205 2288 1298 2327; x_wconf 91' lang='lat' dir='ltr'><strong>ille</strong></span> <span class='ocrx_word' id='word_1_314' title='bbox 1337 2292 1588 2327; x_wconf 86' lang='lat' dir='ltr'><strong>monstratur</strong></span> <span class='ocrx_word' id='word_1_315' title='bbox 1617 2289 1694 2326; x_wconf 88' lang='lat' dir='ltr'><strong>tri-</strong></span> 
     </span>
     <span class='ocr_line' id='line_1_39' title="bbox 234 2346 1694 2400; baseline -0.002 -13"><span class='ocrx_word' id='word_1_316' title='bbox 234 2349 423 2388; x_wconf 82' lang='lat' dir='ltr'><strong>buniciae</strong></span> <span class='ocrx_word' id='word_1_317' title='bbox 460 2348 682 2400; x_wconf 86' lang='lat' dir='ltr'><strong>potestatis</strong></span> <span class='ocrx_word' id='word_1_318' title='bbox 736 2348 949 2384; x_wconf 86' lang='lat' dir='ltr'><strong>concessio</strong></span> <span class='ocrx_word' id='word_1_319' title='bbox 995 2351 1199 2397; x_wconf 86' lang='lat' dir='ltr'><strong>tamquam</strong></span> <span class='ocrx_word' id='word_1_320' title='bbox 1245 2351 1434 2397; x_wconf 86' lang='lat' dir='ltr'><strong>tempore</strong></span> <span class='ocrx_word' id='word_1_321' title='bbox 1481 2346 1694 2384; x_wconf 83' lang='lat' dir='ltr'><strong>remotior.</strong></span> 
     </span>
     <span class='ocr_line' id='line_1_40' title="bbox 234 2402 1696 2452; baseline -0.004 -8"><span class='ocrx_word' id='word_1_322' title='bbox 234 2407 284 2445; x_wconf 85' lang='lat' dir='ltr'><strong>ln</strong></span> <span class='ocrx_word' id='word_1_323' title='bbox 317 2404 413 2443; x_wconf 89' lang='lat' dir='ltr'><strong>illo</strong></span> <span class='ocrx_word' id='word_1_324' title='bbox 445 2409 582 2443; x_wconf 89' lang='lat' dir='ltr'><strong>autem</strong></span> <span class='ocrx_word' id='word_1_325' title='bbox 618 2403 740 2441; x_wconf 89' lang='lat' dir='ltr'><strong>uide</strong></span> <span class='ocrx_word' id='word_1_326' title='bbox 770 2403 874 2441; x_wconf 87' lang='lat' dir='ltr'><strong>hanc</strong></span> <span class='ocrx_word' id='word_1_327' title='bbox 906 2404 984 2440; x_wconf 89' lang='lat' dir='ltr'><strong>uim</strong></span> <span class='ocrx_word' id='word_1_328' title='bbox 1012 2403 1156 2440; x_wconf 88' lang='lat' dir='ltr'><strong>habet:</strong></span> <span class='ocrx_word' id='word_1_329' title='bbox 1189 2403 1370 2441; x_wconf 88' lang='lat' dir='ltr'><strong>erkenne</strong></span> <span class='ocrx_word' id='word_1_330' title='bbox 1395 2402 1527 2450; x_wconf 77' lang='lat' dir='ltr'><strong>darin,</strong></span> <span class='ocrx_word' id='word_1_331' title='bbox 1552 2413 1696 2452; x_wconf 86' lang='lat' dir='ltr'><strong>quem-</strong></span> 
     </span>
     <span class='ocr_line' id='line_1_41' title="bbox 234 2455 1693 2509; baseline -0.003 -9"><span class='ocrx_word' id='word_1_332' title='bbox 234 2461 454 2501; x_wconf 85' lang='lat' dir='ltr'><strong>admodum</strong></span> <span class='ocrx_word' id='word_1_333' title='bbox 493 2458 685 2499; x_wconf 82' lang='lat' dir='ltr'><strong>similiter</strong></span> <span class='ocrx_word' id='word_1_334' title='bbox 724 2460 806 2499; x_wconf 83' lang='lat' dir='ltr'><strong>Cic.</strong></span> <span class='ocrx_word' id='word_1_335' title='bbox 847 2461 886 2497; x_wconf 92' lang='lat' dir='ltr'><strong>in</strong></span> <span class='ocrx_word' id='word_1_336' title='bbox 930 2459 1046 2500; x_wconf 79' lang='lat' dir='ltr'><strong>Verr.</strong></span> <span class='ocrx_word' id='word_1_337' title='bbox 1092 2455 1132 2509; x_wconf 91' lang='lat' dir='ltr'><strong>I,</strong></span> <span class='ocrx_word' id='word_1_338' title='bbox 1173 2459 1239 2500; x_wconf 77' lang='lat'><strong>28.</strong></span> <span class='ocrx_word' id='word_1_339' title='bbox 1281 2459 1346 2499; x_wconf 74' lang='lat'><strong>72.</strong></span> <span class='ocrx_word' id='word_1_340' title='bbox 1388 2460 1466 2497; x_wconf 85' lang='lat' dir='ltr'><strong>ait:</strong></span> <span class='ocrx_word' id='word_1_341' title='bbox 1510 2460 1557 2496; x_wconf 92' lang='lat' dir='ltr'><strong>in</strong></span> <span class='ocrx_word' id='word_1_342' title='bbox 1600 2470 1693 2508; x_wconf 91' lang='lat' dir='ltr'><strong>quo</strong></span> 
     </span>
     <span class='ocr_line' id='line_1_42' title="bbox 236 2515 1695 2558; baseline -0.004 -1"><span class='ocrx_word' id='word_1_343' title='bbox 236 2518 392 2558; x_wconf 90' lang='lat' dir='ltr'><strong>uideo</strong></span> <span class='ocrx_word' id='word_1_344' title='bbox 423 2518 652 2557; x_wconf 90' lang='lat' dir='ltr'><strong>Neronis</strong></span> <span class='ocrx_word' id='word_1_345' title='bbox 684 2516 883 2555; x_wconf 90' lang='lat' dir='ltr'><strong>iudicio</strong></span> <span class='ocrx_word' id='word_1_346' title='bbox 922 2528 1020 2554; x_wconf 88' lang='lat' dir='ltr'><strong>non</strong></span> <span class='ocrx_word' id='word_1_347' title='bbox 1052 2521 1105 2554; x_wconf 85' lang='lat' dir='ltr'><strong>te</strong></span> <span class='ocrx_word' id='word_1_348' title='bbox 1137 2515 1432 2554; x_wconf 88' lang='lat' dir='ltr'><strong>absolutum</strong></span> <span class='ocrx_word' id='word_1_349' title='bbox 1463 2527 1580 2553; x_wconf 90' lang='lat' dir='ltr'><strong>esse</strong></span> <span class='ocrx_word' id='word_1_350' title='bbox 1609 2516 1695 2552; x_wconf 92' lang='lat' dir='ltr'><strong>im-</strong></span> 
     </span>
     <span class='ocr_line' id='line_1_43' title="bbox 233 2571 1696 2628; baseline -0.003 -15"><span class='ocrx_word' id='word_1_351' title='bbox 233 2575 549 2628; x_wconf 86' lang='lat' dir='ltr'><strong>probitatis,</strong></span> <span class='ocrx_word' id='word_1_352' title='bbox 582 2573 678 2612; x_wconf 88' lang='lat' dir='ltr'><strong>sed</strong></span> <span class='ocrx_word' id='word_1_353' title='bbox 709 2573 834 2612; x_wconf 90' lang='lat' dir='ltr'><strong>illos</strong></span> <span class='ocrx_word' id='word_1_354' title='bbox 869 2573 1141 2611; x_wconf 85' lang='lat' dir='ltr'><strong>damnatos</strong></span> <span class='ocrx_word' id='word_1_355' title='bbox 1175 2586 1293 2611; x_wconf 90' lang='lat' dir='ltr'><strong>esse</strong></span> <span class='ocrx_word' id='word_1_356' title='bbox 1324 2571 1524 2621; x_wconf 89' lang='lat' dir='ltr'><strong>caedis,</strong></span> <span class='ocrx_word' id='word_1_357' title='bbox 1557 2576 1601 2609; x_wconf 91' lang='lat' dir='ltr'><strong>ut</strong></span> <span class='ocrx_word' id='word_1_358' title='bbox 1630 2572 1696 2608; x_wconf 92' lang='lat' dir='ltr'><strong>in-</strong></span> 
     </span>
     <span class='ocr_line' id='line_1_44' title="bbox 236 2628 1696 2678; baseline -0.001 -9"><span class='ocrx_word' id='word_1_359' title='bbox 236 2633 340 2670; x_wconf 88' lang='lat' dir='ltr'><strong>iuria</strong></span> <span class='ocrx_word' id='word_1_360' title='bbox 371 2631 520 2669; x_wconf 88' lang='lat' dir='ltr'><strong>Bakius</strong></span> <span class='ocrx_word' id='word_1_361' title='bbox 557 2644 652 2669; x_wconf 88' lang='lat' dir='ltr'><strong>num</strong></span> <span class='ocrx_word' id='word_1_362' title='bbox 694 2631 797 2668; x_wconf 89' lang='lat' dir='ltr'><strong>haec</strong></span> <span class='ocrx_word' id='word_1_363' title='bbox 830 2630 1101 2668; x_wconf 83' lang='lat' dir='ltr'><strong>Ciceroniana</strong></span> <span class='ocrx_word' id='word_1_364' title='bbox 1132 2630 1185 2668; x_wconf 88' lang='lat' dir='ltr'><strong>sit</strong></span> <span class='ocrx_word' id='word_1_365' title='bbox 1216 2628 1387 2678; x_wconf 79' lang='lat' dir='ltr'><strong>locutio,</strong></span> <span class='ocrx_word' id='word_1_366' title='bbox 1427 2628 1696 2669; x_wconf 80' lang='lat' dir='ltr'><strong>dubitauerit.</strong></span> 
     </span>
     <span class='ocr_line' id='line_1_45' title="bbox 238 2683 1696 2740; baseline -0.003 -13"><span class='ocrx_word' id='word_1_367' title='bbox 238 2688 376 2728; x_wconf 90' lang='lat' dir='ltr'><strong>Minus</strong></span> <span class='ocrx_word' id='word_1_368' title='bbox 408 2686 629 2740; x_wconf 90' lang='lat' dir='ltr'><strong>probabilis</strong></span> <span class='ocrx_word' id='word_1_369' title='bbox 663 2693 727 2726; x_wconf 87' lang='lat' dir='ltr'><strong>est</strong></span> <span class='ocrx_word' id='word_1_370' title='bbox 750 2688 934 2727; x_wconf 88' lang='lat' dir='ltr'><strong>Turnebi</strong></span> <span class='ocrx_word' id='word_1_371' title='bbox 967 2688 1217 2737; x_wconf 87' lang='lat' dir='ltr'><strong>coniectura,</strong></span> <span class='ocrx_word' id='word_1_372' title='bbox 1249 2699 1351 2738; x_wconf 87' lang='lat' dir='ltr'><strong>quae</strong></span> <span class='ocrx_word' id='word_1_373' title='bbox 1376 2686 1504 2723; x_wconf 85' lang='lat' dir='ltr'><strong>Lbino</strong></span> <span class='ocrx_word' id='word_1_374' title='bbox 1527 2683 1696 2736; x_wconf 89' lang='lat' dir='ltr'><strong>placuit,</strong></span> 
     </span>
     <span class='ocr_line' id='line_1_46' title="bbox 238 2740 1697 2795; baseline -0.003 -10"><span class='ocrx_word' id='word_1_375' title='bbox 238 2746 486 2785; x_wconf 87' lang='lat' dir='ltr'><strong>maiorum</strong></span> <span class='ocrx_word' id='word_1_376' title='bbox 519 2746 568 2783; x_wconf 89' lang='lat' dir='ltr'><strong>in</strong></span> <span class='ocrx_word' id='word_1_377' title='bbox 600 2744 699 2785; x_wconf 87' lang='lat' dir='ltr'><strong>hoc</strong></span> <span class='ocrx_word' id='word_1_378' title='bbox 740 2743 875 2786; x_wconf 85' lang='lat' dir='ltr'><strong>uide.</strong></span> <span class='ocrx_word' id='word_1_379' title='bbox 937 2740 985 2783; x_wconf 92' lang='lat' dir='ltr'><strong>In</strong></span> <span class='ocrx_word' id='word_1_380' title='bbox 1023 2743 1176 2784; x_wconf 88' lang='lat' dir='ltr'><strong>Halmii</strong></span> <span class='ocrx_word' id='word_1_381' title='bbox 1218 2745 1454 2783; x_wconf 85' lang='lat' dir='ltr'><strong>coniectura</strong></span> <span class='ocrx_word' id='word_1_382' title='bbox 1489 2743 1697 2795; x_wconf 87' lang='lat' dir='ltr'><strong>sapien-</strong></span> 
     </span>
    </p>
   </div>
  </div>
 </body>
</html>
