1781 3192
211 175 267 212 18
778 174 849 214 DE
880 174 1113 216 LEGiBUS

214 290 311 342 (pro
352 288 493 327 Plane.
537 286 607 334 23,
646 283 739 337 55.)
785 289 860 326 ita
906 288 956 327 nd
1007 290 1147 340 quasi
1196 291 1353 340 spectat
1395 291 1538 339 estque
1570 288 1678 341 quod

213 359 287 385 nos
319 345 494 383 dicimus
525 344 565 380 in
599 341 675 380 der
705 343 960 396 Erwartung.

329 402 359 450 ᾧ.
388 399 450 439 10.
484 400 588 437 ista
621 401 787 439 oratio
816 414 896 440 non
922 406 987 440 est
1018 400 1163 439 istud
1195 400 1471 439 scribendi
1496 415 1677 453 gemm,

217 466 260 497 ut
293 456 440 496 Bakius
471 458 768 508 interpretatur
796 464 1028 510 comparato
1062 459 1274 497 Ciceronis
1303 456 1394 495 loco
1418 458 1490 498 Or.
1518 458 1583 508 11,
1605 458 1675 501 37.

212 513 325 553 Nihil
368 511 477 550 aliud
518 513 581 550 his
622 514 759 552 uerbis
794 515 834 555 h.
867 515 897 554 l.
938 516 1184 566 significari,
1215 527 1331 565 quam
1372 515 1498 565 ista,
1545 528 1677 566 quae

210 570 397 609 dixisti
423 569 484 608 de
505 569 734 608 historia
758 584 848 610 nec
870 570 1201 610 instituenda
1223 571 1327 609 nisi
1363 577 1676 623 praeparato

210 627 319 665 otio
358 638 455 665 nec
496 627 681 677 exiguo
721 631 959 680 tempore
992 626 1331 677 absoluenda,
1371 626 1435 666 uel
1468 641 1517 667 ex
1545 630 1675 680 ipsius

211 683 421 721 Ciceronis
452 694 652 734 responso
686 681 837 735 elucet,
867 684 1139 736 similiterque
1171 684 1271 723 dicit
1295 684 1421 723 Tusc.
1455 681 1490 734 Ι,
1514 684 1582 725 25.
1606 684 1675 726 60.

211 752 443 790 quorsus
486 741 647 789 igitur
695 740 823 779 haec
875 747 1089 793 spectat
1134 738 1334 779 oratio?
1403 741 1520 780 Adde
1560 743 1675 780 Brut.

213 794 284 845 40,
321 794 414 835 150.
477 796 618 847 inepta
648 801 712 834 est
743 797 788 835 A.
820 798 872 837 G.
903 799 1086 850 Zumptii
1117 799 1352 836 coniectura
1383 799 1486 836 ista
1516 800 1675 848 ratio,

212 865 331 902 quam
364 851 567 890 uertendo
599 852 739 892 reddit
768 852 891 893 deine
929 853 1280 906 eigenthiimliche
1309 855 1382 892 Art
1411 853 1495 894 und
1525 854 1676 893 Weise.

322 907 668 960 legationem]
719 911 780 948 De
818 910 1026 961 legatione
1058 910 1188 949 libera
1221 910 1316 949 uide
1347 923 1418 960 ea,
1461 923 1564 962 quae
1594 911 1676 950 dixi

209 960 292 1013 ΙΙΙ,
325 963 364 1004 8.
403 963 464 1004 18.
506 966 788 1017 Legationi
821 971 955 1006 autem
988 972 1033 1006 ut
1063 968 1169 1018 parti
1201 966 1438 1018 adiungitur
1467 980 1595 1019 genus
1624 965 1676 1005 li-

209 1023 308 1058 bere
337 1021 467 1059 Roma
496 1021 698 1073 cedendi,
730 1036 832 1074 quae
865 1029 930 1063 est
969 1025 1164 1073 cessio,
1210 1036 1290 1062 non
1332 1025 1590 1073 cessatio,
1632 1022 1675 1061 id

209 1075 318 1126 quod
347 1089 437 1115 cum
469 1083 565 1129 post
598 1080 706 1119 Uict.
739 1084 781 1118 et
809 1081 971 1119 Manut.
1003 1080 1070 1120 ed.
1109 1079 1227 1120 1584.
1270 1080 1401 1118 denuo
1443 1081 1677 1131 recepisset

208 1131 387 1171 Orellius
436 1134 766 1175 commendatum
812 1149 834 1174 a
874 1136 1014 1177 Madu.
1057 1136 1296 1175 Emendatt.
1334 1149 1371 1186 p.
1411 1134 1487 1185 89,
1528 1136 1675 1173 merito

210 1189 359 1227 Bakius
402 1190 660 1241 improbauit.
722 1193 822 1230 Nam
862 1197 1145 1245 praeterquam
1189 1192 1295 1242 quod
1328 1193 1561 1229 cessatio
1593 1203 1674 1228 non

210 1249 273 1283 est
320 1245 399 1283 nisi
444 1246 485 1284 in
524 1246 800 1287 deterioribus
843 1254 911 1288 aut
951 1249 1154 1287 correctis
1195 1248 1432 1297 codicibus,
1478 1259 1531 1286 ne
1561 1251 1676 1286 recte

209 1299 372 1352 quidem
404 1305 649 1342 cessatio
692 1306 778 1344 eius
821 1318 914 1344 esse
946 1304 1116 1355 dicitur,
1160 1305 1227 1355 qui
1257 1302 1364 1342 liber
1395 1305 1453 1342 rei
1484 1303 1675 1356 publicae

209 1358 445 1396 muneribus
469 1360 510 1396 in
542 1358 696 1399 litteris
729 1374 880 1413 operae
911 1360 1087 1400 collocat
1116 1360 1182 1399 uel
1211 1358 1456 1413 plurimum3
1490 1365 1557 1399 est
1577 1371 1675 1398 uero

208 1415 315 1462 eiuS,
346 1415 412 1463 qui
444 1415 551 1453 nihil
582 1418 747 1454 omnino
779 1419 874 1467 agit.
934 1417 999 1456 Cf.
1043 1417 1131 1455 Cic.
1169 1417 1222 1455 de
1253 1417 1350 1455 Nat.
1383 1417 1505 1455 Deor.
1538 1413 1573 1466 Ι,
1605 1414 1676 1456 36.

208 1471 279 1508 fin.
351 1469 619 1521 Epicurus
672 1473 813 1511 nihil
861 1474 1170 1512 cessatione
1214 1471 1406 1511 melius
1452 1472 1674 1512 iudicat.

210 1526 348 1577 ltaque
378 1525 513 1564 nihil
545 1540 762 1568 cessare
800 1529 950 1568 dicitur
980 1529 1111 1567 Uarro
1140 1530 1213 1568 Ac.
1246 1525 1282 1579 I,
1319 1528 1356 1568 1.
1388 1528 1431 1582 2,
1461 1531 1527 1580 qui
1560 1542 1675 1580 mag-

208 1595 303 1620 num
336 1594 436 1632 opus
469 1584 508 1620 in
540 1585 725 1623 manibus
756 1586 950 1635 habebat,
983 1590 1026 1623 et
1056 1598 1272 1624 cessare
1305 1586 1450 1624 Cicero
1483 1585 1535 1624 ad
1558 1587 1674 1625 Fam.

208 1638 318 1689 XVI,
356 1637 426 1678 22.
463 1636 498 1678 1.
546 1636 691 1693 (quem
733 1646 949 1693 utrumque
987 1641 1121 1680 locum
1166 1641 1316 1680 Bakius
1357 1641 1674 1694 suppeditauit)‚

208 1695 301 1744 quia
330 1695 422 1745 ipse
450 1694 555 1733 nihil
585 1698 753 1736 scribat.
813 1699 898 1737 Nec
929 1710 1026 1736 uero
1059 1702 1154 1749 apte
1193 1697 1324 1736 libera
1364 1703 1408 1736 et
1437 1699 1570 1736 otiosa
1600 1710 1674 1735 uo-

208 1754 323 1789 catur
356 1752 552 1801 cessati03
586 1755 764 1792 cessio
800 1758 935 1792 autem
969 1754 1146 1792 dubitari
1176 1767 1254 1791 nou
1279 1758 1420 1804 potest
1443 1755 1536 1804 quin
1558 1758 1675 1792 recte

209 1806 390 1856 dicatur,
422 1820 512 1845 cum
544 1807 696 1847 cedere
725 1811 969 1862 saepissime
1001 1809 1054 1849 de
1085 1808 1313 1848 uoluntaria
1340 1809 1600 1861 profectione
1631 1813 1674 1847 et

211 1863 398 1902 absentia
428 1869 663 1915 usurpetur.

323 1922 523 1958 aetatis
556 1922 853 1972 uacationi]
886 1922 1240 1973 Quinquagenario
1280 1921 1349 1959 lex
1391 1920 1515 1960 dabat
1554 1934 1672 1960 uaca-

209 1977 364 2014 tionem
408 1989 430 2013 a
469 1975 639 2027 militia,
687 1980 951 2027 sexagenario
995 1993 1017 2016 a
1054 1979 1289 2017 muneribus
1329 1979 1547 2016 senatoriis
1597 1978 1674 2023 (cf.

209 2033 307 2071 Sen.
340 2030 391 2069 de
414 2032 528 2074 breu.
561 2035 670 2073 uitae
702 2047 734 2073 c.
766 2033 834 2074 20.
869 2036 976 2086 Nep.
1010 2035 1095 2073 Att.
1129 2034 1168 2084 7,
1209 2034 1239 2074 i.
1300 2034 1432 2084 Magis
1471 2047 1568 2073 uero
1601 2034 1673 2072 Ci-

209 2099 402 2126 ceronem
431 2090 634 2139 cogitasse
665 2089 718 2127 de
746 2093 961 2129 uacatione
991 2105 1013 2129 a
1045 2103 1258 2129 causarum
1282 2103 1421 2141 opera,
1454 2103 1556 2140 quae
1579 2091 1673 2141 lege

208 2141 321 2180 nulla
362 2146 497 2193 potuit
542 2146 760 2196 constitui,
803 2158 851 2184 ex
900 2148 959 2184 eis
1009 2150 1207 2197 apparet,
1253 2159 1356 2196 quae
1397 2147 1556 2185 Atticus
1604 2160 1672 2185 re-

214 2211 232 2236 s
265 2197 407 2237 ondet.

234 2211 260 2250 Ρ
321 2255 373 2292 in
407 2254 544 2293 solio
577 2255 785 2308 sedens]
848 2256 960 2296 Solio
994 2259 1212 2296 utebantur
1240 2263 1379 2309 patres
1409 2257 1586 2298 familias
1608 2263 1674 2298 at-

212 2322 289 2361 que
319 2310 399 2349 huc
431 2314 620 2362 spectant
651 2314 774 2351 uerba
807 2326 947 2351 more
978 2315 1180 2366 patrio,
1223 2315 1299 2352 wie
1330 2315 1395 2352 ein
1427 2315 1672 2354 Hausvater.

210 2365 251 2404 ln
288 2366 433 2405 eodem
473 2368 572 2405 iuris
611 2368 785 2407 consulti
828 2370 1024 2409 sedentes
1054 2368 1361 2408 consulentibus
1402 2370 1454 2408 de
1484 2372 1576 2409 iure
1605 2384 1673 2409 re-

210 2422 482 2473 spondebant.
514 2423 596 2463 Cic.
630 2424 697 2464 de.
729 2426 800 2464 Or.
834 2422 917 2477 III,
948 2425 1020 2467 33.
1055 2425 1150 2467 133.
1180 2427 1282 2464 Hor.
1314 2426 1392 2478 Ep.
1425 2423 1483 2476 II,
1511 2426 1547 2467 1.
1581 2426 1674 2467 103.

324 2480 400 2518 sic
441 2480 576 2518 enim
617 2482 767 2532 mihi]
815 2483 894 2521 Pro
933 2487 1040 2535 part.
1082 2483 1216 2521 enim
1264 2483 1414 2521 Bakius
1460 2483 1673 2521 leuissima

210 2532 396 2573 codicum
429 2537 673 2575 auctoritate
705 2550 781 2576 uec
813 2543 907 2590 apta
940 2541 1146 2578 sententia
1176 2539 1454 2577 enimuero
1493 2539 1672 2588 scripsit.

325 2593 671 2631 uberioribus
701 2598 750 2632 et
781 2596 1092 2646 maioribus]
1125 2595 1234 2633 Dicit
1263 2595 1452 2632 nimirum
1488 2593 1672 2645 philoso-

214 2645 369 2697 phiam,
401 2649 464 2686 cui
495 2649 544 2686 ab
573 2647 855 2689 adolescentia
886 2665 1051 2704 operam
1082 2650 1268 2691 dederat.

322 2704 424 2748 lv.
484 2704 516 2754 ᾗ.
543 2703 605 2745 11.
665 2706 822 2745 istam
855 2721 1059 2747 causam
1091 2719 1231 2746 nemo
1263 2705 1467 2757 noscat]
1500 2706 1671 2745 Causam

208 2755 407 2810 intelligit
438 2771 543 2811 eam,
576 2773 693 2813 quam
726 2763 773 2801 ab
806 2767 942 2804 aetate
973 2765 1049 2804 sibi
1081 2764 1168 2802 dari
1191 2763 1409 2802 existimat.
1462 2763 1672 2808 Causam
