1781 3192
484 196 640 235 mmm
674 196 893 234 ruimus·
928 198 1023 234 (JAP.
1051 196 1117 235 ΙΙΙ.
1153 196 1222 235 iv.
1527 196 1580 231 19

116 313 250 348 autem
284 322 506 348 noscere
539 309 628 346 fere
659 307 766 345 idem
799 311 888 355 est,
940 307 1044 358 quod
1092 320 1295 345 causam
1336 307 1576 356 probare3

115 379 135 404 a
168 379 244 417 quo
276 371 412 404 tamen
445 367 500 403 ita
531 364 684 413 differt,
715 366 758 400 ut
788 362 889 400 illud
923 364 972 401 ad
1004 365 1385 414 cognitionem,
1416 362 1494 400 hoc
1525 364 1576 400 ad

115 422 374 461 iudicium
408 425 568 473 spectet
591 417 735 474 (Notiz
765 419 941 457 nehmen
975 432 1051 457 von
1094 421 1209 457 einer
1241 419 1376 458 Sache
1413 441 1461 446 —
1498 418 1578 456 bil-

114 477 258 528 ligen).
321 479 462 529 ltaque
502 482 717 527 utrumque
756 476 922 512 uerbum
968 474 1077 527 apud
1110 475 1351 514 Ciceronem
1384 474 1434 512 ad
1464 475 1576 514 Fam.

113 535 183 584 lv,
207 531 312 574 4.1.
341 532 510 587 (illam
543 538 745 585 partem
779 533 1144 570 excusationis
1177 545 1269 570 nec
1297 544 1456 569 nosco
1483 544 1576 569 nec

111 588 295 643 probo)
327 590 587 640 disiungitur.
647 587 754 626 Uide
786 586 835 626 ad
869 589 955 626 Att.
982 588 1051 638 ΧΙ,
1082 587 1120 628 7.
1150 588 1187 628 5.
1223 592 1264 626 et
1285 600 1401 638 quem
1427 588 1575 626 Bakius

113 645 253 684 laudat
285 646 414 685 Gron.
448 647 585 684 Lectt.
617 643 751 683 Plaut.
783 657 824 695 p.
858 643 952 685 356.

222 703 527 740 instituisti
559 714 687 753 genu
702 700 741 752 s]
774 699 895 739 Aliud
923 699 1087 738 dicendi
1119 712 1247 751 genus
1280 697 1478 749 intelligit
1508 712 1574 737 re-

110 759 272 796 missius
304 771 350 796 ac
379 757 527 796 lenius.
589 758 889 796 instituere
920 756 974 795 de
1004 768 1050 794 re
1081 755 1343 808 suscipienda
1372 759 1487 793 recte
1508 755 1574 792 di-

108 815 224 852 citur.
285 813 351 854 Cf.
391 815 421 864 1,
454 814 490 854 3.
521 813 563 854 9.
607 810 642 865 I,
671 813 715 855 6.
745 813 814 854 20.
855 813 905 851 ad
944 814 1060 852 Fam.
1099 812 1169 862 IV,
1217 812 1289 862 12,
1328 810 1365 851 2.
1410 823 1576 862 neque

109 873 278 909 tamen
314 884 421 909 cum
451 871 579 910 haec
612 871 937 920 scribebam,
971 882 1104 908 eram
1135 871 1377 918 nesciuS,
1418 880 1573 918 quan-

107 928 178 965 tis
210 929 461 966 oneribus
483 939 787 980 premerere
812 931 1174 977 susceptarum
1205 937 1369 962 rerum
1394 928 1443 962 et
1473 925 1571 962 iam

107 984 514 1022 institutarum.
575 984 739 1023 Errauit
778 984 902 1033 igitur
932 982 1106 1031 Bakius,
1138 983 1200 1020 cui
1231 983 1266 1019 is
1297 986 1454 1019 tantum
1485 994 1572 1020 rem

105 1040 325 1078 instituere
362 1045 478 1079 recte
521 1040 603 1078 diei
635 1040 871 1089 uideretur,
914 1041 978 1090 qui
1023 1040 1180 1090 primus
1212 1036 1382 1076 alicuius
1412 1038 1473 1075 rei
1505 1042 1574 1076 aut

104 1096 203 1133 artis
233 1100 375 1134 auctor
405 1100 532 1134 esset.
600 1095 718 1146 Quod
741 1096 830 1146 ipse
853 1096 1033 1133 coniecit
1063 1094 1307 1142 induisti,
1339 1093 1382 1131 id
1412 1095 1572 1133 incom-

104 1150 266 1190 modum
300 1156 363 1190 est
393 1151 462 1190 uel
490 1156 728 1204 propterea,
761 1152 853 1202 quia
883 1152 1185 1203 susceptionem
1226 1149 1383 1188 indicat
1415 1151 1571 1189 extrin-

106 1219 225 1246 secus
256 1213 298 1247 et
328 1210 418 1247 sine
449 1221 574 1260 opera
597 1211 738 1248 nostra
768 1207 934 1246 factam.

216 1266 491 1304 cecinerat
521 1267 561 1304 in
594 1265 685 1305 cod.
719 1264 831 1302 arch.
866 1264 996 1302 fuisse
1033 1263 1205 1314 insignis
1245 1261 1429 1301 codicum
1471 1277 1570 1302 con-

103 1333 249 1360 sensus
290 1323 436 1373 arguit.
498 1321 583 1360 Sed
624 1334 714 1361 cum
747 1320 1047 1369 tardiores,
1086 1320 1163 1358 etsi
1205 1320 1244 1358 in
1277 1331 1366 1357 eam
1399 1324 1569 1359 senten-

104 1378 199 1415 tiam
234 1382 277 1416 et
306 1379 515 1430 Reisigius
556 1377 784 1431 disputauit
821 1377 872 1415 ad
904 1377 1032 1428 Soph.
1066 1376 1170 1416 Oed.
1201 1374 1292 1415 Col.
1321 1389 1363 1427 p.
1396 1376 1493 1417 278.
1528 1384 1571 1416 et

102 1434 271 1472 Beierus
313 1432 437 1489 (phil.
476 1433 763 1473 Litteraturbl.
804 1447 843 1472 n.
887 1431 1006 1487 18.),
1053 1434 1133 1471 isto
1173 1434 1387 1471 uerborum
1422 1432 1567 1472 ordine

103 1502 181 1527 non
214 1491 312 1528 item
346 1491 396 1529 ad
418 1491 664 1540 canendi,
697 1495 740 1529 ut
771 1488 821 1527 ad
849 1488 1093 1528 faciendi
1123 1490 1293 1528 uerbum
1334 1490 1466 1540 possit
1496 1502 1566 1528 re-

103 1545 233 1596 ferri,
277 1548 446 1585 uerbum
486 1548 734 1598 requiritur,
774 1559 851 1596 quo
892 1559 1106 1585 numerum
1146 1546 1425 1585 remissiorem
1472 1558 1564 1586 esse

103 1602 256 1640 sactum
302 1604 573 1655 significetur.
641 1602 759 1653 Quod
808 1602 876 1640 alii
920 1601 1030 1641 aliud
1079 1606 1388 1654 expresserunt.
1448 1603 1563 1643 Man.

101 1657 199 1698 Lall.
229 1658 355 1698 Goer.
385 1660 479 1699 Sela.
513 1660 585 1698 Or.
615 1661 753 1699 Osann
782 1661 824 1697 in
856 1658 971 1697 Anal.
1004 1673 1046 1711 p.
1071 1658 1140 1700 26.
1173 1659 1439 1697 ceciderat
1467 1673 1564 1710 pro—

93 1717 319 1765 bauerunt,
352 1716 541 1754 Moserus
573 1720 615 1753 et
642 1717 835 1754 Krausius
869 1717 909 1752 in
941 1715 1069 1753 {alinii
1101 1717 1200 1753 Anu.
1240 1714 1359 1754 1848.
1391 1728 1434 1766 p.
1465 1713 1563 1767 464,

100 1772 191 1823 quia
221 1771 364 1810 Cicero
398 1773 534 1810 uerbis
567 1772 804 1823 compositis
838 1772 896 1810 uti
923 1766 1094 1821 soleret,
1125 1770 1279 1809 codicis
1304 1772 1439 1810 Haun.
1470 1786 1561 1811 cor-

99 1829 322 1866 rectionem
351 1828 625 1866 reciderat
655 1826 827 1878 amplexi
859 1831 964 1868 sunt.
1026 1829 1082 1867 At
1109 1828 1283 1879 primum
1318 1827 1563 1868 recidere

99 1887 154 1922 ita
184 1888 338 1922 tantum
374 1886 559 1937 usurpari
588 1897 712 1935 posse
746 1883 927 1934 uidetur,
964 1888 1008 1921 ut
1028 1883 1164 1932 simul,
1198 1896 1276 1934 quo
1299 1896 1364 1921 res
1386 1885 1559 1937 recidat,

98 1939 303 1978 indicetur
351 1938 624 1993 (quapropter
673 1941 759 1980 Cic.
800 1941 915 1979 Brut.
955 1939 1025 1990 91,
1068 1939 1168 1980 316.
1211 1942 1359 1978 merito
1400 1955 1423 1979 a
1460 1944 1559 1981 uiris

100 1996 232 2034 doctis
278 1997 462 2035 Lambini
508 1998 676 2048 probata
722 2001 786 2034 est
831 1999 1063 2035 coniectura
1108 1995 1431 2046 resederat).
1502 1999 1560 2037 lta

98 2066 150 2091 ne
192 2065 384 2091 numerus
435 2053 622 2104 quidem,
673 2054 822 2092 nedum
870 2055 1080 2104 quisquam
1135 2065 1325 2090 numeros
1372 2054 1560 2094 recidere

97 2113 209 2147 recte
240 2109 409 2148 dicatur.
470 2111 558 2148 Nec
590 2121 686 2148 uero
720 2110 992 2149 ceciderat
1034 2108 1196 2147 uidetur
1223 2110 1389 2160 probari
1418 2124 1560 2162 posse.

95 2167 196 2205 Nam
229 2178 318 2204 cum
350 2166 516 2204 dubium
548 2166 625 2204 hoc
656 2167 736 2216 sit,
770 2172 930 2216 utrum,
961 2170 1008 2204 ut
1038 2166 1197 2203 numeri
1229 2167 1417 2205 remissio
1448 2168 1560 2206 indi-

97 2227 234 2272 cetur,
282 2228 395 2262 recte
436 2223 593 2261 dicatur
639 2223 826 2261 cadere
874 2234 1123 2261 numerus
1164 2219 1305 2274 (certe
1346 2229 1556 2263 uentum

95 2277 287 2318 cadere
317 2278 423 2332 apud
451 2280 544 2320 Liu.
568 2278 712 2329 XXVI,
744 2278 812 2320 39.
844 2279 1028 2330 XXXVI,
1053 2277 1121 2319 43.
1155 2277 1207 2316 de
1239 2280 1350 2316 uenti
1383 2281 1484 2332 fine,
1516 2289 1559 2320 et

98 2336 316 2373 animum
348 2335 538 2374 cadere
570 2335 676 2387 apud
707 2337 795 2375 Cic.
827 2335 941 2374 Lael.
975 2336 1015 2386 7,
1047 2335 1113 2376 23.
1146 2335 1198 2373 de
1231 2338 1366 2374 animo
1398 2339 1557 2378 abiecto

98 2390 259 2440 dicitur,
288 2404 367 2429 non
399 2389 620 2445 remisso):
661 2395 744 2431 tum
778 2392 906 2431 multo
936 2393 1063 2444 magis
1093 2393 1174 2431 hoc
1205 2391 1329 2431 debet
1361 2393 1555 2448 dubitari,

96 2459 191 2485 num
225 2452 337 2485 recte
362 2446 527 2486 fflcatur
565 2461 823 2487 numerum
853 2449 1099 2499 caedere,
1144 2462 1233 2487 cum
1272 2461 1325 2487 ne
1356 2451 1433 2489 hoc
1467 2455 1556 2503 qui-

97 2504 189 2542 dem
224 2516 295 2542 usu
329 2505 635 2556 comprobatum
660 2506 714 2543 sit
746 2511 952 2544 uentum
978 2505 1043 2544 uel
1075 2507 1292 2544 animum
1326 2508 1554 2549 caedere

95 2573 169 2613 pro
193 2574 256 2610 eo,
291 2560 397 2611 quod
433 2566 497 2598 est
531 2562 714 2611 efficere,
747 2567 791 2599 ut
820 2567 967 2601 uentus
991 2567 1060 2601 aut
1083 2564 1240 2601 animus
1263 2563 1391 2606 cadat.
1454 2567 1554 2605 Om-

94 2618 204 2655 nium
247 2618 428 2670 optimc‚
471 2621 516 2655 ut
555 2618 656 2656 mihi
696 2618 858 2669 quidem
899 2619 1080 2670 uidetur,
1119 2620 1340 2659 Lambinus
1379 2624 1554 2662 coniecit

96 2676 380 2712 remiserat
425 2672 505 2727 (cf.
554 2674 642 2713 Cic.
690 2674 742 2712 de
780 2676 852 2714 Or.
895 2672 930 2727 I,
969 2675 1035 2717 60.
1082 2675 1176 2718 254,
1228 2675 1366 2716 solet
1416 2678 1550 2718 idem

96 2731 317 2769 Roscius
350 2730 527 2769 dicere
561 2743 612 2769 se
644 2744 737 2781 quo
769 2730 881 2783 plus
915 2734 1111 2771 aetatis
1135 2734 1231 2771 sibi
1259 2734 1552 2785 accederet,

99 2798 151 2823 eo
184 2786 456 2825 tardiores
490 2788 738 2827 tibicinis
771 2789 945 2828 modos
980 2794 1030 2827 et
1059 2795 1242 2828 cantus
1284 2793 1550 2830 remissio-

1289 2855 1338 2891 24(-
