1781 3192
458 203 615 242 mmm
648 202 868 241 PRIMUS.
918 202 1015 242 CAP.
1045 202 1143 239 ΧΙΗ.
1481 198 1539 236 67

72 318 198 356 Gzius
231 316 432 367 denique:
475 315 533 353 ad
575 327 654 352 res
694 327 813 352 suas
853 314 1143 352 firmandas
1182 316 1232 349 et
1273 309 1327 348 ad
1373 310 1535 346 stabi-

71 373 276 411 liendas
330 374 474 410 uires
529 370 794 408 sanandos
851 383 973 407 esse
1029 367 1272 420 populos.
1357 366 1533 414 Quarum

71 429 390 468 coniecturarum
439 427 515 465 alia
554 425 652 464 alias
694 428 743 463 ob
785 438 925 463 causas
965 438 1043 462 non
1078 429 1218 476 potest
1247 423 1424 474 probari.
1487 417 1533 458 In

71 484 222 523 codicis
255 483 361 521 areh.
395 483 543 520 mendo
585 482 641 520 ad
682 493 768 519 res
809 480 1044 531 publicas
1079 479 1360 518 firmandas
1394 482 1443 515 et
1473 477 1535 514 ad

71 539 427 579 stabiliendas
461 541 602 576 uires
635 537 898 576 sanandos
930 536 1158 588 populos
1193 534 1306 586 (nam
1341 535 1416 572 rei
1447 545 1533 583 pu-

70 595 242 635 blicae
279 596 480 632 correctio
522 599 586 632 est
622 606 748 644 praue
777 598 934 631 tentata
967 594 1006 630 in
1040 593 1338 636 deterioribus)
1371 591 1409 627 in
1443 589 1533 627 cod.

68 653 193 701 igitur
231 651 341 687 arch.
384 650 533 688 mendo
575 652 664 700 quia
703 651 765 687 bis
796 650 926 699 posita
955 654 1019 686 est
1050 648 1316 699 praepositio,
1361 646 1459 682 satis
1493 644 1534 682 id

68 705 252 744 declarat
279 706 377 743 duas
410 707 664 756 potissimum
690 718 758 743 res
783 719 803 742 a
825 706 1024 743 Cicerone
1048 717 1138 742 esse
1161 704 1332 754 positas,
1363 702 1412 738 ad
1436 713 1534 750 quas

69 766 264 814 pergeret
295 764 448 811 oratio3
494 767 579 799 tres
622 763 727 799 euim
770 763 801 798 si
840 763 1001 812 positae
1033 764 1174 798 essent
1199 760 1286 809 pari
1319 758 1533 808 dignitate,

68 832 153 856 res
185 817 432 869 publicae
465 817 789 867 firmandae,
821 819 936 855 iura
968 814 1318 863 stabilienda,
1350 811 1531 864 populi

69 874 318 923 sanandi,
362 876 614 925 praepositio
652 887 738 911 cum
781 873 910 911 altero
949 873 1041 910 loco
1085 877 1197 909 esset
1234 872 1437 921 repetita,
1479 881 1533 906 ne

67 932 190 968 tertio
233 931 396 980 quidem
439 932 570 967 omitti
622 931 770 981 potuit.
846 931 935 978 Quo
981 931 1146 966 nomine
1195 926 1422 964 laudandus
1469 931 1534 962 est

66 987 325 1037 Schuetzius,
347 988 412 1037 qui
438 999 526 1023 cum
553 988 628 1024 tria
652 999 672 1023 a
693 987 892 1023 Cicerone
914 987 1090 1037 spectari
1114 984 1385 1031 existimaret,
1410 982 1532 1019 tertio

65 1045 188 1080 etiam
222 1042 311 1080 loco
343 1043 685 1093 praepositionem
719 1041 894 1079 addidit.
955 1041 1037 1080 Sed
1076 1040 1181 1091 quod
1216 1044 1256 1076 et
1287 1044 1430 1076 contra
1463 1051 1532 1075 co-

66 1098 180 1136 dices
221 1098 263 1136 id
311 1098 411 1136 fecit
462 1111 538 1135 nec
584 1099 845 1145 necessarie,
896 1098 1219 1149 reprehensione
1268 1107 1348 1132 non
1401 1098 1533 1131 uacat.

65 1156 236 1193 Rectam
289 1153 522 1204 corrigendi
573 1155 678 1191 uiam
715 1153 948 1203 Maduigius
998 1151 1159 1206 (progr.
1196 1165 1233 1202 p.
1277 1149 1367 1201 12.)
1412 1163 1532 1187 mon-

65 1213 234 1261 strauit,
275 1211 341 1261 qui
381 1211 554 1249 Manutii
599 1210 858 1247 coniecturae
901 1207 984 1261 (ad
1023 1222 1108 1246 res
1141 1205 1279 1259 publ.
1311 1206 1531 1243 firman-

66 1267 151 1305 das
191 1273 242 1306 et
284 1266 341 1304 ad
382 1265 749 1304 stabiliendas
796 1267 935 1316 iure,
977 1264 1243 1303 sanandos
1275 1260 1531 1315 populos)

64 1325 261 1361 insistens
289 1324 389 1360 haec
417 1322 746 1360 commendauit:
781 1322 837 1359 ad
863 1335 946 1361 res
969 1320 1211 1373 publicas
1240 1319 1533 1357 firmandas

67 1384 118 1418 et
158 1380 215 1417 ad
254 1379 612 1417 stabiliendos
653 1379 764 1416 iure
805 1384 854 1417 et
894 1377 1159 1417 sanandos
1192 1374 1435 1429 populos.
1497 1376 1532 1413 is

67 1438 176 1474 enim
211 1440 325 1473 recte
353 1435 433 1473 duo
462 1436 616 1486 posuit,
649 1434 699 1471 ad
727 1448 829 1485 quac
857 1437 984 1473 oratio
1007 1441 1215 1486 pergeret.
1274 1432 1355 1470 Sed
1381 1434 1471 1483 quia
1493 1439 1536 1470 et

67 1492 318 1529 commodius
360 1490 580 1528 sanandi
617 1492 730 1528 notio
771 1496 972 1542 tamquam
1007 1492 1185 1528 accessio
1217 1488 1530 1527 stabiliendi

67 1549 223 1585 notioni
263 1546 426 1597 adiungi
459 1547 642 1595 uidetur,
684 1550 726 1583 et
766 1547 897 1585 facilis
930 1548 973 1585 h.
1005 1545 1031 1585 l.
1062 1553 1155 1583 ante
1186 1550 1426 1595 sequentem
1458 1544 1531 1583 lit-

69 1609 194 1641 teram
228 1616 252 1655 p
285 1603 511 1655 particulae
542 1615 658 1653 que,
690 1616 791 1652 quae
819 1616 942 1655 saepe
973 1605 1014 1641 in
1046 1602 1136 1640 cod.
1162 1603 1273 1639 arch.
1305 1601 1531 1651 intercidit,

67 1661 233 1696 omissio
275 1661 377 1709 fuit,
423 1660 544 1697 scribi
579 1657 700 1696 malui
731 1660 1115 1709 sanandosque.
1177 1658 1334 1695 Littera
1366 1671 1384 1694 s
1417 1659 1531 1696 uerbi

67 1718 279 1766 sequentis
322 1715 442 1753 facile
485 1715 671 1753 adhaesit
711 1716 906 1754 uocabulo
949 1717 1062 1753 iure
1100 1714 1383 1766 praecedenti.
1444 1715 1531 1763 Quo

65 1772 174 1809 facto
215 1772 397 1823 procliue
436 1784 535 1809 sane
574 1772 651 1810 fuit
690 1771 1052 1810 stabiliendos
1099 1777 1256 1808 mutare
1294 1772 1333 1807 in
1367 1772 1532 1808 stabi-

66 1827 292 1866 liendas.
364 1826 619 1866 Stabilire
663 1834 796 1866 autem
839 1827 1067 1879 populos
1110 1841 1187 1865 11011
1228 1828 1360 1864 minus
1398 1832 1531 1878 recte,

67 1886 226 1935 opinor,
256 1884 296 1921 h.
330 1883 358 1922 l.
392 1884 555 1932 dicitur,
589 1897 704 1935 quam
741 1885 788 1934 ll,
828 1885 889 1925 14.
923 1884 990 1925 36.
1023 1885 1127 1922 dixit
1158 1884 1341 1921 firmos
1375 1897 1532 1935 popu-

66 1939 158 1977 los.
231 1939 456 1977 Sanandi
497 1947 629 1979 autem
672 1943 867 1992 uerbum,
907 1954 984 1992 quo
1027 1953 1115 1978 cum
1162 1939 1228 1977 alii
1269 1945 1351 1978 tum
1400 1954 1532 1992 nuper

70 1995 215 2033 Bakius
248 1997 427 2034 offensus
459 2000 537 2045 est,
571 2003 613 2035 ut
644 1999 732 2048 ipse
762 1997 864 2035 haec
904 2002 1107 2035 tentaret:
1149 1995 1209 2034 ad
1249 1996 1532 2036 stabilien-

70 2051 159 2089 dos
193 2056 242 2089 et
271 2054 387 2090 iure
422 2053 698 2091 sociandos
727 2054 974 2104 populos,
1006 2066 1085 2090 non
1118 2057 1258 2104 potest
1288 2066 1529 2104 quemquam

68 2107 294 2158 offendere,
320 2109 384 2158 qui
406 2109 639 2148 meminerit
657 2110 898 2147 Ciceronem
923 2122 1003 2146 non
1025 2108 1153 2147 solum
1173 2110 1406 2147 scribendis
1426 2110 1532 2161 legi-

68 2166 156 2212 bus,
186 2165 259 2203 sed
283 2167 406 2202 etiam
430 2167 616 2204 serendis
640 2167 818 2203 moribus
849 2167 900 2215 (1,
924 2165 965 2207 6.
992 2165 1080 2211 20.)
1112 2179 1197 2203 rem
1232 2165 1340 2216 publ.
1368 2168 1530 2205 firmare

65 2232 142 2258 nec
165 2219 294 2259 solum
319 2219 499 2272 populis,
522 2223 594 2261 sed
618 2224 739 2260 etiam
768 2222 938 2271 singulis
960 2221 1127 2260 uiuendi
1150 2222 1407 2273 disciplinam
1435 2224 1533 2262 dare

66 2275 249 2315 uoluisse
279 2275 333 2328 (l,
355 2277 423 2317 22.
448 2278 548 2329 57.)‚
577 2278 771 2329 idemque
803 2280 849 2316 ad
881 2282 963 2317 Att.
998 2275 1032 2327 I,
1070 2280 1133 2318 18.
1167 2278 1207 2318 2.
1240 2278 1341 2316 dicit
1372 2283 1532 2317 corri-

65 2345 191 2383 gere
216 2338 268 2371 et
297 2347 478 2371 sanare
512 2337 812 2373 ciuitatem.
874 2334 1026 2384 Quodsi
1066 2337 1122 2373 ita
1154 2336 1287 2372 iuris
1315 2336 1532 2373 stabili-

67 2388 183 2426 endi
216 2391 329 2427 notio
362 2389 569 2435 (similiter
601 2392 630 2440 Ι,
653 2390 716 2430 23.
739 2391 804 2431 62.
839 2391 940 2429 dixit
971 2391 1221 2429 stabilire
1252 2390 1417 2442 leges)
1451 2406 1532 2430 non

66 2447 165 2483 satis
197 2445 398 2484 declarari
432 2445 653 2497 uidebitur,
682 2447 760 2484 hoc
789 2460 909 2485 unum
937 2447 1139 2497 reliquum
1168 2452 1247 2498 est,
1280 2453 1324 2485 ut
1346 2449 1531 2487 codicum

66 2503 253 2552 uestigiis
286 2503 420 2539 minus
454 2507 641 2541 accurate
672 2504 828 2554 pressis
861 2504 1063 2542 scribatur
1100 2503 1166 2554 id,
1209 2504 1316 2556 quod
1355 2504 1451 2543 olim
1489 2508 1532 2544 in

67 2570 204 2609 progr.
238 2571 279 2610 p.
309 2558 373 2597 12.
406 2559 563 2597 conieci
594 2559 654 2597 ad
684 2572 767 2597 res
790 2558 1031 2611 publicas
1062 2561 1362 2600 firmandas
1394 2567 1445 2600 et
1475 2562 1533 2600 ad

68 2614 407 2653 stabilienda
440 2617 555 2653 iura
588 2615 959 2667 sanandosque
989 2617 1239 2670 populos3
1283 2631 1360 2669 quo
1400 2632 1533 2671 popu-

70 2667 198 2708 lorum
223 2672 476 2710 sanationem
500 2677 701 2723 tamquam
724 2671 858 2711 leuius
883 2672 1072 2724 quiddam
1098 2688 1174 2713 nec
1202 2674 1311 2713 idem
1336 2676 1532 2714 momenti

68 2724 221 2764 habens
253 2726 415 2778 adiungi
445 2729 711 2780 significatur.

180 2782 311 2821 bene
343 2785 627 2836 explorata
659 2785 960 2837 principia,
994 2788 1143 2839 quippe
1175 2789 1369 2837 aquibus
1397 2792 1534 2825 cetera

1256 2857 1313 2892 ὀὶ-
