1781 3192
260 185 352 223 203
833 182 902 220 DE
933 180 1166 222 LEGIBUS

262 299 358 338 Bak.
391 291 773 336 subiiciendam
805 295 1096 341 restituerunt)
1130 307 1206 346 ego
1249 296 1440 334 reuocant
1485 302 1722 350 propterea,

263 357 354 408 quia
393 357 556 392 ueteres
595 362 719 402 saepe
770 356 840 388 aut
888 352 1134 403 subigere
1183 357 1372 390 terram
1425 360 1494 390 aut
1543 360 1723 394 aratro

264 411 515 459 subigere
546 405 701 445 dixisse
733 405 869 456 uide0‚
900 420 1097 459 nusquam
1140 414 1331 446 terram
1371 408 1517 448 ferro
1557 412 1723 449 subii-

263 478 408 513 cere3
441 477 462 502 a
494 477 571 515 qua
599 461 809 502 locutione
842 465 958 502 abest
986 469 1121 503 terrae
1154 464 1393 503 tractandae
1425 468 1550 505 notio.
1603 467 1726 505 Faci-

262 522 316 561 lis
348 519 488 560 mendi
519 524 632 558 ortus
666 524 754 557 erat
786 520 825 556 in
858 519 947 558 cod.
979 519 1214 558 maiusculis
1246 520 1397 559 litteris
1430 525 1593 573 scripto.

377 577 440 614 de
473 578 642 614 sacris
673 588 817 627 perp.
854 589 912 616 sc.
945 579 1071 615 sacris
1103 578 1292 628 priuatis.
1335 577 1395 615 Cf.
1425 579 1469 618 ll.
1503 581 1519 630 gi
1569 580 1638 620 2¹2.

378 638 429 671 at
468 633 593 670 mihi
632 633 734 670 ista
773 631 872 682 cet]
933 633 1091 685 Lepide
1121 634 1225 671 haec
1256 635 1349 672 ficta
1381 640 1477 673 sunt
1507 635 1557 673 ad
1588 629 1725 674 imita-

264 693 418 729 tionem
449 689 652 727 sermonis
683 687 916 739 familiaris,
949 702 969 726 a
1002 703 1078 740 quo
1111 689 1202 727 talis
1229 689 1381 729 obliuio
1405 704 1485 730 non
1510 692 1724 740 abhorret3

265 749 394 799 ipsam
436 747 627 794 ironiam,
658 758 772 796 quain
808 744 875 783 alii
907 747 982 783 sibi
1017 746 1344 796 deprehendisse
1387 748 1605 798 uidentur,
1649 761 1725 798 ego

264 807 304 842 in
348 805 412 841 his
453 815 534 840 non
574 803 750 854 reperio.
820 801 932 840 Male
973 802 1119 841 Bakius
1161 805 1283 841 uerba
1331 806 1389 842 sic
1439 804 1635 843 disiunxit
1677 810 1728 842 at

263 861 387 899 mihi
437 860 543 897 ista
584 857 901 897 exciderant
946 860 1034 897 ita.
1104 858 1297 909 Credo,
1339 865 1408 898 aut
1448 862 1594 910 etiam,
1635 861 1728 912 quia

263 919 369 955 ista
400 917 439 954 iu
473 929 550 953 uno
584 914 659 953 cod
709 915 739 952 l)
774 916 1051 965 omitteretur,
1083 916 1143 954 sic
1184 918 1305 955 scribi
1345 930 1470 970 posse
1511 917 1636 956 dixit:
1678 922 1726 956 at

265 975 394 1012 mibi
429 972 749 1011 exciderant
781 972 902 1009 ista.
965 971 1136 1010 (Jredo
1169 979 1248 1013 cet.

379 1030 410 1080 ᾗ.
446 1028 516 1070 46.
578 1041 727 1066 uero:
761 1033 812 1065 et
844 1028 946 1078 cet-J
1008 1029 1186 1067 Temere
1210 1030 1375 1080 Bakius,
1407 1032 1500 1081 quia
1530 1034 1624 1082 post
1652 1030 1728 1069 At-

265 1088 337 1126 tici
358 1099 600 1137 responsum
623 1086 851 1122 continuari
875 1085 1048 1124 ironiam
1072 1087 1321 1125 existimauit
1344 1088 1384 1125 in
1406 1088 1514 1124 hunc
1539 1087 1726 1125 modum:

266 1143 430 1194 „multo
465 1144 592 1191 magis
626 1143 818 1179 omittere
848 1142 926 1179 ista
959 1141 1194 1192 nolueram,
1234 1144 1422 1194 quoniam
1464 1148 1561 1181 sunt
1594 1146 1728 1194 impe-

265 1200 351 1239 dita
394 1204 435 1236 et
467 1199 693 1248 obs‹·ura“,
736 1199 914 1236 coniecit
951 1196 1072 1250 plena
1103 1204 1197 1237 ante
1230 1201 1563 1251 interpunctione
1593 1201 1728 1251 posita

266 1256 370 1296 Sed
403 1269 495 1307 ego
528 1256 574 1293 in
607 1255 714 1293 hoc.
777 1255 830 1292 At
860 1259 1071 1306 postquam
1106 1257 1229 1293 Attici
1273 1256 1478 1294 uoluntati
1517 1269 1561 1294 se
1603 1257 1726 1294 obse-

266 1318 449 1352 cuturum
484 1324 575 1349 esse
605 1309 804 1363 particula
837 1324 957 1349 uero
990 1313 1240 1362 significauit
1271 1314 1374 1361 (Cic.
1399 1314 1515 1351 Brut.
1541 1312 1609 1362 87,
1629 1311 1727 1353 300.

266 1371 317 1408 (le
344 1370 438 1408 Diu.
469 1368 499 1417 Ι,
531 1366 601 1408 46.
639 1365 731 1406 104.
774 1367 1057 1417 Naegelsbach
1091 1367 1184 1406 Stil.
1219 1382 1257 1420 p.
1285 1367 1415 1419 395),
1447 1381 1528 1407 non
1555 1368 1729 1407 difficile
1776 1401 1778 1405 ,

266 1426 308 1464 id
348 1436 444 1463 esse
484 1423 601 1461 addit
637 1428 809 1474 propter
846 1425 1107 1475 apertissima
1140 1425 1232 1462 istis
1271 1425 1322 1462 de
1360 1426 1482 1463 rebus
1529 1438 1730 1478 responsa

267 1487 310 1521 et
349 1482 500 1532 scripta
532 1477 675 1518 multa.
739 1480 896 1518 Deinde
928 1480 967 1517 in
998 1480 1076 1518 hoc
1107 1481 1214 1518 omni
1248 1494 1467 1532 sermone,
1505 1480 1555 1519 ad
1596 1481 1728 1534 quod-

267 1550 426 1590 cunque
467 1536 571 1587 legis
611 1548 740 1588 genus
783 1537 1047 1588 peruenerit,
1088 1542 1357 1576 tractaturum
1397 1550 1443 1576 se
1476 1550 1569 1576 esse
1600 1539 1727 1590 signi—

267 1597 363 1634 ficat
390 1595 452 1632 ius
486 1591 607 1631 ciuile
639 1606 878 1643 romanum,
913 1593 986 1631 sed
1018 1607 1098 1631 non
1130 1595 1209 1644 ita,
1255 1599 1299 1632 ut
1337 1593 1497 1645 singula
1530 1607 1730 1646 quaeque,

268 1651 341 1690 sed
377 1655 422 1688 ut
451 1650 565 1688 locos
608 1654 764 1688 tantum
804 1656 1097 1702 persequatur,
1139 1652 1166 1689 i.
1210 1663 1244 1689 e.
1291 1651 1453 1700 sontes,
1495 1663 1544 1688 ex
1585 1653 1757 1702 quibus

268 1707 428 1758 singula
464 1718 645 1757 quaeque
677 1706 881 1745 ducantur
919 1707 1004 1753 (die
1045 1706 1317 1757 allgcmeinen
1351 1707 1730 1759 Gesichtspuncte).

267 1763 469 1804 Similiter
510 1764 549 1799 in
592 1763 801 1801 rhetorica
841 1768 1171 1813 argumentorum
1210 1762 1346 1800 sontes
1385 1775 1430 1799 ac
1468 1761 1590 1801 sedes
1620 1763 1732 1802 loci
1780 1768 1781 1814 }

268 1826 479 1859 uocantur.
540 1820 785 1857 Necessaria
810 1821 935 1870 igitur
958 1825 1022 1856 est
1044 1819 1301 1857 Ranconneti
1325 1818 1562 1856 coniectura
1579 1831 1731 1870 quae-
1780 1852 1781 1871 3

269 1891 367 1929 que
397 1889 521 1927 pars
553 1877 682 1915 iuris
723 1887 746 1912 a
787 1874 998 1928 plerisque
1039 1876 1208 1927 probata
1246 1880 1288 1914 et
1328 1875 1567 1913 confirmata
1606 1877 1728 1913 etiam
1779 1900 1781 1906 ι

267 1931 418 1973 mendo
458 1930 578 1970 codd.
620 1931 834 1971 meliorum
869 1932 939 1979 (cf.
977 1945 1068 1972 ann.
1109 1933 1235 1978 crit.).
1295 1931 1479 1970 Litterae
1506 1930 1537 1970 P
1569 1936 1665 1984 post
1696 1933 1732 1980 Q

267 1989 402 2028 facilis
444 1990 484 2026 in
518 1987 609 2027 cod.
643 1989 752 2029 arch.
786 1990 952 2027 omissio
984 1988 1073 2028 fuit.
1135 1986 1247 2027 Male
1279 1987 1405 2026 Gzius
1444 1989 1623 2027 coniecit
1663 1987 1730 2027 uel
1779 2036 1781 2038 Ι

269 2058 510 2098 quaeque
541 2058 626 2083 res
657 2047 788 2084 iuris
827 2045 893 2084 uel
936 2044 1043 2096 quod
1083 2050 1177 2083 ante
1219 2044 1456 2083 dubitanter
1497 2046 1596 2084 Dau.
1634 2058 1730 2098 pro·
1777 2043 1779 2046 ’

267 2108 464 2155 posuerat
495 2114 734 2153 quaeque
765 2114 845 2140 res
880 2107 932 2139 et
961 2115 1082 2153 pars
1114 2102 1272 2151 iuris,
1301 2101 1434 2140 Hand.
1473 2102 1563 2142 Jen.
1600 2102 1728 2140 Littz.

278 2157 394 2199 1810.
444 2157 513 2198 72.
561 2170 796 2209 quaeque
843 2169 927 2195 res
973 2171 1055 2196 om.
1103 2158 1256 2206 iuris,
1301 2157 1447 2195 Bakius
1494 2162 1728 2210 comparato

269 2215 486 2254 Ciceronis
533 2211 625 2251 loco
675 2214 726 2252 de
767 2213 832 2252 Or.
873 2213 930 2265 ΙΙ,
971 2212 1039 2254 30.
1087 2213 1178 2254 130.
1230 2225 1463 2264 quaeque
1513 2227 1728 2267 respon-

269 2272 352 2310 sio
381 2271 533 2309 iuris.

384 2328 468 2378 qui
516 2325 660 2364 modo
711 2326 951 2377 ingenio]
1028 2326 1141 2364 Haec
1190 2325 1374 2364 Turnebi
1426 2326 1660 2364 conieetura
1709 2339 1733 2363 a

271 2383 484 2437 plerisque
524 2383 693 2434 probata
734 2384 997 2421 confirmatur
1034 2382 1184 2420 mendo
1226 2382 1345 2420 codd.
1391 2381 1603 2420 meliorum
1646 2384 1729 2432 qui

271 2442 426 2479 domo
461 2441 507 2476 in
523 2440 694 2490 geni0.
766 2439 866 2488 Sic,
915 2445 959 2477 ut
1007 2437 1192 2489 singulae
1230 2444 1368 2490 partes
1415 2451 1462 2476 ex
1502 2437 1607 2477 locis
1645 2438 1729 2477 illi-s

271 2497 489 2545 ducantur,
521 2495 624 2534 nihil
656 2508 756 2547 opus
789 2509 881 2533 esse
914 2497 1028 2547 dicit,
1069 2509 1184 2546 quam
1219 2496 1466 2546 cogitatione
1499 2500 1541 2532 et
1576 2496 1730 2546 ingenii

272 2553 525 2604 agitatione,
559 2565 649 2603 qua,
684 2564 923 2603 quamquam
967 2567 988 2591 a
1027 2557 1170 2590 natura
1208 2553 1367 2590 ratione
1407 2549 1609 2602 praediti,
1647 2562 1732 2588 non

272 2619 416 2648 omnes
451 2614 633 2648 utuntur.
695 2609 822 2647 Recte
850 2614 1002 2660 autem,
1034 2613 1078 2647 ut
1102 2610 1270 2646 animo
1302 2608 1504 2646 moueri
1533 2606 1584 2645 ad
1606 2609 1729 2645 animi

271 2677 435 2704 sensum
471 2669 560 2716 (pro
595 2665 668 2703 Dei
701 2664 741 2715 A,
782 2665 887 2716 th),
929 2668 985 2704 ita
1014 2666 1228 2716 ingenio
1257 2664 1456 2703 moueri
1489 2662 1539 2701 ad
1579 2665 1733 2702 mentis

270 2723 535 2773 agitationem
576 2720 862 2760 declarandam
915 2722 1093 2771 dicitur-3
1144 2734 1190 2760 ac
1238 2733 1403 2773 prorsus
1446 2731 1621 2758 necesse
1667 2725 1732 2757 est

269 2776 363 2815 addi
401 2778 610 2828 ingenio
639 2790 718 2815 non
749 2777 887 2817 addito
920 2779 1130 2829 aduerbio,
1163 2782 1205 2816 ut
1234 2778 1299 2817 Ac.
1335 2773 1371 2827 Ι,
1402 2774 1442 2815 9.
1476 2775 1544 2817 35.
1577 2782 1733 2815 acute
