1781 3192
183 156 274 197 316
755 156 824 197 DE
853 156 1086 197 LEGIBUS

295 282 403 308 rec.
434 267 518 307 lex
551 267 655 318 est]
717 267 811 306 car.
845 269 991 321 Steph.
1023 270 1165 310 Lamb.
1198 267 1279 308 lex
1306 273 1390 308 est
1420 272 1650 310 recitata

186 339 234 364 ex
273 327 413 377 paucis
454 323 696 375 quibusdam
736 324 858 364 codd.
911 325 1012 367 dett.
1063 327 1129 366 Cf.
1175 339 1268 367 ann.
1315 327 1434 376 crit.,
1483 328 1523 364 in
1572 341 1649 378 qua

186 382 390 421 notandus
417 385 480 418 est
501 393 616 418 error
638 382 677 418 in
697 382 912 420 uerborum
938 383 1083 421 ordine
1106 383 1364 434 excerpendo
1392 384 1647 423 commissus.

301 435 487 487 tollat]
550 436 669 486 Quod
712 437 920 488 uulgatum
965 444 1029 477 est
1071 453 1117 477 ex
1150 438 1360 491 plerisque
1392 439 1510 479 codd.
1544 439 1650 480 dett.

185 492 440 543 tolleret,
483 492 524 530 id
565 499 790 545 poneretur
827 508 916 533 cum
961 498 1083 534 tacita
1119 494 1380 534 conditione:
1423 498 1464 534 si
1505 497 1556 533 in
1594 508 1650 533 re

185 549 396 603 publica
429 548 666 600 ualeret,
700 555 745 588 ut
777 551 826 589 ad
859 555 946 590 Att.
978 553 1036 602 V,
1076 551 1137 593 18.
1170 550 1208 592 4.
1255 566 1350 603 ego
1390 554 1465 591 tui
1496 552 1649 590 Bruti

185 619 289 644 rem
323 607 396 644 sic
429 619 541 657 ago,
575 612 624 645 ut
665 620 803 645 suam
847 609 959 659 ipse
997 622 1097 647 non
1138 613 1317 659 ageret
1356 623 1410 649 sc.
1453 610 1487 647 si
1526 620 1650 658 agere

185 662 336 712 uellet3
378 661 480 700 nibil
513 665 619 701 enim
660 665 879 715 proficiunt
918 665 1045 703 Gzius
1091 670 1133 703 et
1174 666 1363 703 Moserus
1403 664 1652 715 generaliter

184 719 478 771 praecipiendo
512 724 607 771 post
638 722 785 770 uerba,
823 734 924 771 quae
965 721 1115 760 dictum
1160 726 1201 759 et
1233 723 1479 759 sententiam
1520 722 1651 771 signi-

185 777 339 827 ficent,
381 777 669 828 imperfectum
700 778 819 828 poni;
869 782 911 815 et
956 777 1034 816 alia
1076 782 1140 816 est
1181 791 1319 816 eorum
1373 776 1651 829 exemplorum

184 833 316 883 ratio,
353 845 457 883 quae
497 834 614 884 posui
646 833 675 871 1.
716 834 750 883 ἐν.
784 833 853 873 58.
914 834 997 872 Sed
1036 840 1079 873 ut
1110 834 1180 872 illa
1223 833 1512 872 conditionalis
1548 834 1653 871 ratio

186 891 235 927 ab
266 889 345 927 hoc
372 887 464 928 loco
496 889 720 927 abhorrere
751 889 928 941 uidetur,
959 892 1017 928 ita
1048 891 1261 929 meliorum
1295 891 1416 929 codd.
1460 889 1651 928 mendum

186 958 268 984 non
300 946 434 984 minus
466 944 583 984 alteri
616 948 861 985 correctioni
892 946 1053 985 tollat
1083 948 1222 997 fauet,
1266 961 1366 998 quae
1406 952 1448 984 et
1485 948 1573 998 ipsa
1610 948 1651 983 in

187 1002 291 1043 dett.
334 1002 572 1053 quibusdam
615 1002 736 1042 codd.
778 1008 936 1042 tentata
974 1002 1072 1042 olim
1116 1004 1205 1045 Car.
1239 1004 1477 1056 Stephano,
1510 1005 1653 1053 Bruto,

187 1059 336 1110 Lbino,
368 1060 537 1110 liathio,
572 1072 680 1098 nunc
709 1059 833 1098 Bakio
865 1059 1030 1112 placuit.

304 1129 433 1167 quae
463 1120 653 1167 postea
682 1114 823 1154 latae
855 1121 998 1167 sunt,
1041 1129 1166 1168 quae
1197 1117 1400 1167 tegunt]
1471 1115 1654 1153 Primum

188 1173 326 1211 uerbis
353 1185 483 1223 quae
514 1176 702 1223 postea
729 1172 873 1211 latae
905 1178 1028 1212 sunt
1055 1174 1308 1211 definiuntur
1331 1173 1468 1223 leges3
1503 1172 1656 1209 deinde

190 1230 382 1267 uniuersa
411 1228 546 1279 legum
590 1236 736 1280 postea
775 1228 949 1268 latarum
991 1231 1104 1267 notio
1144 1230 1339 1267 definitur
1379 1229 1487 1266 illis:
1530 1237 1656 1279 quac

189 1289 374 1336 tegunt
412 1286 550 1323 omni
591 1287 807 1323 ratione
847 1287 1170 1335 suffragium.
1243 1287 1380 1335 ltaque
1430 1298 1509 1323 non
1551 1289 1654 1332 erat,

190 1355 262 1379 cur
290 1345 360 1380 aut
388 1342 555 1380 Mosero
586 1341 776 1379 iteratum
809 1355 925 1392 pron.
956 1341 1077 1379 relat.
1110 1340 1355 1391 displiceret
1387 1346 1454 1378 aut
1485 1341 1654 1379 [inthius

191 1398 439 1436 coniiceret:
482 1409 718 1447 quaeque
755 1401 954 1448 tegunt.
1017 1397 1080 1436 Cs.
1115 1397 1144 1434 Ι.
1187 1397 1221 1446 §-
1260 1397 1330 1436 27.
1373 1396 1426 1433 de
1467 1398 1547 1434 Off.
1591 1394 1655 1444 ll,

192 1452 260 1494 38.
301 1452 373 1494 81.
413 1452 465 1491 de
506 1454 598 1491 Diu.
631 1449 698 1503 ll,
738 1452 806 1494 44,
846 1451 915 1494 92.
956 1452 1044 1492 cat.
1089 1453 1166 1503 lv,
1199 1454 1237 1493 ὅ.
1276 1452 1341 1493 16.
1385 1453 1492 1504 Top.
1533 1452 1582 1501 2,
1619 1452 1658 1491 6.

191 1511 386 1549 Postea
425 1511 505 1548 iam
546 1511 764 1548 Turnebus
805 1515 920 1548 recte
960 1509 1011 1547 ad
1046 1508 1161 1560 leges
1212 1508 1446 1547 tabellarias
1500 1507 1659 1557 retulit,

192 1578 295 1618 quae
335 1565 440 1605 nihil
477 1568 555 1605 nisi
598 1565 791 1605 tabellam
831 1566 984 1618 populo
1024 1566 1197 1615 dabant,
1251 1566 1441 1616 suffragia
1483 1579 1562 1603 non
1604 1565 1660 1602 ita

191 1623 481 1674 occultabant,
534 1627 579 1662 ut
616 1624 764 1675 inspici
804 1625 970 1662 omnino
1013 1630 1055 1660 et
1102 1624 1295 1673 cognosci
1342 1636 1423 1660 non
1473 1626 1658 1673 possent.

190 1681 280 1718 Hoc
310 1680 477 1731 quidem
510 1684 553 1718 et
582 1678 698 1731 leges
730 1679 828 1718 illae
859 1681 1123 1731 spectabant,
1157 1693 1218 1717 ne
1250 1681 1363 1730 quis
1395 1680 1661 1729 inspiciat

191 1735 472 1787 tabellam,
515 1749 577 1775 ne
617 1741 804 1787 roget,
846 1750 907 1774 ne
946 1735 1219 1788 appellet,
1259 1743 1301 1774 et
1343 1737 1556 1787 spectabat
1594 1733 1661 1772 lex

192 1794 333 1845 Marii,
367 1806 469 1844 quae
498 1791 580 1831 lata
612 1798 676 1832 est
706 1807 742 1832 a.
774 1789 872 1834 634.
936 1794 1024 1841 Qua
1061 1792 1223 1844 quidem
1261 1798 1410 1844 pontes
1441 1793 1468 1829 i.
1500 1805 1536 1830 e.
1571 1793 1661 1829 uiae

193 1854 359 1902 septae,
400 1863 476 1902 per
516 1863 612 1900 quas
653 1851 764 1888 ciues
806 1850 998 1899 suffragia
1036 1848 1156 1887 laturi
1200 1851 1426 1887 transirent
1461 1850 1501 1886 in
1535 1847 1661 1897 ouile,

196 1908 357 1957 angusti
388 1905 544 1945 redditi
575 1909 696 1956 sunt,
731 1919 784 1944 ne
817 1908 907 1957 quis
940 1904 1026 1944 illic
1056 1911 1224 1958 praeter
1259 1919 1374 1956 euin,
1418 1907 1482 1956 qui
1515 1906 1662 1943 suffra-

193 1965 303 2014 gium
341 1963 495 2014 ferret,
542 1965 774 2001 consistere
815 1966 958 2016 posset
997 1976 1106 2001 neue
1144 1963 1186 2001 id
1227 1964 1433 2001 ambitiosi
1475 1967 1542 1999 aut
1583 1961 1660 2013 ipsi

195 2025 266 2058 aut
297 2033 373 2071 per
404 2018 505 2058 alios
547 2021 804 2072 inspicerent
846 2021 1041 2070 ciuesque
1083 2019 1384 2070 quodammodo
1425 2019 1475 2057 ad
1516 2020 1663 2056 suffra-

195 2076 372 2128 gandum
411 2078 490 2116 sibi
538 2077 862 2127 cogerent-Cf.
898 2075 1006 2116 Plut.
1049 2077 1154 2114 Mar.
1195 2090 1231 2115 c.
1271 2075 1308 2116 4.
1379 2076 1478 2113 Cum
1527 2080 1662 2112 autem

196 2138 340 2184 quarta
379 2132 447 2170 lex
483 2132 697 2171 tabellaria
737 2133 868 2171 Caelii
910 2145 945 2171 a.
978 2131 1084 2181 647,
1123 2130 1188 2168 lex
1230 2133 1349 2168 Marii
1384 2145 1421 2168 a.
1452 2130 1548 2170 631.
1581 2130 1663 2167 lata

196 2191 265 2239 sit,
298 2194 490 2240 postea
518 2202 598 2226 non
631 2189 688 2226 ita
720 2187 798 2225 dici
835 2187 988 2237 elucet,
1023 2194 1067 2225 ut
1099 2200 1241 2226 omues
1275 2189 1354 2224 iam
1386 2187 1500 2236 leges
1530 2184 1662 2224 tabel-

195 2245 324 2284 lariae
356 2244 421 2283 uel
452 2250 665 2295 postrema
695 2243 826 2282 Caelii
857 2242 938 2281 lata
970 2250 1153 2296 putetur,
1186 2257 1276 2281 cum
1310 2242 1405 2280 illae
1438 2244 1661 2281 ferrentur.

196 2301 262 2340 Ad
292 2302 526 2354 Scipionem
559 2304 744 2353 postea
767 2292 979 2351 pertinere
1000 2300 1194 2337 dixerunt
1218 2301 1340 2339 Gocr.
1364 2300 1471 2338 Mos.
1496 2299 1661 2348 Bakius,

196 2363 240 2397 et
277 2359 344 2396 hic
383 2357 575 2408 quidem,
615 2370 668 2394 ne
707 2358 807 2395 istas
850 2356 964 2407 leges
996 2357 1335 2408 comprobaturus
1366 2357 1495 2394 fuisse
1526 2356 1663 2407 Scipio

199 2414 433 2463 uideretur3
468 2427 585 2466 quam
618 2426 775 2452 causam
810 2426 930 2452 nemo
959 2427 1055 2452 saue
1087 2415 1335 2465 probauerit.

311 2472 346 2521 §.
378 2469 447 2511 39.
510 2483 638 2522 quae
678 2471 719 2508 si
764 2472 1019 2522 opposita
1061 2475 1182 2508 sunt
1213 2470 1316 2519 cet]
1386 2468 1475 2506 Non
1519 2480 1665 2518 repre-

197 2525 345 2565 hendit
387 2526 642 2566 uoluntatem
684 2539 847 2577 eorum,
897 2528 963 2578 qui
1014 2529 1093 2565 ista
1139 2528 1442 2564 constituerunt
1489 2526 1663 2562 ambitus

199 2583 442 2634 coercendi,
482 2597 561 2622 non
601 2583 861 2636 opprimendi
901 2597 1047 2633 causa3
1088 2582 1162 2621 sed
1201 2584 1234 2620 si
1277 2595 1366 2620 eam
1402 2585 1540 2618 tamen
1583 2582 1664 2618 uim

197 2639 315 2690 leges
356 2640 600 2690 habuerint,
639 2645 683 2678 ut
723 2653 775 2677 ne
816 2642 871 2678 sit
910 2642 1086 2679 ambitus
1127 2638 1256 2689 ullus,
1288 2651 1367 2676 non
1392 2637 1465 2675 ille
1499 2637 1664 2687 quidem

200 2695 288 2734 uult
332 2695 449 2748 leges
500 2695 735 2735 tabellarias
785 2695 897 2747 tolli,
949 2696 1024 2734 sed
1068 2709 1156 2734 eam
1207 2701 1341 2734 tamen
1392 2696 1497 2743 uim,
1547 2707 1664 2743 quam

201 2754 444 2804 habuerint,
476 2766 525 2792 eo
557 2754 766 2803 coerceri,
800 2759 844 2793 ut
875 2754 1031 2807 optimo
1063 2754 1210 2805 cuique
1240 2751 1392 2791 tabella
1424 2750 1666 2790 ostendatur
