1781 3192
215 188 304 228 268
788 188 857 226 DE
891 188 1125 228 LEGIBUS

219 303 373 353 agitur3
424 300 641 349 omnisque
690 311 739 337 ea
789 298 841 337 de
876 313 921 338 re
958 300 1158 340 dubitatio
1207 300 1368 340 tollitur
1417 302 1687 355 explicatione

220 359 254 409 ὁ.
288 356 360 407 42,
393 358 459 395 ubi
489 355 677 406 plerique
709 354 829 396 codd.
861 359 1066 396 actoris
1097 371 1248 396 nomen
1280 363 1441 398 tenent.

334 413 517 462 auguri
559 409 797 462 publico]
870 414 1057 464 Augures
1105 413 1291 466 publicos
1344 420 1386 453 et
1432 415 1596 453 habitos
1647 420 1689 454 et

219 470 453 509 nominatos
497 480 589 505 esse
633 468 784 505 Festus
836 469 963 508 tradit
1007 483 1039 510 S.
1084 484 1120 510 u.
1167 470 1377 521 publici
1425 484 1688 522 augures,

220 523 458 579 publicique
488 525 750 562 nominantur
786 521 840 564 [I.
872 526 904 577 ᾗ,
934 526 1003 567 20.
1065 527 1182 576 Quod
1203 529 1243 565 in
1281 526 1555 579 explicatione
1585 527 1691 578 legis

223 584 258 633 ᾧ.
291 579 361 620 43.
395 594 475 626 non
508 583 608 618 item
653 579 834 619 additum
877 587 942 621 est
982 582 1255 634 adiectiuum,
1305 584 1409 622 haec
1449 597 1569 622 causa
1610 589 1690 633 est,

221 636 331 690 quod
366 636 501 687 legem
534 636 658 689 plene
693 640 942 688 propositam
977 641 1076 677 satis
1119 645 1209 678 erat
1243 639 1441 679 indicare.
1509 640 1690 678 Temere

223 694 370 746 Steph.
414 695 525 734 Man.
578 694 678 731 Ern.
723 694 868 745 u'agn.
918 696 1134 746 publico
1185 698 1428 737 omiserunt.
1506 697 1690 746 Augures

225 756 361 791 autem
413 765 433 788 a
484 751 789 801 magistratibus
832 753 872 789 in
915 754 1139 803 auspicium
1184 753 1370 791 adhiberi
1413 765 1505 791 esse
1546 751 1691 790 solitos

225 810 325 847 satis
359 811 535 845 constat.
598 807 663 845 Cf.
698 807 871 846 Beckeri
901 809 994 847 Ant.
1027 823 1129 848 rom.
1164 806 1222 860 ll,
1256 809 1297 850 3.
1331 824 1373 862 p,
1405 810 1472 850 71.
1505 810 1693 859 Hartung

224 864 317 905 Rel.
353 863 428 901 der
457 864 572 904 Rom.
607 859 638 903 I.
669 875 712 914 p.
746 863 840 904 112.
1406 871 1408 873 ’

340 919 677 972 promulgata
707 920 807 971 cet.]
869 919 1006 959 Uerba
1038 923 1084 959 in
1119 924 1353 971 aerario,
1394 935 1497 973 quae
1530 922 1569 959 in
1602 919 1691 960 cod.

228 977 342 1016 arch.
376 976 506 1021 fuisse
538 981 698 1015 certum
731 982 808 1026 est,
841 978 889 1014 ab
923 978 1002 1015 hoc
1032 976 1121 1016 loco
1153 977 1286 1016 aliena
1318 991 1411 1017 esse
1439 979 1527 1016 sere
1551 989 1694 1015 omnes

225 1035 505 1073 consentiunt.
575 1034 771 1071 Nimirum
816 1035 879 1083 agi
922 1047 1004 1071 non
1044 1041 1219 1086 possunt
1261 1048 1330 1085 ea,
1381 1048 1485 1086 quae
1531 1035 1610 1071 iam
1653 1035 1694 1071 in

226 1092 386 1130 aerario
419 1095 513 1128 sunt
544 1089 720 1130 condita.
783 1090 897 1128 Haec
921 1095 1008 1128 acta
1035 1093 1109 1129 iam
1141 1097 1257 1129 erant
1278 1097 1320 1130 et
1344 1094 1443 1130 scita
1476 1105 1498 1129 a
1528 1088 1691 1142 populo.

230 1145 378 1198 Itaque
408 1146 474 1185 alii
509 1148 683 1184 retentis
717 1152 759 1184 et
789 1149 1054 1198 transpositis
1086 1146 1170 1186 illis
1203 1150 1250 1186 in
1281 1149 1485 1186 aerario
1527 1148 1694 1185 uerbum

228 1208 514 1253 correxerunt,
549 1209 591 1241 ut
614 1204 825 1241 Puteanus
851 1202 1221 1255 (promulgata,
1247 1206 1457 1255 cognita
1482 1209 1695 1255 agunto,

226 1263 280 1300 in
311 1262 519 1299 aerario
554 1258 862 1311 seruantor)
897 1265 938 1297 et
969 1261 1161 1297 Dauisius
1193 1260 1571 1312 (promulgata,
1610 1272 1695 1310 po-

229 1316 347 1370 pulo
380 1316 581 1368 placita
612 1317 658 1353 in
693 1318 900 1354 aerario
934 1316 1152 1354 condita
1186 1316 1382 1368 sunto),
1417 1316 1486 1354 alii
1520 1317 1695 1353 seruatis

230 1374 369 1412 uerbis
399 1372 571 1422 reliquis
610 1385 684 1422 pro
718 1374 932 1409 aerario
965 1385 1113 1409 nomen
1149 1372 1258 1410 aliud
1290 1374 1612 1422 substituerunt,
1653 1376 1697 1409 ut

231 1430 442 1469 Manutius
471 1426 776 1481 (proposita
809 1428 860 1465 in
892 1425 1052 1478 soro),
1088 1429 1215 1465 Gzius
1248 1426 1418 1480 (prop.
1451 1429 1501 1464 in
1535 1426 1696 1478 aere),

233 1485 413 1526 Orellius
439 1482 610 1537 (prop.
643 1485 692 1521 in
727 1482 883 1537 albo),
910 1483 1057 1521 Bakius
1082 1482 1393 1536 (proposita
1416 1482 1699 1534 tempore).

233 1545 412 1593 Quorum
449 1555 523 1592 ego
557 1539 659 1578 nihil
689 1542 833 1591 probo,
904 1541 947 1579 Si
986 1541 1050 1578 his
1092 1542 1320 1592 participiis
1362 1545 1403 1578 et
1442 1538 1699 1591 prouulgatio

233 1606 276 1638 et
297 1600 434 1637 suasio
455 1612 499 1635 ac
527 1598 729 1635 dissuasio
754 1597 1039 1645 denotaretur,
1064 1597 1173 1635 illam
1194 1598 1281 1635 solo
1306 1595 1699 1648 promulgandi,

233 1658 341 1695 hanc
373 1654 738 1705 cognoscendi
773 1656 899 1692 uerbo
932 1653 1129 1692 declarari
1160 1660 1364 1705 putarem,
1400 1659 1444 1691 ut
1465 1666 1541 1705 pro
1564 1651 1700 1690 Flacc.

234 1713 277 1763 7,
312 1711 378 1752 15.
412 1715 535 1761 atque
568 1711 693 1749 uerba
721 1713 1005 1762 proposita
1037 1713 1085 1748 in
1127 1711 1338 1748 aerario
1381 1723 1455 1761 pro
1494 1710 1701 1760 interpre-

235 1773 421 1808 tamento
465 1768 674 1805 haberem.
747 1767 831 1805 Sed
869 1781 959 1805 cum
1011 1768 1147 1805 suasio
1198 1781 1243 1805 ac
1293 1767 1498 1805 dissuasio
1550 1766 1702 1803 deinde

236 1827 456 1877 separatim
491 1829 839 1862 commemoretur
882 1821 1010 1877 (rem
1044 1822 1289 1875 populum
1323 1824 1546 1861 docento
1577 1820 1702 1875 cet.),

237 1884 340 1922 haec
381 1883 519 1920 omnia
559 1880 609 1918 ad
660 1879 787 1918 solam
840 1881 1195 1931 prouulgationem
1244 1881 1342 1930 rei,
1389 1880 1441 1918 de
1490 1892 1566 1930 qua
1612 1892 1703 1917 cum

237 1938 388 1993 populo
422 1944 578 1989 agatur,
614 1937 810 1975 uidentur
837 1937 1057 1975 referenda
1087 1950 1196 1975 esse.
1261 1933 1306 1974 In
1339 1938 1414 1975 hac
1437 1942 1569 1974 autem
1595 1937 1704 1974 eius-

239 1998 333 2035 dem
367 1998 426 2033 rei
459 1995 851 2033 commemoratione
884 1995 1004 2032 trium
1039 1995 1257 2032 uerborum
1299 1992 1545 2042 cumulatio,
1585 2005 1703 2044 quam

239 2054 413 2092 duorum
464 2052 696 2090 coniunctio
746 2050 911 2089 uidetur
956 2053 1091 2102 aptior
1131 2063 1241 2090 esse.
1312 2052 1572 2101 Quapropter
1617 2048 1706 2087 sola

241 2113 366 2149 uerba
406 2111 455 2147 in
498 2109 735 2156 aerario,
790 2106 833 2144 id
881 2107 988 2157 quod
1026 2112 1123 2145 ante
1160 2109 1238 2145 iam
1278 2107 1484 2158 Wagnero
1525 2105 1704 2157 placuit,

243 2164 491 2218 expellenda
522 2177 685 2202 censeo.

356 2235 454 2259 nec
496 2220 633 2271 plus]
713 2219 841 2268 Nec,
895 2219 1007 2256 cuius
1053 2216 1278 2269 particulae
1329 2219 1391 2255 uis
1432 2216 1607 2267 negandi
1655 2216 1705 2254 ad

244 2277 390 2332 plus,
421 2290 502 2315 non
537 2276 585 2313 ad
619 2277 784 2313 uerbum
812 2277 1012 2325 pertinet,
1053 2288 1128 2323 ego
1169 2288 1259 2312 cum
1292 2274 1416 2311 Bakio
1454 2274 1617 2311 restitui
1659 2286 1707 2311 ex

245 2335 369 2376 codd.
393 2333 651 2381 melioribus3
687 2333 923 2384 superiores
955 2345 1016 2369 ne
1039 2331 1170 2383 plus.
1200 2331 1262 2371 Cf.
1292 2343 1396 2381 quae
1421 2329 1499 2368 dixi
1523 2330 1568 2369 11.
1592 2331 1623 2380 ξ.
1642 2327 1706 2369 19.

362 2390 423 2429 de
464 2390 694 2439 singulis
736 2389 892 2426 rebus
932 2387 1110 2438 simul]
1173 2383 1219 2425 In
1263 2387 1353 2426 cod.
1390 2387 1501 2425 arch.
1542 2384 1709 2424 semel

242 2450 375 2487 fuisse
402 2446 689 2499 plerorumque
720 2445 841 2483 codd.
876 2458 1100 2483 consensus
1140 2446 1291 2495 arguit.
1359 2443 1442 2482 Sed
1481 2456 1587 2481 nunc
1627 2456 1709 2481 non

245 2504 373 2554 illud,
413 2517 465 2542 ne
505 2502 558 2541 de
599 2502 740 2540 eadem
783 2515 827 2540 re
864 2500 1057 2553 populum
1099 2507 1244 2550 rogent
1285 2502 1475 2552 saepius,
1525 2499 1595 2537 sed
1632 2500 1709 2537 hoc

247 2562 523 2614 praecipitur,
572 2572 624 2598 ne
662 2559 762 2597 duas
800 2572 868 2597 res
918 2561 1166 2609 coniungant
1213 2558 1303 2607 lege
1353 2571 1431 2595 una
1476 2554 1554 2610 (cs.
1601 2554 1709 2607 expl.

248 2619 285 2667 §.
318 2616 439 2670 43.);
481 2616 521 2654 id
566 2615 674 2666 quod
713 2628 838 2667 saepe
876 2621 973 2653 ante
1014 2616 1245 2654 factitatum
1293 2619 1453 2652 cautum
1506 2618 1569 2651 est
1615 2611 1710 2662 lege

248 2673 431 2714 Caecilia
463 2678 506 2710 et
539 2672 656 2710 Didia
690 2686 722 2711 a.
756 2674 850 2713 (555).
914 2672 975 2712 Cf.
1000 2672 1088 2711 Cic.
1121 2684 1194 2722 pro
1216 2672 1328 2711 Doni.
1362 2670 1432 2719 20,
1456 2668 1525 2709 53.
1588 2669 1709 2707 Eius-

250 2730 376 2770 modi*
406 2729 540 2779 legem
582 2734 758 2767 saturam
803 2742 895 2767 esse
931 2734 1115 2767 uocatam
1152 2731 1293 2766 auctor
1324 2731 1389 2765 est
1420 2727 1570 2764 Festus
1602 2739 1636 2764 S.
1670 2739 1710 2766 u.

251 2793 455 2827 satura.
525 2786 642 2825 Hanc
691 2787 939 2825 senteutiam
1004 2787 1096 2836 quia
1143 2785 1250 2824 effici
1303 2784 1491 2835 putabam
1543 2782 1711 2821 Gruteri
