1781 3192
551 186 705 225 LIBER
738 186 958 223 PRIMUS.
1007 185 1103 224 CAP.
1128 184 1172 224 ll.
1542 185 1589 221 Η

128 300 190 340 ii,
224 299 293 341 65.
326 297 569 349 corrigendo
611 298 651 335 id
690 308 782 335 esse
823 294 979 335 illatum
1019 299 1107 348 ipsa
1147 296 1347 335 correctio
1392 301 1595 334 monstrat

123 358 163 394 in
197 357 288 395 cod.
320 357 352 394 A
383 357 614 394 etiamnunc
636 354 886 405 conspicua),
918 365 994 390 nec
1015 353 1065 390 ad
1089 353 1337 391 sententiam
1362 353 1462 389 satis
1493 364 1591 403 pro-

123 412 258 450 babile
289 417 366 450 est.
427 413 527 450 Nam
559 412 734 449 Atticum
767 422 846 446 non
880 408 1009 447 solum
1042 410 1092 447 iis
1127 409 1317 447 assentiri
1349 412 1488 459 patet,
1523 410 1589 458 qui

122 470 334 507 historiam
378 482 399 505 a
428 469 629 506 Cicerone
669 468 858 517 flagitent
899 463 992 518 (isti
1026 471 1159 503 autem
1194 479 1271 503 non
1305 469 1399 502 sunt
1431 463 1592 502 'rullia-

124 539 263 564 narum
296 524 522 563 litterarum
550 523 740 572 studiosi,
770 522 844 560 sed
868 523 1030 560 omnino
1056 523 1243 560 homines
1274 521 1485 571 litterati),
1513 521 1591 559 sed

126 581 243 620 aliam
277 583 399 618 etiam
437 594 601 619 causam
634 592 726 617 esse
759 578 882 627 dicit,
926 591 998 615 cur
1029 579 1201 616 historia
1234 579 1446 616 scribatur.
1511 577 1592 614 Ita-

124 650 201 688 que
232 638 419 688 opposita
450 639 527 674 sibi
558 637 595 674 h.
628 635 656 673 l.
688 639 783 673 sunt
812 634 991 673 studia
1030 633 1402 672 litteratorum
1435 634 1593 672 homi-

123 706 236 732 num
272 698 313 730 et
343 694 454 742 ipsa
485 694 680 743 patria.

237 747 408 799 abest]
470 750 583 787 Haec
614 749 842 786 certissima
877 752 939 785 est
970 746 1107 785 mendi
1139 746 1293 783 ueteris
1323 750 1465 782 atest
1501 757 1594 782 cor-

123 806 265 844 rectio.
326 805 406 843 I’ro
437 804 651 843 litteris
684 818 764 842 non
799 809 901 853 erat,
935 803 1043 854 quod
1066 802 1118 840 de
1140 803 1332 840 Creuzeri
1355 802 1589 840 coniectura

123 875 144 898 a
173 860 380 899 litteris
414 862 600 900 Moserus
622 863 835 899 scriberet.
899 861 1028 898 Recte
1054 860 1161 897 enim
1205 860 1391 896 abesse
1425 855 1590 895 alicui

123 915 325 968 aliquid
359 916 437 956 (liei
471 917 523 955 de
556 930 622 966 eo,
657 918 724 968 qui
756 929 799 954 re
830 915 964 966 aliqua
995 921 1147 964 careat,
1181 914 1481 952 demonstrauit
1511 914 1589 952 Ba-

123 974 212 1012 kius
244 971 393 1011 collato
427 974 509 1012 Cic.
545 973 659 1011 Brut.
689 972 758 1022 80,
791 972 887 1013 276.
922 973 1013 1010 hoc
1046 983 1215 1019 unum,
1249 971 1443 1021 inquit,
1484 968 1587 1019 illi,

121 1031 164 1068 si
197 1028 338 1067 nihil
372 1029 635 1067 utilitatis
667 1029 877 1078 habuit,
912 1028 1095 1077 abfuit,
1120 1029 1160 1064 si
1192 1040 1317 1077 opus
1350 1031 1480 1075 erat,
1506 1026 1590 1064 de-

119 1085 239 1123 fuit.
315 1081 444 1123 Adde
481 1086 552 1123 Or.
600 1084 668 1133 70,
706 1083 797 1124 181.
844 1083 979 1121 nihil
1020 1088 1098 1121 est
1133 1085 1291 1131 enim,
1336 1083 1414 1120 cui
1455 1082 1590 1120 nihil

120 1142 277 1180 absit.
311 1140 364 1178 de
396 1142 464 1181 Or.
498 1141 528 1190 I,
557 1140 616 1180 11.
639 1139 706 1181 48.
740 1145 783 1177 et
815 1152 917 1191 quae
949 1138 1186 1177 Ellendtius
1218 1139 1259 1176 h.
1286 1137 1311 1176 l.
1345 1138 1588 1188 disputauit.

235 1209 384 1235 unum
426 1198 518 1235 hoc
559 1209 627 1237 or.
668 1195 811 1247 max.]
850 1197 877 1234 i.
912 1209 949 1234 e.
991 1208 1090 1247 prae
1132 1196 1286 1232 ceteris
1318 1195 1490 1232 oratoris
1523 1198 1589 1232 est

122 1252 189 1292 uel
219 1255 439 1291 oratorium
472 1253 673 1305 quendam
707 1257 897 1291 ornatum
928 1253 1124 1303 requirit3
1159 1264 1248 1288 nam
1285 1263 1410 1289 unus
1443 1263 1588 1302 super-

119 1309 244 1348 latiuo
277 1309 508 1348 adiunctum
544 1309 830 1347 excellentiam
863 1309 1062 1360 quandam
1098 1309 1316 1358 significat.
1379 1306 1444 1346 Cf.
1468 1307 1588 1346 Tusc.

123 1362 180 1416 Il,
213 1366 280 1407 26.
313 1366 382 1407 64.
419 1363 500 1416 lll,
525 1365 590 1408 33.
618 1365 688 1406 81.
724 1367 832 1404 Brut.
869 1365 910 1415 6,
943 1365 1013 1407 25.
1046 1364 1097 1403 ad
1126 1366 1211 1403 Att.
1247 1359 1369 1413 VIII,
1385 1362 1433 1404 4.
1468 1365 1591 1402 Beier

120 1423 170 1460 ad
203 1423 288 1460 Cic.
318 1436 391 1473 pro
423 1423 563 1460 Scaur.
595 1435 637 1473 p.
675 1421 771 1463 169.
833 1422 988 1460 Eadem
1029 1422 1240 1460 sententia
1281 1420 1334 1458 de
1368 1421 1584 1473 scriptoris

121 1490 291 1516 munere
319 1479 496 1516 oratorio
529 1478 855 1529 deprehenditur
881 1478 933 1516 de
962 1479 1031 1517 Or.
1065 1474 1123 1528 II,
1163 1477 1225 1518 15.
1257 1476 1322 1517 62.

234 1534 268 1584 ξ.
301 1533 337 1575 6.
400 1539 483 1572 aut
511 1536 807 1584 ignoratam
838 1539 924 1572 aut
953 1534 1201 1573 relictam
1246 1547 1267 1571 a
1296 1534 1491 1571 Romanis
1520 1531 1586 1571 di-

122 1592 179 1628 cit
209 1591 440 1639 historiam,
482 1592 574 1641 quia
606 1592 669 1642 qui
703 1592 955 1642 scripserant
984 1591 1213 1639 historiam,
1245 1592 1346 1627 bene
1379 1590 1586 1627 scribendi

119 1651 246 1684 artem
279 1660 358 1684 non
390 1646 640 1696 calluerant,
674 1649 708 1684 si
740 1649 806 1698 qui
837 1661 933 1686 uero
965 1646 1217 1694 calluerant,
1249 1659 1328 1684 uon
1363 1647 1586 1695 attigerant

120 1703 347 1740 historiam.
416 1703 482 1741 Cf.
523 1702 709 1754 exempla
748 1716 769 1740 a
810 1703 933 1742 Bakio
974 1702 1097 1741 allata
1136 1702 1188 1741 de
1229 1703 1321 1741 Fin.
1363 1699 1398 1751 I,
1439 1702 1479 1743 6.
1519 1701 1581 1743 18.

118 1755 196 1809 IV,
231 1759 267 1799 3.
296 1760 330 1799 7.
363 1757 414 1796 de
447 1760 526 1797 Off.
557 1756 636 1808 III,
670 1760 710 1800 2.
741 1757 778 1798 9.

231 1820 355 1866 post
395 1814 633 1866 annales]
673 1816 1006 1854 Conficiebantnr
1036 1816 1080 1853 hi
1119 1814 1285 1853 annales
1329 1829 1351 1854 a
1387 1816 1583 1867 pontifice

117 1873 289 1909 maximo
322 1870 432 1924 (Cic.
461 1872 511 1909 (16
544 1872 616 1910 Or.
649 1868 707 1921 II,
742 1872 806 1912 12.
840 1870 950 1925 52.).
1013 1873 1143 1910 Recte
1174 1874 1299 1923 igitur
1331 1878 1399 1910 aut
1427 1885 1582 1910 anna-

117 1927 195 1965 les
234 1928 546 1979 pontificum
588 1930 924 1966 maximorum
970 1934 1038 1966 aut
1077 1928 1323 1980 simpliciter
1354 1927 1581 1966 annales

118 1986 319 2022 maximi
367 1983 644 2036 appellantur,
694 1984 1035 2035 quemadmodum
1077 1984 1235 2023 Gellius
1282 1998 1351 2022 eos
1400 1987 1585 2023 nominat

118 2040 166 2078 N.
198 2043 243 2078 Α.
280 2036 354 2089 IV,
387 2041 426 2081 5.
460 2040 500 2081 6.
531 2046 573 2079 et
604 2041 802 2094 appellari
835 2053 905 2079 eos
939 2042 1038 2080 dicit
1070 2042 1213 2079 Cicero
1246 2041 1275 2079 l.
1308 2040 1333 2080 l.
1376 2046 1417 2079 et
1448 2042 1580 2079 Macr.

116 2097 200 2134 Sat.
234 2092 313 2146 III,
347 2096 385 2137 2.
418 2098 489 2135 fin.
551 2099 636 2135 Nec
677 2110 774 2135 uero
816 2097 895 2135 dici
936 2104 1110 2149 possunt
1145 2097 1363 2135 annales
1403 2102 1580 2149 ponti-

117 2154 270 2191 ficum
303 2155 516 2192 maximi.
578 2155 776 2192 Nimirum
809 2160 850 2191 et
882 2167 902 2192 a
933 2155 1173 2206 pontificum
1216 2153 1392 2204 collegio
1433 2156 1580 2193 confici

115 2210 354 2248 dicerentur
395 2215 437 2248 et
476 2215 643 2262 praeter
672 2212 918 2248 maximos
951 2210 1019 2249 alii
1051 2212 1172 2248 etiam
1201 2212 1405 2249 conscribi
1430 2212 1478 2249 ab
1509 2212 1582 2249 iis-

115 2266 207 2303 dem
242 2266 496 2304 uiderentur.
559 2267 710 2305 Merito
741 2269 866 2318 igitur
896 2272 1035 2319 spreta
1067 2272 1132 2304 est
1161 2268 1314 2305 Moseri
1345 2269 1580 2306 coniectura

116 2322 329 2359 annales
358 2323 674 2373 pontificum
704 2326 968 2363 maximos.

228 2378 535 2429 iucundius]
575 2379 862 2419 Coniecturam
902 2393 978 2432 ego
1014 2381 1056 2419 in
1098 2384 1210 2419 tanto
1249 2379 1434 2418 codicum
1478 2393 1578 2418 con-

115 2444 235 2471 sensu
288 2433 439 2472 nullam
479 2437 632 2486 probo,
674 2438 822 2488 quippe
862 2449 944 2476 non
987 2439 1287 2486 necessariam,
1330 2449 1407 2475 nec
1439 2436 1579 2475 Ursini

116 2493 158 2527 et
196 2490 390 2529 Gulielmi
424 2492 699 2531 ieiuniuus
737 2506 760 2530 a
797 2492 1007 2545 pluribus,
1059 2495 1183 2532 etiam
1217 2507 1238 2531 a
1273 2494 1500 2531 Niebuhrio
1538 2494 1580 2531 in

113 2546 222 2585 nist.
255 2561 357 2588 rom.
391 2544 422 2587 Ι.
454 2561 494 2599 p.
527 2548 624 2588 278.
661 2548 727 2587 ed.
774 2548 814 2590 3.
853 2552 1088 2602 probatam,
1137 2563 1215 2589 nec
1259 2550 1458 2602 Stephani
1496 2563 1581 2588 nu-

114 2602 254 2654 dius,
295 2617 372 2642 uec
411 2605 597 2643 Lambini
637 2606 934 2657 iuncidius‚
971 2620 1049 2646 nco
1095 2608 1249 2646 Dauisii
1288 2607 1467 2658 denique
1506 2608 1580 2645 in·-

113 2662 338 2699 comtius
383 2661 452 2699 uel
496 2662 875 2713 iniucundius,
933 2677 1103 2717 quorum
1158 2664 1239 2702 hoc
1295 2664 1487 2701 Ernestio
1539 2668 1581 2700 et

116 2717 325 2770 Zumptio,
357 2718 485 2757 Bakio
517 2718 619 2757 illud
640 2718 808 2771 placuit.
868 2721 1118 2773 Quamquam
1153 2723 1259 2759 enim
1294 2721 1580 2758 demonstrare

115 2773 353 2823 aggreditur
385 2776 594 2815 neminem
626 2776 923 2827 Romanorum,
963 2779 1177 2816 historiam
1217 2779 1284 2828 qui
1316 2778 1579 2828 scripserint,

1302 2843 1361 2863 ⁴5⁴3(-
