1781 3192
471 214 632 253 bunut
665 213 884 254 Plinius,
938 213 1039 252 ΟΜ».
1074 212 1174 252 xxi.
1476 208 1553 245 101

95 323 212 365 Verr.
248 323 306 376 ll,
346 326 378 368 1.
411 328 478 367 60.
518 326 576 364 de
617 338 715 376 quo
749 325 950 362 iudicio
989 326 1028 362 si
1063 323 1218 361 uelim
1252 322 1431 360 dicere
1464 334 1558 358 om-

93 384 205 432 nia,
241 382 392 421 multi
434 381 744 434 appellandi
784 380 1143 430 laedendique
1177 383 1300 417 sunt.
1356 378 1471 416 Verr.
1510 377 1557 424 V,

95 438 161 478 fif).
212 438 299 479 ¹25).
347 441 385 478 si
432 453 523 490 per
566 436 840 477 Metellum
892 436 1101 474 licitum
1148 439 1318 481 esset,
1366 440 1559 471 matres«

96 493 310 532 illorum
345 497 652 533 miserorum
687 506 1001 543 sororesque
1032 493 1353 539 ueniebant);
1388 488 1459 527 scd
1483 502 1557 525 nec

96 556 327 602 temporum
374 554 573 589 rationem
615 550 824 601 perspexit
865 562 942 586 non
993 554 1181 586 constare
1230 551 1341 594 (esse
1381 545 1559 583 debebat

96 607 418 656 sentiebas),
466 620 539 645 nec
573 619 668 645 nero
714 606 996 642 sentiebas
1036 628 1089 632 —--
1129 606 1168 641 si
1214 603 1560 640 dissiderent

96 666 188 712 apta
231 668 372 700 essent
417 664 466 700 ad
508 663 752 701 sententiam
796 674 908 710 eam,
953 674 1054 710 quae
1095 664 1137 698 et
1176 658 1262 696 sola
1310 659 1559 708 cogitatione

95 720 207 754 recte
251 720 628 769 comprehendatur
668 724 709 755 ct
751 719 880 766 magis
920 717 970 754 ad
1010 720 1270 767 praesentem
1306 728 1408 762 rem,
1442 726 1558 763 qnam

97 773 147 810 ad
180 776 441 823 praeteritam
474 781 648 826 spectet.
710 775 941 824 Legitimae
973 774 1190 810 uerborum
1226 774 1457 808 structurae
1486 769 1562 805 hae

98 834 213 866 sunt:
245 832 409 879 probe
442 832 637 881 sentis,
671 831 710 867 si
744 829 1047 877 dissident3
1083 829 1244 878 probe
1277 827 1478 874 sentis,
1520 825 1559 860 si

98 884 416 935 dissideant3
450 889 616 937 probe
648 887 908 935 sentires,
942 886 983 922 si
1018 884 1372 930 dissiderent3
1403 882 1561 932 probe

97 943 400 991 sentiebas,
436 945 473 979 si
509 942 859 980 dissiderent.
923 943 1098 989 Quarum
1139 946 1275 978 tamen
1310 943 1559 989 postremam

98 998 285 1046 quoniam
321 1000 366 1035 ab
401 999 476 1035 hoc
508 999 598 1035 loeo
631 997 804 1034 alienam
838 1010 931 1034 esse
966 996 1141 1034 uidimus
1170 1008 1246 1033 nec
1278 994 1562 1042 dissident,

97 1053 201 1102 quod
244 1054 345 1091 Ern.
386 1054 716 1102 commendauit,
763 1054 924 1103 probari
966 1057 1104 1103 potest
1156 1051 1381 1104 (Antiocho
1436 1051 1562 1098 enim,

97 1109 211 1146 cuius
245 1111 493 1146 sententiam
525 1110 670 1146 Cicero
704 1110 903 1159 sequitur,
937 1122 1015 1146 non
1048 1107 1238 1158 placebat
1271 1112 1433 1144 ueteres
1459 1107 1564 1143 Aca-

97 1163 279 1202 demicos
322 1169 364 1202 et
409 1165 706 1215 Peripateticos
749 1177 837 1201 cum
871 1165 1022 1201 Stoicis
1053 1176 1114 1213 re,
1154 1177 1233 1201 non
1269 1164 1404 1201 uerbis
1437 1162 1564 1200 dissi-

98 1219 240 1267 dere):
283 1221 360 1259 hoc
401 1233 522 1258 unum
562 1219 762 1271 reliquum
805 1224 884 1269 est,
926 1224 969 1257 ut
1016 1221 1263 1257 restituatur
1309 1220 1563 1267 sentires,

99 1276 214 1313 cuins
243 1278 285 1314 in
317 1276 406 1316 cod.
441 1277 550 1316 arch.
583 1276 780 1314 facillima
812 1280 901 1315 erat
930 1276 1168 1327 deprauatio
1191 1280 1363 1328 propter
1383 1273 1563 1324 litteras,

99 1344 200 1382 quae
232 1337 472 1383 sequuntur,
506 1332 747 1373 simillimas,

210 1389 371 1432 XXI.
431 1390 630 1427 Antiocho
660 1387 938 1438 Ascalonitae,
983 1401 1102 1439 quem
1142 1388 1227 1429 cic.
1260 1389 1328 1428 Ac.
1368 1387 1399 1438 Ι,
1431 1386 1468 1427 4.
1505 1386 1567 1427 13.

99 1444 242 1481 scribit
273 1456 294 1480 e
327 1444 447 1483 domo
479 1458 585 1483 noua
614 1447 640 1486 i.
677 1458 710 1483 e.
741 1457 789 1482 ex
819 1445 1039 1483 Academia
1070 1458 1177 1482 noua
1207 1446 1248 1482 in
1281 1448 1465 1482 ueterem
1497 1456 1566 1481 re-

101 1499 208 1536 diise
248 1504 291 1536 et
334 1501 373 1537 in
424 1500 635 1552 plerisque
676 1501 856 1540 Stoicum
907 1501 1036 1538 fuisse
1084 1502 1175 1550 (Ac.
1217 1500 1273 1550 ll,
1318 1499 1385 1541 43.
1437 1499 1565 1549 132.),

103 1555 230 1593 Stoici
271 1568 358 1594 cnm
402 1557 657 1596 Academicis
702 1562 744 1595 et
784 1558 1074 1609 Peripateticis
1117 1570 1161 1594 re
1200 1558 1418 1594 concinere
1450 1556 1567 1594 uide-

103 1612 263 1660 bantur,
297 1614 434 1651 uerbis
463 1613 718 1665 discrepare.
759 1614 831 1652 Ac.
873 1614 904 1663 l,
951 1613 1018 1653 12.
1059 1612 1125 1653 43.
1164 1614 1257 1652 Nat.
1301 1614 1424 1651 Deor.
1466 1612 1499 1662 I,
1533 1613 1568 1652 7.

107 1665 171 1706 16.
213 1666 353 1707 Madu.
392 1669 443 1707 de
481 1671 574 1712 Fin‚
607 1670 685 1719 111,
729 1669 769 1710 2.
813 1669 853 1710 5.
894 1669 966 1719 lV,
1006 1669 1047 1708 2.
1082 1671 1151 1709 fin.
1223 1669 1324 1707 Cum
1364 1670 1567 1708 Antiocho

101 1723 246 1760 Cicero
287 1737 357 1762 sex
397 1738 561 1764 menses
603 1726 682 1764 suit
722 1726 900 1764 Athenis
942 1726 1078 1775 (Brut.
1120 1724 1190 1775 91,
1225 1726 1371 1775 305.),
1413 1739 1503 1764 cnm
1546 1738 1568 1762 a

102 1778 195 1820 675.
238 1792 285 1817 eo
319 1783 526 1832 uenisset,
579 1794 708 1832 eoque
745 1781 1008 1819 familiariter
1046 1794 1091 1818 se
1134 1795 1248 1819 nsum
1290 1795 1383 1820 esse
1426 1782 1569 1820 scribit

104 1836 227 1873 etiam
261 1837 326 1875 Ac.
360 1835 397 1887 Ι,
430 1837 470 1877 4.
508 1837 570 1878 13.
633 1839 878 1887 Magistrum
912 1839 1092 1887 Atticus,
1125 1840 1204 1876 etsi
1236 1840 1325 1890 ipse
1358 1851 1449 1876 eum
1495 1851 1568 1875 au-

102 1890 280 1942 diuerat,
322 1906 401 1931 non
443 1894 619 1932 audebat
661 1893 826 1943 dicere,
875 1895 967 1943 quia
1010 1907 1086 1931 nec
1125 1895 1214 1945 ipse
1257 1900 1300 1932 nt
1340 1895 1569 1946 Epicureus

103 1948 190 1984 eius
221 1953 444 2000 praecepta
475 1949 691 1989 admodum
725 1951 924 2002 probabat
962 1954 1004 1988 et
1037 1952 1202 2001 grauius
1234 1950 1276 1989 id
1306 1951 1418 1989 serre
1449 1956 1570 2002 pote-

102 2007 192 2040 rant
222 2005 426 2055 Epicurei.

217 2072 274 2097 ex
304 2063 505 2099 nostris
538 2061 798 2111 hortulis]
870 2062 1098 2112 Epicureos
1140 2067 1303 2101 constat
1341 2067 1567 2102 conuentus

103 2116 295 2155 habuisse
335 2119 376 2155 in
416 2118 538 2156 horto
577 2117 746 2168 Epicuri
786 2122 881 2168 post
922 2119 1077 2155 obitum
1120 2119 1207 2155 eius
1251 2121 1325 2156 uiri
1358 2119 1567 2170 discipulis

101 2170 257 2211 relicto.
327 2173 507 2212 Eosdem
548 2174 715 2225 Epicuri
762 2174 904 2211 hortos
954 2179 1249 2212 commemorat
1301 2174 1353 2212 de
1391 2178 1480 2216 Fin.
1527 2176 1566 2223 l,

106 2226 142 2267 1.
175 2227 214 2269 3.
275 2229 631 2269 Conuellendi
677 2231 846 2268 uerbum
892 2235 1063 2281 propter
1114 2232 1305 2268 iniectam
1355 2233 1566 2270 hortorum

103 2287 352 2324 mentionem
393 2299 589 2339 perquam
631 2286 849 2325 commode
889 2288 936 2324 ab
976 2288 1188 2325 arboribus
1231 2288 1474 2327 translatum
1504 2292 1568 2326 est

103 2340 154 2378 ad
185 2342 388 2382 homines.

215 2398 560 2450 perpaucnlis
591 2399 844 2450 passibus
878 2401 906 2437 i.
949 2412 986 2437 e.
1023 2404 1066 2437 ut
1098 2399 1356 2451 perpauculis
1379 2402 1566 2451 passibus

102 2454 150 2490 ab
194 2454 414 2493 Academia
457 2457 659 2493 abessem.
727 2454 977 2494 insolentius
1028 2456 1231 2494 ablatiuus
1273 2457 1567 2507 interualli,

105 2509 299 2561 frequens
335 2509 405 2549 ille
439 2510 601 2562 quidem
646 2513 685 2549 in
729 2512 864 2549 uerbis
905 2512 1139 2551 distandi
1182 2514 1316 2563 (Virg.
1356 2513 1425 2564 xl,
1467 2514 1564 2555 907.

103 2579 195 2605 nec
247 2566 429 2618 longis
470 2569 610 2605 inter
650 2580 703 2605 se
740 2569 995 2619 passibus
1035 2571 1238 2608 absunt.
1305 2570 1393 2610 Liu.
1435 2572 1567 2621 XLV,

105 2622 215 2674 28),
247 2623 545 2662 deducendi
578 2624 701 2662 uerbo
740 2624 782 2662 h.
823 2622 851 2662 l.
894 2624 1146 2676 adiungitur.
1206 2625 1317 2664 Male
1357 2632 1400 2665 et
1441 2628 1568 2679 wytt.

108 2678 235 2719 audiri
267 2679 355 2718 uult
387 2680 803 2730 deficientibus,
836 2684 878 2718 et
908 2681 1055 2719 Bakins
1087 2688 1299 2734 comparat
1330 2684 1416 2725 Cic.
1448 2685 1567 2723 Verr-

109 2731 142 2786 Ι,
171 2735 241 2777 30.
271 2736 340 2777 75.
373 2738 557 2789 paucis
590 2737 880 2775 sententiis
913 2739 1298 2778 condemnatus
1328 2746 1421 2779 est.
1479 2742 1569 2778 Iloc

107 2798 169 2830 est
212 2794 348 2831 enim:
396 2797 572 2847 „paucis
615 2795 836 2832 sententiis
875 2806 997 2846 supra
1034 2809 1249 2836 numerum
1293 2809 1456 2846 eorum,
1503 2796 1569 2847 qni
