1781 3192
258 194 347 232 176
826 189 894 227 DE
930 188 1159 228 LEGIBUS

261 309 440 345 omtnes
473 302 718 341 feminae.
783 300 892 338 Uere
923 302 1000 339 iam
1023 301 1148 339 Gzius
1181 312 1372 338 omnem
1406 305 1714 342 castitatem

262 375 355 402 esse
388 361 547 397 dixerat
578 357 709 394 omnis
743 358 906 406 generis
939 359 1182 396 castitatem.

378 416 409 465 ξ.
445 413 509 453 30.
571 414 684 450 sine
717 412 815 462 eis]
887 413 973 450 Nec
1012 412 1289 450 necessarium
1333 417 1397 449 est
1437 413 1476 449 in
1517 414 1591 452 hac
1630 417 1719 453 uni—

261 484 381 512 uersa
413 468 674 507 sacerdotum
706 469 874 506 notione
905 468 1280 507 circumscribenda
1319 480 1435 519 pron.
1474 468 1576 519 his,
1615 470 1721 520 quod

261 541 310 567 ex
342 527 445 564 dett.
480 524 598 563 codd.
630 529 877 574 receperunt
908 525 1030 564 Goer.
1065 525 1160 563 sch.
1194 524 1298 562 Mos.
1337 524 1406 563 Or.
1443 524 1604 574 Bakius,
1648 538 1722 563 nec

261 589 414 635 aptum.
477 580 637 619 Deinde
667 593 755 617 cum
790 581 899 618 Man.
935 582 1072 619 Lamb.
1106 581 1205 618 Dan.
1244 593 1292 617 ex
1331 578 1569 618 melioribus
1600 581 1722 619 codd.

261 640 424 678 restitui
458 641 739 688 praesunt3
772 649 861 673 cum
899 637 1005 675 Uict.
1039 642 1080 674 et
1112 636 1323 686 Stephano
1356 636 1589 686 Ernestius,
1624 636 1724 675 reli-

263 697 330 746 qui
360 694 617 746 praesint.
677 692 766 728 lloc
798 692 1049 741 generaliter
1076 692 1314 729 sacerdotes
1347 694 1402 729 ita
1429 691 1636 742 definiret,
1681 696 1724 731 ut

262 764 401 789 eorum
435 750 548 800 quasi
581 746 753 798 qualitas
786 749 982 797 quaedam
1015 748 1304 795 denotaretur3
1337 747 1438 785 illud
1474 762 1612 786 eorum
1647 748 1723 785 de-

262 808 491 845 finitionem
533 818 555 842 a
592 803 751 853 reliqua
792 806 997 842 sententia
1039 804 1285 840 uindicatam
1334 808 1376 841 et
1415 816 1490 854 per
1526 818 1571 842 se
1622 817 1723 842 con-

263 866 422 913 ceptam
458 862 588 911 ponit.
649 860 710 898 Cs.
745 858 823 899 Off.
857 857 896 910 I,
929 860 997 900 25.
1031 858 1099 899 ὃ9.
1133 858 1546 910 optandumque,
1583 865 1636 898 ut
1674 861 1724 910 ii,

265 920 349 968 qui
379 919 661 968 praesunt,
693 914 864 965 legum
895 915 1101 954 similes
1132 920 1274 963 sunt3
1307 921 1348 953 at
1376 922 1516 953 contra
1548 916 1598 954 de
1623 917 1724 966 Leg.

266 971 346 1012 Ill.
395 973 427 1022 ξ
479 972 544 1021 12.
593 973 763 1022 iisque
788 1000 799 1020 ,
850 974 929 1023 qui
979 974 1261 1023 praesint,
1309 973 1578 1010 contineri
1625 985 1726 1010 rem

264 1028 539 1082 publicam.
602 1028 681 1065 Off.
715 1027 746 1076 1,
780 1025 849 1067 39.
887 1026 976 1067 141.
1037 1028 1150 1065 Brut.
1180 1024 1249 1076 49,
1288 1026 1377 1067 lbf).

380 1083 640 1134 religioni
672 1084 933 1134 priuatae]
1005 1082 1264 1134 Religionem
1314 1082 1514 1134 publicam
1553 1085 1594 1121 in
1632 1081 1726 1132 lege

268 1155 358 1180 cum
392 1143 548 1191 priuata
574 1145 931 1178 commemoratam
962 1141 1070 1189 quia,
1106 1138 1212 1190 quod
1244 1139 1284 1177 h.
1306 1137 1335 1177 l.
1371 1139 1470 1177 dicit
1501 1138 1551 1177 de
1574 1138 1727 1190 populo

268 1198 512 1235 auctoritate
550 1196 807 1246 optimatium
848 1208 1012 1246 semper
1051 1195 1287 1245 indigente,
1330 1208 1409 1232 non
1451 1196 1638 1245 attingit,
1685 1196 1726 1232 in

269 1254 543 1304 explicatione
573 1250 676 1300 legIs
709 1253 1004 1301 praetermisit.
1067 1248 1299 1289 Infeliciter
1322 1252 1424 1289 haec
1450 1251 1596 1288 Bakius
1627 1264 1726 1288 con-

265 1310 421 1347 iectura
462 1308 661 1345 tentauit:
698 1308 901 1357 priuati
945 1307 1122 1345 satisf.
1163 1320 1203 1344 n.
1248 1320 1314 1357 p.,
1354 1309 1466 1356 quasi
1498 1320 1595 1343 uero
1627 1305 1728 1343 reli-

266 1365 377 1415 gioni
410 1365 671 1413 magistratus
712 1364 871 1412 possint
909 1362 1166 1400 satisfacere.
1234 1364 1310 1410 Qui
1352 1363 1461 1412 quod
1500 1364 1726 1400 subiectum

268 1420 384 1458 uerbi
415 1420 623 1469 possint
653 1431 734 1455 non
765 1431 965 1469 apparere
999 1417 1117 1467 dixit,
1150 1419 1228 1454 nisi
1260 1420 1461 1468 priuati
1500 1419 1728 1468 corrigere-

268 1481 360 1524 tur,
392 1488 472 1512 non
506 1473 686 1511 attendit
713 1473 953 1512 homines
985 1472 1184 1523 intelligi,
1228 1486 1327 1522 quos
1360 1473 1511 1511 deinde
1540 1473 1729 1525 populi

267 1531 434 1570 nomine
467 1528 699 1581 appellauit.
749 1530 834 1568 Nec
859 1544 954 1568 uero
978 1531 1240 1581 priuatam
1272 1528 1589 1580 religionem
1611 1535 1730 1567 recte

268 1589 435 1638 negauit
467 1586 548 1623 dici
578 1585 718 1625 latine.

385 1643 636 1681 continet
684 1644 818 1679 enim
867 1641 1040 1693 remp]
1117 1641 1185 1679 Sic
1236 1645 1349 1678 recte
1391 1654 1479 1678 cum
1522 1639 1641 1678 codd.
1688 1644 1730 1677 et

268 1698 458 1752 plurimis
493 1703 534 1735 et
566 1699 730 1749 optimis
763 1699 875 1735 Man.
910 1699 979 1735 Or.
1019 1698 1165 1735 Bakius
1206 1695 1338 1747 (idem
1381 1696 1598 1733 Schuetzio
1639 1694 1728 1746 pla-

273 1752 381 1808 cuit)
406 1756 445 1791 in
470 1755 574 1791 hanc
601 1755 874 1790 sententiam:
907 1754 1113 1802 „consilio
1137 1758 1178 1789 et
1195 1752 1435 1789 auctoritate
1459 1753 1728 1802 optimatium,

274 1824 441 1862 quorum
476 1812 514 1847 in
550 1822 718 1847 numero
753 1814 869 1846 erant
900 1808 1152 1857 sacerdotes,
1185 1820 1348 1859 semper
1381 1820 1504 1857 egere
1534 1806 1727 1858 populum

273 1872 480 1905 sustentat
525 1879 612 1903 rem
665 1864 916 1916 publicam“.
996 1861 1043 1902 In
1103 1862 1275 1902 eandem
1332 1864 1577 1901 sententiam
1625 1875 1730 1899 rem

272 1922 541 1974 publicam
575 1923 861 1959 continere
892 1919 1044 1958 dicitur
1074 1920 1161 1958 Cic.
1194 1919 1274 1957 Off.
1299 1919 1349 1969 ll,
1381 1918 1450 1959 24.
1481 1917 1550 1959 84.
1583 1917 1731 1955 simili·
1780 1934 1781 1937 ¹

272 1984 418 2029 terque
458 1979 615 2015 uitam
658 1977 941 2014 continere
982 1977 1035 2014 de
1064 1977 1157 2014 Fin.
1193 1975 1223 2024 l,
1262 1973 1300 2014 4.
1346 1975 1410 2015 12.
1453 1975 1731 2012 amicitiam

274 2034 388 2073 Lael.
421 2033 460 2083 6,
495 2034 562 2073 20.
623 2033 783 2083 Reliqui
816 2033 925 2070 sere:
959 2035 1197 2070 continet
1227 2032 1360 2068 enim
1386 2032 1461 2068 rei
1485 2029 1732 2082 publicae

276 2089 509 2128 consilio
542 2094 622 2128 cet.
685 2089 727 2126 ln
761 2101 839 2138 quo
872 2089 1046 2139 primum
1086 2086 1345 2125 incommode
1383 2089 1617 2125 nominatur
1654 2086 1732 2122 rei
1780 2134 1781 2140 ἵ

274 2145 521 2197 publicae
563 2143 873 2191 consilium3
918 2143 1070 2181 deinde
1108 2144 1388 2180 continere
1425 2155 1501 2180 nec
1538 2142 1732 2179 substan-
1779 2144 1781 2177 ἓ

276 2203 363 2240 tiuo
396 2200 535 2237 addito
569 2204 631 2247 (ut
663 2200 728 2238 111.
758 2200 787 2249 ξ.
821 2198 909 2245 38.)
944 2212 1022 2237 nec
1048 2199 1289 2250 pronomine
1321 2196 1546 2237 demonstr.
1567 2197 1730 2248 generis

278 2257 465 2295 neutrius
497 2268 638 2306 parum
667 2260 780 2292 recte
813 2255 964 2293 dicitur
994 2269 1067 2307 pro
1098 2254 1434 2304 significare,
1467 2253 1731 2304 quemadmo-

279 2313 372 2350 dum
404 2312 532 2361 Wytt.
562 2324 650 2348 cum
684 2310 774 2349 aliis
818 2310 1037 2361 explicauit
1074 2317 1115 2348 et
1159 2308 1348 2359 explicari
1386 2322 1558 2347 necesse
1601 2312 1730 2356 esset,

277 2370 311 2406 si
340 2369 421 2405 rei
444 2366 685 2419 publicae
710 2368 963 2417 probaretur.
995 2368 1093 2404 Dau.
1119 2367 1294 2403 coniecit
1317 2367 1562 2403 continet
1583 2365 1730 2412 enim,

278 2436 431 2475 remp.
464 2422 693 2460 consilio
728 2428 774 2459 et
806 2429 939 2462 auct.
974 2428 1078 2474 opt.
1112 2434 1319 2472 semper
1358 2421 1598 2472 indigere
1635 2433 1730 2457 sen-

276 2480 406 2517 tentia
439 2477 564 2517 Tullii
596 2480 724 2515 menti
757 2481 974 2516 contraria.

395 2534 655 2586 praesint]
709 2534 840 2571 codd.
867 2535 894 2570 B
919 2535 950 2572 C
974 2533 1054 2572 Gd.
1075 2533 1113 2573 2.
1147 2547 1180 2574 α
1205 2532 1239 2585 β
1261 2543 1295 2584 γ
1325 2534 1593 2583 praesunt,
1622 2529 1732 2580 quod

275 2591 317 2628 in
347 2589 516 2628 consilio
547 2590 813 2640 significando
846 2587 909 2642 (u.
938 2590 969 2640 §.
994 2586 1087 2640 20.)
1118 2587 1231 2627 nullo
1254 2593 1372 2639 pacto
1388 2591 1530 2638 potest
1551 2587 1730 2636 probari.

391 2645 449 2682 ad
482 2646 918 2696 interpretanda]
982 2647 1114 2683 Uetus
1139 2646 1231 2683 cod.
1254 2644 1364 2682 arch.
1383 2641 1576 2680 mendum
1601 2642 1731 2679 fuisse

277 2702 462 2739 existimo
507 2702 991 2752 interpretandam3
1029 2700 1136 2738 unde
1173 2702 1212 2738 in
1250 2699 1338 2737 aliis
1375 2698 1496 2736 codd.
1539 2698 1728 2735 effectum

277 2762 341 2795 est
369 2756 864 2808 interpretandum,
896 2759 937 2795 in
974 2757 1063 2795 aliis
1092 2754 1515 2807 interpretanda.
1576 2754 1664 2791 Hoc
1689 2759 1731 2790 ut
