1781 3192
210 202 271 240 80
785 198 855 237 DE
885 197 1117 237 LEGIBUS

213 316 394 363 ciuntur,
427 324 497 350 sua
529 314 678 361 sponte
710 308 814 348 falsa
843 323 936 348 esse
966 313 1096 362 patet.
1160 307 1512 359 Quemadmodum
1540 314 1676 348 autem

213 375 401 411 testem
433 365 619 405 falsum
651 368 950 405 subornare
984 367 1087 404 dixit
1117 379 1191 417 pro
1226 366 1348 404 Rosc.
1373 365 1488 404 Com.
1518 366 1582 416 17,
1614 367 1680 406 51.

215 433 258 467 et
298 429 489 464 testem
536 423 719 460 fictum
759 425 1054 462 subornare
1092 435 1165 472 pro
1206 422 1327 460 Caec.
1369 421 1439 471 25,
1473 422 1542 472 71,
1580 421 1682 460 licet

215 496 290 537 pro
323 482 458 519 Deiot.
493 477 631 528 6,17.
664 479 776 516 dicat
807 479 1060 517 medicum
1092 477 1322 516 indicem
1366 479 1680 516 subornare:

215 543 273 578 ita
313 550 366 575 ne
405 536 484 573 hoc
530 534 692 585 quidem
737 534 828 574 loco
868 535 1117 573 adiectiuum
1155 547 1202 572 ex
1232 533 1471 585 pleonasmo
1505 533 1680 585 quodam

217 594 401 633 additum
432 604 507 642 ego
549 591 853 641 damnauerim,
894 592 1015 642 idque
1057 595 1170 628 recte
1215 591 1494 628 defenderunt
1524 590 1676 628 Bakius

218 656 260 690 et
290 650 503 697 Krausius,
535 661 625 685 cum
651 649 756 686 Mos.
783 649 874 686 Sch.
898 648 1078 686 Orellius
1111 648 1149 684 in
1181 650 1426 686 contrariam
1453 647 1680 686 Goerenzii

217 707 482 754 sententiam,
515 703 616 741 alius
649 704 728 742 alio
759 706 888 755 inagis
920 704 1206 742 inclinassent.

334 764 377 802 si
416 763 537 799 haec
575 760 957 812 probarentur]
1025 762 1113 798 Non
1155 761 1389 797 continetur
1426 759 1490 798 liis
1530 760 1685 809 uerbis,

218 825 263 860 ut
301 820 450 858 Bakius
490 818 568 866 ait,
612 818 777 856 iteratio
819 816 1066 855 conditionis
1106 816 1412 868 praecedentis.
1488 816 1686 868 Superior

220 875 402 917 conditio
439 873 642 925 generalis
682 880 767 923 est,
806 876 1014 925 posterior
1054 872 1264 925 specialis·
1334 872 1518 922 Utraque
1559 873 1687 922 igitur

221 946 323 986 opus
356 935 434 971 est.
495 930 598 968 Nam
631 931 793 968 etiamsi
824 928 1069 982 populorum
1102 930 1227 966 iussis
1259 930 1301 966 in
1336 930 1573 968 uniuersum
1596 930 1688 967 iura

221 991 586 1038 constituerentur,
619 1000 700 1024 non
733 988 812 1024 iam
843 988 905 1024 ius
939 992 1051 1024 esset
1079 985 1334 1035 latrocinari,
1365 986 1443 1022 nisi
1463 987 1583 1023 etiam
1608 986 1687 1024 hoc

220 1050 356 1100 ipsum
394 1043 631 1082 latrocinari
671 1045 733 1081 ius
778 1055 872 1081 esse
913 1044 1119 1093 suffragiis
1161 1046 1229 1080 aut
1267 1044 1381 1080 scitis
1412 1041 1687 1080 multitudinis

220 1105 479 1157 probaretur.
540 1101 627 1139 Cic.
669 1113 743 1152 pro
774 1100 896 1138 Rosc.
938 1101 1010 1137 Am
1068 1096 1101 1148 l,
1143 1099 1182 1138 2.
1226 1100 1268 1136 si
1309 1099 1418 1149 quis
1460 1100 1684 1136 istorum

224 1161 474 1208 dixisset,
506 1170 633 1208 quos
667 1155 873 1195 uidetis
916 1155 1138 1204 adesse,
1176 1155 1226 1192 in
1268 1155 1454 1205 quibus
1496 1167 1690 1192 summa

225 1215 522 1256 auctoritas
557 1218 658 1262 est,
692 1215 734 1250 si
766 1214 979 1251 uerbum
1010 1212 1073 1250 de
1106 1224 1161 1248 re
1193 1210 1404 1261 publica
1436 1210 1688 1260 fecisset,

223 1273 385 1313 multo
427 1270 579 1322 plura
625 1270 854 1318 dixisse,
892 1282 1035 1319 quam
1090 1267 1345 1316 dixisset,
1392 1270 1688 1317 putaretur.

224 1331 330 1370 Uide
360 1327 504 1367 Mada.
538 1326 591 1364 de
621 1327 716 1364 Fin.
750 1326 782 1376 l,
815 1325 854 1365 3.
889 1325 928 1364 7.
980 1323 1100 1364 Halm
1129 1337 1203 1375 pro
1229 1324 1339 1361 Sest.
1367 1335 1405 1374 p.
1428 1321 1518 1363 160.

336 1386 371 1435 ᾗ.
410 1382 480 1423 44.
555 1382 745 1433 quodsi
791 1383 957 1433 tanta]
1034 1382 1162 1419 Lbino
1213 1383 1383 1430 excepto
1435 1384 1478 1417 et
1526 1380 1690 1418 Dauisio

222 1442 370 1493 reliqui
403 1451 452 1477 ex
483 1438 758 1476 deterioribus
790 1436 912 1477 codd.
943 1441 1192 1488 receperunt
1223 1447 1355 1486 quae
1386 1437 1451 1485 si,
1494 1441 1539 1474 ut
1576 1440 1691 1475 tanta

226 1499 300 1539 illa
331 1499 516 1550 potestas
547 1495 627 1533 iam
659 1496 738 1545 eis,
771 1507 873 1545 quae
896 1493 1164 1546 praecedunt,
1199 1491 1403 1530 declarata
1429 1503 1522 1530 esse
1547 1492 1691 1531 uidea-

226 1563 292 1596 tur
323 1554 545 1603 uerbisque
577 1563 704 1603 quae
736 1555 891 1588 tanta
924 1550 1098 1588 addatur
1129 1549 1401 1601 epexegesis:
1431 1552 1485 1586 ut
1515 1561 1692 1588 eorum

226 1611 519 1660 suffragiis
550 1606 722 1646 rerum
764 1613 949 1645 natura
987 1611 1246 1645 uertatur.
1305 1605 1358 1643 At
1395 1617 1483 1642 cum
1525 1617 1574 1644 ex
1614 1608 1692 1656 eis,

229 1681 331 1721 quae
357 1665 627 1718 praecedunt,
662 1666 916 1716 temporibus
947 1664 1203 1715 imperfectis
1238 1661 1415 1711 eluceat,
1448 1661 1692 1701 Ciceronem

226 1726 349 1766 iussis
382 1722 625 1775 populorum
659 1721 918 1771 iudicumque
950 1720 1168 1758 sententiis
1199 1731 1279 1755 non
1308 1721 1460 1755 tantam
1493 1720 1691 1757 tribuisse

227 1784 494 1837 potestatem,
526 1792 605 1816 non
640 1777 804 1816 dubium
838 1782 917 1827 est,
949 1778 1042 1827 quin
1075 1775 1289 1813 meliorum
1322 1774 1506 1812 codicum
1549 1779 1692 1812 aucto-

227 1839 340 1880 ritati
382 1838 435 1875 sit
480 1835 874 1886 obtemperandum,
908 1846 956 1871 ex
990 1833 1133 1883 quibus
1165 1836 1301 1868 tamen
1338 1829 1606 1879 A1311.65.,
1648 1834 1694 1868 ut

230 1907 372 1947 saepe,
403 1893 580 1931 correcti
610 1896 705 1929 sunt
735 1904 783 1929 ex
815 1890 1106 1928 deterioribus.
1176 1885 1320 1938 Itaque
1361 1899 1440 1923 non
1482 1888 1694 1925 continuat

229 1951 392 1993 Tullius
424 1948 595 1987 eandem
630 1948 1043 1998 argumentationem,
1083 1944 1125 1983 id
1158 1944 1265 1995 quod
1299 1943 1425 1981 Bakio
1454 1956 1693 1995 persuasum

227 2012 319 2061 fuit,
365 2006 440 2045 sed
471 2004 737 2058 progreditur
766 2006 806 2042 in
840 2001 1176 2054 argumentando,
1209 2005 1254 2039 ut
1285 1998 1398 2039 Lael.
1431 1998 1472 2051 9,
1505 1997 1571 2040 29.
1633 2000 1694 2038 De

228 2065 417 2119 quodsi
446 2063 542 2101 uide
571 2062 695 2111 Sej‘fl‘.
731 2061 779 2099 ad
812 2060 925 2099 Lael.
959 2074 1000 2111 p.
1040 2059 1130 2099 150.
1164 2072 1203 2109 p.
1238 2055 1331 2097 478.

344 2125 394 2159 et
425 2117 602 2167 salut.]
664 2118 745 2155 Pro
787 2122 892 2168 part.
934 2130 986 2154 ac
1027 2115 1158 2152 adhuc
1202 2112 1365 2163 uulgata
1405 2124 1453 2149 ex
1504 2110 1693 2165 plurimis

232 2185 275 2219 et
306 2177 472 2230 optimis
505 2174 715 2212 codicibus
747 2186 838 2211 cum
870 2173 981 2210 Uict.
1019 2176 1061 2209 et
1078 2170 1214 2208 ‘Bakio
1246 2169 1407 2206 restitui
1441 2172 1502 2207 et.

346 2236 438 2272 aut
468 2243 575 2269 cum
610 2231 687 2268 ius
721 2242 775 2267 ex
806 2228 1020 2278 iniuria]
1082 2227 1141 2266 Ad
1161 2224 1362 2264 Orellium
1390 2237 1520 2276 usque
1553 2237 1695 2263 omnes

233 2291 481 2338 ediderunt,
519 2286 628 2338 quod
660 2292 724 2324 est
754 2287 793 2323 in
826 2285 1033 2338 plerisque
1066 2283 1253 2322 codicum
1297 2281 1570 2320 deteriorum:
1611 2286 1696 2319 aut

234 2362 346 2397 cur,
394 2358 498 2384 cum
551 2344 864 2382 ‹wc-iniuria.
937 2340 1055 2390 Quod
1099 2353 1173 2391 per
1210 2351 1255 2377 se
1296 2339 1429 2389 ipsum
1470 2351 1551 2376 non
1597 2351 1697 2376 sane

233 2407 382 2454 habet,
416 2400 524 2453 quod
554 2399 908 2450 reprehendatur,
953 2399 1030 2435 nisi
1063 2397 1170 2448 quod
1200 2394 1439 2448 particulam
1483 2407 1570 2433 cur
1599 2407 1695 2432 sen-

237 2463 392 2501 tentiae
434 2458 650 2510 primariae
691 2457 861 2507 praefigi
908 2453 1130 2503 malueris,
1178 2459 1222 2491 ut
1268 2453 1334 2490 hic
1379 2454 1432 2489 sit
1479 2453 1692 2490 uerborum

235 2518 363 2558 ordo:
405 2519 492 2553 aut
534 2525 639 2552 cum
683 2515 762 2550 ius
806 2526 859 2550 cx
902 2511 1099 2549 iniuria
1146 2509 1228 2547 lex
1274 2509 1451 2546 facere
1500 2507 1691 2559 possit,

235 2589 326 2615 cur
356 2574 542 2612 bonum
579 2574 658 2607 cet.
717 2569 769 2607 At
808 2582 906 2607 uero
945 2581 1037 2605 cum
1071 2566 1191 2605 codd.
1225 2564 1417 2603 meliores
1454 2561 1512 2618 (E
1543 2561 1693 2600 mendo

235 2629 435 2685 peculiari
466 2628 506 2666 h.
540 2625 569 2664 l.
602 2627 838 2676 inquinatus
881 2622 970 2677 est)
1009 2637 1099 2661 cum
1144 2620 1379 2674 quibusdam
1422 2620 1695 2657 deterioribus

235 2683 437 2741 particula
484 2696 576 2722 cur
624 2684 772 2720 omissa
822 2683 923 2720 haec
971 2681 1173 2718 habeant:
1222 2682 1306 2717 aut
1354 2689 1460 2715 cum
1507 2677 1590 2713 ius
1638 2686 1698 2712 ex

235 2743 437 2784 iniuria
468 2739 550 2777 lex
579 2739 757 2776 facere
789 2739 991 2790 possit,
1021 2738 1203 2774 bonum
1238 2732 1410 2772 eadem
1452 2737 1551 2782 eet„
1595 2732 1697 2768 haec

235 2802 370 2855 potius
403 2798 613 2837 Ciceronis
647 2808 737 2834 esse
770 2795 919 2834 iudicio
953 2800 995 2833 et
1034 2793 1188 2831 curin
1227 2791 1504 2828 deterioribus
1543 2789 1698 2841 pariter

1769 3174 1781 3189 ἶ
1769 3139 1770 3164 Αᾼ
