1781 3192
264 201 353 239 150
830 203 900 241 DE
932 203 1166 242 LEGIBUS

376 316 424 352 in
459 315 738 353 ueteribus
765 314 858 366 XH]
924 316 1085 354 [nuceta
1118 319 1183 354 est
1214 314 1355 352 mendi
1390 327 1445 353 ex
1475 317 1575 367 his,
1617 317 1723 368 quod

264 372 303 407 in
338 371 429 408 cod.
463 371 572 409 arch.
608 370 702 420 fuit,
736 373 935 409 correctio
961 373 1162 410 Schefl'eri
1194 376 1413 409 senatus
1436 372 1722 420 consultis&

264 440 341 464 nec
382 426 592 477 probabile
635 432 699 464 est
731 427 913 465 Turnebi
954 430 1168 466 inuentum
1212 441 1232 464 a
1265 427 1368 465 Gzio
1405 426 1612 465 laudatum
1644 442 1722 466 re-

264 484 390 531 giis3
433 495 509 519 nec
541 484 650 519 enim
682 483 892 533 codicum,
925 488 968 521 ut
996 498 1068 535 par
1099 489 1186 532 est,
1224 485 1371 520 nititur
1403 485 1614 534 uestigiis,
1647 497 1723 521 nec

266 539 349 575 ueri
385 538 521 576 simile
554 544 619 576 est
649 541 871 590 principem
906 539 1038 590 legum
1072 541 1229 577 sontem
1259 553 1279 577 a
1305 540 1506 577 Cicerone
1534 545 1722 590 praeter-

264 596 430 632 missum
479 608 571 632 esse
616 601 658 632 et
702 598 952 634 nominatum
1001 610 1124 644 eum,
1171 597 1284 633 cuius
1332 596 1541 633 Ciceronis
1588 601 1723 633 aetate

265 664 361 689 usus
407 652 484 689 iam
538 650 673 688 nullus
728 658 854 690 esset.
934 653 1162 702 Utrumque
1213 652 1513 689 incommodum
1564 652 1723 690 tollitur

262 705 470 757 praeclara
509 708 626 745 Lbini
669 714 711 746 et
747 708 899 745 Cuiacii
941 710 1173 747 coniectura
1206 708 1292 757 ΧΙΙ,
1337 713 1492 745 tentata
1531 707 1601 746 illa
1643 710 1721 745 iam

262 764 302 800 in
345 764 466 801 codd.
509 763 544 814 β
585 769 627 801 et
666 773 724 812 7f3
769 765 877 801 unde
916 760 1118 815 quomodo
1171 776 1228 800 ex
1280 765 1348 801 iis
1403 763 1468 801 uel
1516 764 1722 815 frequenti

265 821 478 869 utriusque
510 821 668 857 formae
699 819 941 858 confusione
973 834 1030 858 ex
1062 822 1167 857 hiis
1210 822 1322 857 nasci
1360 823 1564 870 potuerit,
1604 833 1722 871 prae-

265 877 405 912 sertim
452 883 653 927 sequente
691 875 830 913 littera
871 890 914 926 s,
956 875 1170 914 intellectu
1211 875 1334 914 facile
1374 882 1449 915 est.
1516 878 1721 924 Beierum,

265 932 329 981 qui
363 931 410 968 ad
445 932 521 972 Off.
555 932 598 969 ΙΙ.
632 945 670 983 p.
704 930 800 972 394.
844 945 902 970 ex
937 934 1210 970 ueteribus
1243 932 1358 970 illis
1393 934 1722 983 sacratisque

266 989 458 1037 coniecit,
493 990 570 1026 hoc
602 989 705 1039 sugit
738 989 807 1027 xl!
840 988 998 1027 tabulas
1029 1002 1168 1039 parum
1202 994 1314 1026 recte
1352 989 1595 1039 simpliciter
1625 1001 1722 1040 pro-

264 1045 430 1081 nomine
476 1047 716 1094 monstrari,
763 1059 852 1083 cum
896 1046 1079 1096 reliquae
1119 1044 1233 1094 leges
1286 1047 1373 1095 ipso
1425 1046 1589 1083 nomine
1642 1046 1723 1083 sint

265 1099 510 1151 appellatae.
571 1102 818 1139 Peruersius
857 1104 980 1139 etiam
1020 1102 1237 1151 Zumptius
1282 1103 1460 1138 coniecit
1493 1103 1574 1140 iis.
1636 1101 1721 1138 Sa-

264 1157 426 1194 cratis
466 1164 599 1195 autem
634 1156 809 1207 legibus,
849 1159 926 1195 etsi
965 1155 1280 1207 antiquioribus,
1320 1162 1491 1207 propter
1527 1158 1722 1194 maiorem

264 1215 443 1264 ipsarum
477 1215 720 1263 grauitatem
753 1219 1064 1265 praeponuntur
1105 1212 1264 1251 tabulae
1297 1214 1383 1251 ΧΗ.
1431 1213 1493 1251 (31¹.
1530 1214 1558 1251 l.
1590 1213 1620 1262 χῖ.
1655 1210 1721 1251 59.

265 1269 376 1306 ldem
420 1268 572 1307 sactum
616 1270 800 1307 uidemus
841 1270 893 1307 de
925 1271 1004 1307 Oll'.
1037 1266 1116 1319 ΙΙΙ,
1150 1269 1219 1308 31.
1257 1269 1348 1308 111.
1410 1269 1545 1319 Leges
1586 1275 1720 1306 autem

264 1331 513 1363 sacratae
544 1339 624 1363 non
658 1327 752 1363 ideo
784 1325 1057 1377 appellantur,
1100 1328 1191 1376 quia
1224 1326 1262 1362 in
1311 1330 1448 1362 monte
1481 1338 1595 1362 sacro
1642 1325 1723 1362 sint

265 1382 403 1419 editae
434 1403 490 1410 -—
520 1394 610 1418 nam
645 1387 811 1432 praeter
840 1384 940 1418 istas
971 1380 1109 1432 plures
1142 1383 1263 1418 etiam
1298 1380 1402 1418 aliae
1438 1381 1553 1431 leges
1586 1394 1722 1418 sacra-

266 1444 332 1475 tae
364 1445 753 1487 counnemorantur‚
788 1442 830 1475 ut
859 1438 1028 1474 Horatia
1061 1438 1171 1483 (Liu.
1206 1436 1274 1486 ΙΙΙ,
1307 1437 1418 1486 55),
1456 1434 1576 1474 Icilia
1614 1438 1722 1485 (Liu.

267 1489 345 1543 ΙΙΙ,
378 1493 481 1543 2().),
513 1492 579 1531 lex
612 1500 770 1531 sacrata
801 1494 988 1531 militaris
1021 1493 1128 1539 (Liu.
1163 1493 1249 1542 VH,
1281 1491 1386 1543 41),
1427 1493 1501 1531 sed
1539 1506 1627 1531 eam
1673 1494 1722 1530 ob

266 1563 444 1598 causam,
486 1551 576 1600 quia
609 1555 730 1600 caput
759 1552 863 1599 eins,
907 1551 971 1601 qui
1006 1554 1146 1587 contra
1178 1549 1365 1598 fecisset,
1387 1561 1562 1587 'sacrum
1598 1554 1723 1587 esset.

266 1606 328 1643 (Js.
360 1606 473 1644 Fest.
506 1620 548 1657 p.
587 1605 662 1646 14'5
697 1612 738 1644 et
769 1607 866 1647 251.
901 1607 967 1644 ed.
997 1606 1114 1644 Lind.
1149 1607 1293 1644 Plures
1326 1607 1414 1644 eius
1445 1608 1504 1643 rei
1537 1611 1724 1644 auctores

263 1662 403 1700 laudat
451 1662 571 1700 llalm
622 1675 695 1713 pro
738 1663 846 1701 Sest.
886 1664 934 1713 7,
980 1662 1042 1702 16.
1110 1663 1258 1709 'Prisca
1307 1664 1521 1700 uerborum
1568 1663 1608 1700 iu
1655 1662 1723 1699 λΙΙ

265 1724 446 1756 uetustas
479 1720 602 1756 etiam
636 1718 687 1756 de
720 1720 791 1757 Or.
825 1719 856 1768 Ι,
888 1718 956 1760 43.
995 1718 1084 1758 193.
1117 1725 1473 1756 commemoratur.

379 1788 483 1812 eum
524 1788 715 1812 morem
767 1781 845 1813 cet.
892 1777 919 1814 i.
960 1788 996 1812 e.
1047 1788 1136 1812 eum
1190 1788 1343 1811 morem
1389 1772 1607 1826 (similiter
1644 1773 1722 1810 dici

265 1833 336 1869 ()r.
377 1831 439 1881 11,
473 1831 540 1871 36.
577 1845 893 1869 communem
929 1844 1111 1869 morem
1147 1831 1421 1868 uerborum
1455 1830 1603 1867 Bakius
1636 1831 1724 1867 ani-
1780 1871 1781 1875 Ἰ

265 1886 510 1941 maduertit)
548 1889 605 1925 ita
645 1901 872 1937 consequar
912 1886 1127 1938 (similiter
1160 1886 1236 1925 Off.
1272 1882 1312 1935 Ι,
1345 1886 1410 1926 32.
1447 1885 1537 1927 116.
1570 1887 1725 1924 insti-

262 1948 434 1981 tutum
468 1946 739 1994 consequi.
802 1944 918 1982 Brut.
959 1944 1030 1992 82,
1073 1942 1170 1983 284.
1210 1943 1506 1980 exilitatem
1549 1942 1610 1979 de
1649 1944 1726 1980 in-

268 1999 475 2037 dustria
507 2002 778 2051 consequi.
821 2000 873 2038 de
905 2001 998 2038 Fin.
1040 2000 1068 2049 Ι,
1106 2000 1167 2040 10.
1201 1998 1271 2038 33.
1314 2000 1403 2037 Nat.
1436 2001 1554 2039 Deor.
1590 1995 1624 2048 Ι,
1660 1998 1726 2038 15.
1778 1987 1781 2037 Ι

267 2056 411 2109 extr.)‚
446 2062 488 2093 ut
519 2055 641 2094 simul
666 2058 867 2094 ‘breuitati
901 2056 1107 2094 studeam.
1169 2055 1393 2092 Commode
1418 2055 1563 2093 Bakius
1587 2055 1728 2092 laudat

265 2114 351 2150 Cic.
385 2113 436 2149 de
466 2113 542 2152 Off.
578 2114 607 2161 l,
641 2112 704 2151 13.
737 2112 802 2151 4¹0.
836 2115 997 2149 itane
1030 2112 1195 2148 hostis
1228 2111 1425 2161 quidem
1460 2115 1509 2148 et
1539 2116 1726 2162 poten-

266 2170 334 2205 tis
388 2172 440 2204 et
492 2168 690 2205 bellum
753 2168 894 2205 ultro
940 2168 1239 2204 inserentis
1286 2167 1568 2205 interitum
1615 2180 1724 2204 cum

267 2223 476 2261 scelere
506 2226 822 2274 approbauit
853 2225 881 2264 i.
906 2237 938 2262 e.
963 2225 1035 2272 ita,
1062 2230 1101 2260 ut
1129 2222 1263 2260 scelus
1288 2222 1407 2260 simul
1431 2225 1725 2272 committeret,

267 2282 454 2330 quoniam
506 2280 668 2329 quidem
724 2283 812 2318 sine
859 2280 1018 2317 scelere
1070 2280 1232 2329 probari
1271 2293 1351 2316 non
1392 2281 1538 2330 potuit.
1608 2279 1726 2317 Adde

269 2338 391 2374 Tusc.
435 2337 465 2385 l,
509 2334 574 2375 49.
624 2336 713 2375 116.
786 2335 895 2373 Male
935 2336 1078 2384 Wagu.
1123 2334 1235 2372 illam
1277 2336 1530 2386 antiquarum
1569 2334 1724 2386 legum,

267 2406 364 2444 quas
397 2393 594 2441 imitetur,
628 2394 873 2430 breuitatem
907 2391 1117 2442 intelligit.

381 2450 423 2486 si
454 2449 700 2500 potuero]
762 2450 821 2486 Ex
859 2448 1096 2486 melioribus
1128 2446 1246 2486 codd.
1281 2460 1369 2485 cum
1405 2447 1549 2499 steph.
1581 2452 1623 2485 et
1653 2447 1724 2486 Or.
1778 2479 1779 2484 ,

267 2507 428 2543 restitui
475 2508 709 2556 potuero.
787 2507 957 2543 Romani
1012 2517 1137 2555 saepe
1191 2509 1232 2542 et
1286 2509 1613 2554 potestatem
1665 2504 1723 2540 rei
1776 2523 1778 2538 τ

268 2562 481 2599 faciendae
527 2565 570 2598 et
610 2560 945 2599 uoluntatem
995 2561 1157 2598 suturae
1208 2561 1357 2598 actioni
1403 2559 1724 2611 praecedentem

1775 2573 1777 2594 1

267 2618 317 2656 ad
362 2631 532 2667 eamque
571 2618 795 2668 perfectam
838 2623 977 2655 mente
1019 2618 1272 2668 concipiunt.
1320 2616 1383 2653 cf.
1422 2616 1520 2664 Leg.
1568 2612 1624 2664 ΙΙ,
1661 2617 1725 2654 Ιὸ.
1774 2642 1776 2666 f

267 2673 331 2713 45.
368 2675 479 2710 Brut.
513 2675 554 2722 ὦ,
586 2675 651 2712 21.
686 2674 738 2711 de
770 2675 874 2725 step.
911 2675 939 2723 Ι,
971 2672 1038 2713 46.
1072 2673 1123 2710 ad
1155 2674 1233 2711 Att.
1267 2672 1335 2720 xl,
1367 2670 1432 2711 23.
1467 2671 1503 2710 3v
1539 2670 1653 2708 Klotz
1676 2670 1725 2708 ad
1772 2670 1775 2716 j

269 2732 394 2768 Tusa.
423 2727 457 2778 l,
488 2728 556 2768 43.
599 2730 688 2769 nm.
749 2728 886 2779 Quid?
921 2730 1024 2780 quod
1053 2729 1111 2766 vad
1138 2731 1250 2767 Fam.
1281 2728 1346 2776 M,
1378 2728 1438 2767 11.
1471 2728 1511 2767 2.
1544 2728 1724 2765 suturiun
1771 2742 1775 2780 Ι

271 2792 433 2837 tempus
477 2788 610 2836 priore
654 2785 744 2823 loeo
784 2789 958 2837 positum
992 2788 1176 2837 sequitur
1208 2784 1356 2822 deinde
1391 2785 1460 2822 sut.
1494 2788 1622 2822 exact.
1657 2782 1725 2835 (si
1763 2773 1774 2841 ΙΙ

1761 2849 1771 2902 3

1760 2908 1765 2965 ἔ

1760 2971 1770 3017 ⁴3,

1759 3051 1769 3111 3

1759 3105 1761 3122 Ι

1757 3180 1760 3192 .
