1781 3192
251 225 336 263 118
819 227 889 265 DE
920 226 1151 266 LEGIBUS

251 351 338 375 cum
371 339 578 388 proprium
610 335 825 387 laudes,
858 351 931 389 pro
964 352 1041 390 quo
1074 339 1176 377 Dan.
1212 341 1356 389 inepte
1384 352 1538 378 uoces
1570 345 1712 381 conie-

250 395 305 431 cit
382 394 486 430 Sunt
519 401 738 444 praecepta
769 394 970 432 salutis
1002 401 1053 432 et
1084 393 1254 432 landis
1287 407 1350 444 ea,
1382 398 1528 445 quibus
1555 399 1711 436 ciuibus

250 448 358 486 salus
389 454 430 486 ct
461 449 548 486 laus
582 454 762 500 paretur.
826 450 932 488 Laus
965 455 1099 488 autem
1133 451 1174 488 h.
1198 451 1228 489 1.
1260 463 1341 488 non
1373 456 1451 490 tam
1485 459 1550 491 est
1580 453 1712 491 hone-

249 505 367 542 statis
401 502 497 556 (pro
529 505 650 544 Arch.
685 506 725 555 7,
762 506 826 545 15.
859 505 901 556 6,
941 504 1047 557 14.),
1081 520 1200 557 quam
1232 508 1329 544 boni
1361 509 1480 549 ciuis.

362 560 614 612 factaque
647 567 697 599 et
729 563 995 614 consulta]
1056 563 1146 600 Etsi
1178 562 1271 600 alibi
1304 564 1541 602 historicam
1583 569 1712 603 artem

250 628 337 652 cum
371 619 549 655 oratoria
581 622 668 655 arte
701 619 956 656 coniunctam
993 632 1086 656 esse
1121 618 1222 656 dicit
1249 616 1328 671 (cf.
1364 620 1393 668 i,
1424 621 1456 670 Q.
1490 620 1527 660 5.
1561 620 1613 658 de
1646 621 1714 659 Or.

248 667 304 720 II,
338 670 376 711 9.
409 671 530 726 36.),
569 679 704 711 tamen
752 674 875 711 Bakio
918 676 1144 724 assentior,
1189 676 1256 725 qui
1296 675 1396 713 haec
1437 689 1515 714 non
1556 676 1606 714 ad
1644 690 1712 714 re-

246 741 333 765 rum
377 731 646 781 scriptionem
700 743 788 767 cum
843 730 1071 780 Turnebo,
1118 731 1192 768 sed
1243 730 1294 768 ad
1347 735 1520 770 oratoris
1568 745 1712 769 munus

245 784 465 823 referenda
497 799 590 823 esse
623 786 965 837 cogitandumque
999 800 1091 824 esse
1120 787 1222 824 dicit
1254 787 1306 824 de
1337 788 1525 826 instituto
1557 789 1712 825 oratio·-

245 853 340 877 num
372 840 525 879 litteris
558 843 895 891 mandandarum,
929 845 1115 894 apposite
1145 842 1309 881 laudato
1342 844 1429 882 Cic.
1463 843 1570 882 Phil.
1603 844 1710 893 ΧΙΙΙ,

250 895 316 935 19.
350 895 416 936 40.
451 911 597 948 quem
633 911 726 949 ego
760 900 990 936 inustum
1033 901 1343 937 uerissimis
1387 899 1710 938 maledicto—

244 965 348 990 rum
374 955 516 992 notis
540 954 736 992 tradam
763 955 1017 993 hominum
1042 958 1401 1006 sempiternae
1424 958 1709 995 memoriae.

359 1023 492 1060 quae
525 1024 634 1048 cum
669 1015 750 1048 tot
781 1023 864 1048 res
897 1011 1000 1061 cet.]
1068 1012 1223 1049 Horum
1259 1013 1471 1049 uerborum
1507 1014 1710 1050 rationem

244 1077 323 1101 non
388 1068 515 1116 magis
563 1068 776 1118 perspexit
828 1067 989 1117 Gzius,
1038 1069 1104 1117 qui
1153 1072 1196 1104 ut
1245 1067 1413 1105 alteram
1462 1070 1710 1107 sententiam

245 1119 458 1159 relatiuam
493 1123 610 1161 alteri
653 1124 797 1160 subiici
845 1122 1173 1172 demonstraret,
1219 1123 1513 1173 Wopkensium
1542 1138 1579 1175 p.
1609 1122 1707 1164 214.

244 1174 441 1226 laudauit,
476 1178 598 1229 plane
631 1180 797 1217 diuersa
829 1181 1090 1229 miscentem,
1123 1192 1240 1229 quam
1267 1180 1470 1230 Dauisius,
1500 1183 1565 1230 qui
1589 1179 1709 1217 dete-

242 1234 394 1272 riorum
439 1235 692 1285 quorundam
731 1235 848 1273 codd.
889 1235 1040 1273 mendo
1080 1237 1208 1273 ascito
1243 1235 1400 1273 edidit:
1440 1249 1570 1286 quae
1602 1248 1655 1273 cu
1671 1248 1709 1272 m

244 1294 321 1327 tot
359 1304 442 1328 res
481 1296 769 1342 tantaeque
811 1293 918 1330 sint
958 1304 1159 1341 eaeque
1195 1293 1246 1328 in
1290 1292 1497 1329 homine
1545 1296 1627 1330 cet.
1668 1296 1710 1330 et

244 1351 463 1396 praeterea
502 1349 777 1386 coniecturam
819 1348 924 1384 hanc
964 1349 1290 1385 commendauit:
1334 1360 1461 1396 quae
1495 1361 1599 1385 cum
1631 1353 1710 1386 tot

244 1414 331 1439 res
378 1408 665 1453 tantaeque
716 1405 767 1440 in
809 1404 1016 1440 homine
1056 1405 1235 1441 inesse
1282 1405 1709 1454 perspiciantur.

245 1458 421 1496 Nostrae
463 1459 626 1509 quidem
662 1459 951 1497 consuetudini
995 1461 1122 1509 magis
1160 1460 1261 1496 haec
1301 1464 1443 1497 essent
1479 1473 1710 1498 accommo-

243 1513 364 1553 data:
396 1529 605 1566 quarum
638 1529 806 1553 rerum
841 1514 893 1567 (i.
929 1528 965 1552 e.
997 1522 1038 1553 et
1067 1517 1210 1553 harum
1243 1512 1429 1569 rerum),
1468 1529 1595 1566 quae
1632 1518 1708 1554 in-

244 1583 368 1609 esse
401 1573 447 1609 in
481 1573 1145 1622 homine-perspiciantur
1176 1572 1235 1608 ab
1267 1572 1360 1621 iis,
1402 1574 1484 1621 qui
1518 1585 1573 1610 se
1604 1573 1707 1623 ipsi

242 1625 415 1665 uelint
443 1642 619 1678 nosse,
650 1641 756 1666 cum
789 1633 865 1665 tot
900 1632 1183 1679 tantaeque
1216 1628 1338 1677 sint,
1371 1641 1560 1679 parens
1587 1628 1708 1666 edu-

242 1686 520 1736 catrixque
574 1689 658 1723 est
711 1686 995 1735 sapientia.
1065 1684 1148 1722 Sed
1195 1697 1420 1734 pronomen
1471 1684 1704 1733 relatiuum,

242 1740 376 1791 quod,
427 1743 461 1779 si
508 1748 688 1780 nostram
733 1741 1074 1778 consuetudinem
1116 1742 1325 1790 sequeris,
1380 1740 1429 1777 ad
1469 1742 1704 1791 primarium

243 1798 410 1835 uerbum
454 1798 600 1835 referri
641 1810 815 1834 necesse
857 1802 945 1845 est,
985 1811 1006 1834 a
1036 1797 1232 1834 Romanis
1273 1797 1518 1845 saepissime
1552 1797 1599 1833 ad
1639 1810 1707 1833 se-

242 1854 479 1892 cundarium
515 1853 814 1891 accommodari
845 1854 1003 1902 ingenti
1037 1850 1319 1903 exemplorum
1362 1853 1478 1902 copia
1518 1864 1707 1902 compro-

242 1911 355 1948 bauit
386 1913 437 1958 is,
468 1923 587 1962 quem
620 1910 767 1947 Bakius
800 1908 998 1958 laudauit,
1031 1909 1254 1947 Stuerenb.
1287 1921 1361 1959 pro
1394 1908 1514 1946 Arch.
1545 1921 1586 1959 p.
1616 1906 1707 1948 139.

242 1978 333 2016 sqq.
383 1967 470 2006 Cic.
512 1968 607 2005 Nat.
650 1966 772 2004 Deor.
805 1962 847 2015 1,
894 1963 934 2005 9.
975 1965 1045 2005 22.
1085 1965 1344 2016 quaeista
1375 1969 1556 2015 potest
1587 1976 1707 2002 esse

241 2023 546 2062 oblectatio
593 2020 719 2060 deo?
759 2035 884 2073 quae
923 2022 967 2059 si
1012 2026 1182 2070 esset,
1232 2033 1328 2058 non
1371 2033 1429 2057 ea
1469 2024 1570 2058 tam
1619 2020 1706 2058 diu

240 2092 427 2118 carere
466 2080 740 2131 potuisset
781 2092 858 2130 pro
904 2091 1023 2128 qua,
1066 2079 1106 2115 si
1153 2082 1324 2126 esset,
1363 2089 1458 2114 non
1489 2080 1585 2114 tam
1617 2076 1707 2114 diu

240 2148 429 2174 carere
460 2136 747 2186 potuisset.

351 2189 571 2229 laudata
602 2189 834 2240 quidem]
895 2188 1141 2226 Mendosam
1184 2201 1276 2226 esse
1316 2191 1430 2238 patet
1461 2190 1705 2238 scripturam

241 2246 453 2298 codicum,
503 2249 543 2285 in
591 2248 736 2297 quibus
784 2250 863 2283 est
910 2258 989 2281 non
1037 2249 1185 2282 exstat.
1246 2245 1327 2282 Aut
1370 2245 1543 2281 subiecti
1592 2245 1705 2281 notio

240 2305 368 2353 magis
411 2302 621 2342 fulcienda
663 2309 727 2340 est
768 2307 837 2339 aut
880 2300 1066 2338 addenda
1108 2299 1266 2351 copula.
1340 2297 1447 2337 Illud
1487 2313 1575 2337 cum
1607 2298 1704 2337 olim

240 2361 339 2398 1111111
370 2359 553 2412 placeret
585 2361 624 2396 in
657 2372 793 2409 progr.
828 2371 867 2409 p.
904 2357 961 2408 7.,
993 2370 1067 2408 pro
1109 2369 1186 2406 ea,
1230 2356 1337 2407 quod
1379 2356 1568 2393 Moserus
1607 2368 1704 2393 con-

239 2417 339 2454 iecit
367 2430 444 2455 1166
477 2416 635 2455 0161110
666 2416 869 2464 Bakioque
902 2414 1127 2465 displicuit,
1160 2414 1317 2451 conieci
1348 2410 1467 2461 illa;
1500 2412 1576 2450 hoc
1598 2424 1704 2450 nunc

239 2473 343 2509 mihi
374 2475 502 2524 magis
533 2472 671 2525 placet
701 2476 937 2522 propterea,
968 2471 1059 2520 quia
1092 2475 1135 2507 et
1156 2469 1286 2507 solum
1318 2467 1574 2506 laudandi
1607 2480 1702 2505 uer-

240 2529 333 2567 bum
367 2534 479 2568 recte
508 2529 698 2579 insigniri
733 2528 920 2565 existimo
953 2525 1128 2581 (quippe
1168 2527 1400 2577 oppositum
1439 2525 1518 2561 hoc
1555 2524 1701 2561 habet:

239 2598 338 2623 non
378 2585 719 2635 intelligere,
763 2596 986 2634 quorsus
1022 2579 1322 2634 pertineat)
1362 2586 1404 2618 et
1444 2579 1578 2617 lenior
1608 2592 1701 2617 cor-

239 2643 371 2679 rectio
414 2647 493 2681 est.
561 2642 787 2680 Notabatur
833 2641 938 2677 enim
974 2637 1013 2678 ἔ.
1083 2640 1188 2678 Ante
1235 2639 1469 2676 coniecerat
1507 2636 1702 2673 Krausius

240 2697 270 2737 l.
304 2696 330 2736 l.
362 2711 405 2750 p.
437 2697 533 2739 468.
575 2696 788 2736 laudata
829 2695 1041 2747 quidem
1081 2700 1162 2734 est
1201 2708 1222 2733 a
1253 2699 1315 2733 te.
1378 2692 1462 2731 Sed
1492 2693 1572 2730 isto
1604 2704 1701 2730 uer-

242 2755 383 2792 borum
418 2755 562 2793 ordine
595 2755 684 2805 quia
713 2755 851 2791 uerbis
883 2753 1121 2804 grauiter
1151 2758 1202 2789 et
1233 2762 1355 2788 uere
1386 2748 1547 2800 pondus
1571 2747 1701 2798 quod-

243 2810 333 2849 dam
382 2810 568 2862 additur,
618 2810 877 2848 laudandi
928 2811 1097 2847 uerbum
1147 2810 1252 2845 iusto
1293 2806 1477 2857 pondere
1524 2806 1700 2844 exuitur.
