1781 3192
189 175 246 212 52
760 176 832 212 DE
865 175 1100 214 LEGlBUS

192 293 399 339 acceptam
449 288 590 336 attigit
631 288 754 324 etiam
798 286 832 337 ξ.
872 287 924 327 25
967 294 1008 326 et
1049 289 1119 329 26.
1197 290 1382 339 Denique
1431 291 1562 340 quod
1613 304 1666 329 ue

189 346 277 395 quis
316 357 404 382 cum
449 343 683 380 Goerenzio
727 347 770 381 et
808 343 973 382 Mosei-0
1013 346 1313 395 interpretetur
1357 346 1476 383 ideo
1531 348 1664 397 quod

191 399 376 453 (qualem
411 398 515 436 deus
547 399 755 436 hominem
788 400 968 439 futurum
1004 403 1291 451 gencrauerit,
1324 414 1403 439 non
1437 416 1508 439 cur
1537 416 1666 453 gene-

189 458 346 495 raucrit
379 451 636 507 declaratur)
669 460 737 493 aut
768 461 904 494 tentet
938 459 1230 507 coniecturam,
1264 463 1308 495 ut
1328 459 1430 495 fecit
1450 457 1664 508 aliquando

185 514 406 552 Lambinus
449 508 618 562 (quem
662 513 982 566 principem)
1025 520 1065 551 et
1099 515 1284 552 Dauisius
1327 514 1428 566 (cui
1471 517 1665 565 princi-

184 576 358 621 patum
395 568 721 618 reliquarum
762 583 928 607 rerum
970 583 1089 608 esse
1131 570 1359 624 uoluit),
1407 572 1662 621 pronominis

185 626 360 664 formam
394 624 443 662 ad
477 638 626 662 nomen
659 639 851 676 sequens,
886 639 965 664 non
998 627 1048 664 ad
1080 628 1332 677 praecedens
1366 627 1663 666 accommodari

182 682 412 734 legitimum
447 686 511 718 est
588 682 653 720 Cf.
684 695 784 733 quae
813 681 896 719 dixi
932 679 987 732 ll,
1021 683 1060 722 2.
1095 684 1136 723 ξ).

298 749 695 800 intelligentia]
758 749 1022 788 Generaliter
1053 751 1094 789 Ιι.
1127 750 1155 790 l.
1197 750 1347 789 dicitur
1372 752 1664 803 intelligentia,

186 813 233 846 ut
273 806 537 855 singulariter
584 812 617 855 §-
650 806 719 847 25.
777 805 1095 858 intelligentiae.
1176 809 1238 847 Ad
1288 811 1538 848 sententiam
1587 810 1663 848 cfr.

188 876 291 915 quae
323 864 426 901 dixit
457 863 602 900 Cicero
635 861 686 901 de
717 864 811 901 Fin.
848 863 895 913 V,
932 864 994 903 15.
1026 862 1094 903 43.

298 933 369 976 Χ.
429 931 462 981 ᾗ.
493 928 563 969 28.
623 929 1025 981 complecteris]
1098 929 1402 982 Complecti
1453 934 1491 970 in
1540 946 1664 970 unum

186 985 571 1039 comprehendendi
624 987 705 1024 uim
756 987 902 1036 habet,
954 1001 1033 1025 non
1083 989 1267 1025 breuiter
1315 989 1569 1040 attingendi,
1623 994 1667 1027 ut

186 1048 356 1085 Mosero
389 1045 520 1082 uisum
562 1047 627 1081 est
670 1048 711 1081 et
739 1043 987 1082 Goerenzio.
1052 1045 1241 1082 Breuiter
1277 1046 1379 1082 haec
1412 1052 1568 1083 tantum
1602 1050 1665 1082 at-

187 1104 289 1154 tingi
327 1114 405 1140 nec
443 1099 628 1152 pluribus
666 1099 858 1151 explicari
901 1101 1063 1138 Marcus
1114 1100 1278 1138 demum
1329 1100 1434 1140 dixit
1484 1106 1526 1139 et
1576 1105 1666 1138 erat

188 1172 289 1198 sane
321 1159 400 1196 hoc
432 1158 563 1196 Marci
593 1158 746 1208 potiuS,
780 1170 897 1207 quam
942 1158 1095 1208 Attici,
1144 1158 1210 1208 qui
1251 1156 1374 1195 modo
1411 1158 1533 1209 longe
1568 1159 1666 1195 iuris

186 1217 389 1269 principia
419 1228 442 1252 a
473 1214 614 1252 Marco
645 1215 780 1265 repeti
815 1213 984 1253 dixerat.

300 1284 564 1321 hominum
608 1280 905 1333 doctorum]
979 1283 1146 1321 luuerso
1199 1281 1343 1320 ordine
1393 1281 1665 1320 doctorum

186 1342 446 1379 hominum
470 1338 732 1386 Schuetzius,
766 1337 972 1388 Moserus,
999 1338 1181 1377 Orellius
1217 1339 1449 1376 Goerenzio
1482 1342 1665 1387 auctore,

187 1398 253 1448 qui
289 1410 338 1434 ex
364 1395 577 1435 Ciceronis
611 1407 684 1431 usu
715 1400 917 1445 perpetuo
951 1401 993 1433 et
1025 1409 1073 1433 ex
1106 1397 1235 1432 tribus
1268 1396 1352 1432 suis
1378 1395 1586 1433 codicibus
1611 1415 1659 1423 -·

187 1453 349 1493 scilicet
400 1451 702 1499 deterioribus,
750 1451 783 1487 si
828 1463 910 1488 non
962 1452 1248 1489 commenticia
1296 1451 1426 1488 tradit
1468 1472 1524 1479 —
1571 1464 1664 1488 eum

187 1511 425 1549 restituisse
457 1520 504 1545 se
536 1506 652 1544 dicit.
712 1507 765 1544 At
794 1505 930 1545 nullus
962 1508 1106 1546 horum
1137 1508 1356 1545 uerborum
1389 1505 1491 1545 ordo
1526 1511 1665 1545 certus

190 1575 271 1616 est,
305 1572 348 1604 et
379 1568 492 1604 recte
523 1565 601 1602 iam
633 1562 784 1600 Bakius
817 1565 1007 1614 exposuit
1036 1565 1230 1616 postponi
1262 1564 1304 1602 h.
1337 1563 1363 1602 l.
1398 1563 1665 1613 adiectiuum,

190 1625 282 1675 quia
303 1636 384 1662 non
405 1633 506 1672 opus
540 1624 654 1658 esset
683 1620 832 1670 insigni
866 1620 1078 1659 doctrinae
1102 1622 1418 1672 significatione.
1471 1620 1537 1658 Cf.
1563 1633 1666 1671 quae

188 1682 269 1720 dixi
303 1677 338 1730 I,
371 1679 402 1730 §-
434 1676 503 1718 21.
558 1677 638 1715 Off.
660 1676 728 1726 ΙΙΙ,
768 1679 801 1715 1.
826 1676 863 1716 3.
905 1677 1001 1715 sed
1030 1679 1144 1728 quia
1176 1678 1249 1715 sic
1281 1678 1337 1715 ab
1368 1677 1666 1715 hominibus

192 1738 378 1777 doctis
411 1735 458 1784 (i.
490 1746 523 1773 e.
558 1732 832 1786 philosophis)
865 1736 1093 1785 accepim
1110 1748 1177 1773 us.

304 1807 493 1842 natura
534 1803 840 1840 constitutu
855 1801 912 1852 m]
983 1798 1140 1840 Inscite
1181 1801 1330 1839 Bakius
1381 1813 1475 1838 num
1526 1813 1664 1837 uerum

191 1865 246 1902 sit
279 1861 626 1900 constitutum
657 1857 832 1897 dubitat.
894 1859 1065 1896 Poterat
1100 1871 1198 1895 sane
1230 1858 1394 1895 Marcus
1427 1869 1476 1894 eo
1515 1857 1667 1894 omisso

191 1920 374 1959 seribere
394 1928 567 1967 neque
601 1916 880 1966 opinione,
913 1915 1005 1953 sed
1034 1920 1221 1953 natura
1255 1926 1371 1951 esse
1400 1913 1494 1962 ius,
1524 1926 1667 1963 quem-

191 1974 409 2015 admodum
441 1969 476 2023 Ι,
513 1971 578 2012 17.
610 1970 680 2012 46.
725 1973 914 2023 scripsit:
959 1973 1132 2024 ipsum
1171 1972 1304 2008 enim
1345 1971 1527 2007 bonum
1568 1982 1666 2007 non

192 2037 276 2071 est
326 2029 690 2082 opinionibus,
737 2028 828 2066 sed
873 2033 1087 2076 natura3
1139 2026 1215 2065 sed
1263 2026 1394 2064 uariat
1439 2027 1666 2064 orationem

192 2091 251 2143 (ᾗ.
286 2086 354 2128 34.
386 2088 439 2124 in
472 2090 661 2122 natura
692 2087 923 2135 positum
959 2096 1077 2123 esse
1109 2085 1199 2121 ius.
1235 2082 1359 2133 §.35-
1392 2094 1452 2120 ex
1483 2088 1668 2119 natura

192 2150 367 2184 ortum
406 2154 528 2179 esse
570 2138 696 2193 ius),
738 2145 780 2178 et
822 2143 896 2178 ius
937 2146 1126 2179 natura
1166 2140 1523 2177 constitutum
1563 2138 1667 2175 nihil

193 2200 302 2240 aliud
335 2211 429 2237 esse
459 2201 592 2248 patet,
634 2210 752 2247 quam
796 2198 858 2235 ius
900 2211 922 2235 a
961 2202 1106 2235 natura
1142 2196 1375 2248 profectum
1413 2194 1589 2246 ideoque
1627 2196 1666 2232 in

191 2263 337 2297 natura
366 2255 560 2307 positum.

305 2325 336 2375 ς’.
371 2321 435 2363 29.
497 2335 644 2372 quam
678 2333 855 2359 omnes
894 2326 1014 2359 sunt
1051 2320 1298 2370 omnium]
1371 2319 1670 2358 Peruerterunt

196 2382 470 2428 sententiam,
503 2380 569 2429 qui
603 2390 655 2414 su
670 2384 722 2415 nt
751 2385 820 2415 aut
851 2380 1104 2427 omiserunt,
1151 2383 1193 2415 ut
1226 2378 1381 2415 Lbinus
1417 2381 1458 2413 et
1489 2375 1668 2414 Orellius

196 2439 325 2487 (idem
348 2437 552 2486 Wagner-0
587 2433 759 2486 placuit)
795 2441 865 2472 aut
897 2437 984 2472 eius
1016 2434 1105 2472 loco
1139 2438 1322 2472 essent
1351 2434 1666 2480 substituerunt,

197 2500 241 2534 ut
273 2496 415 2541 Gzius,
464 2491 721 2540 Schuetzius,
753 2492 957 2531 Moserus.
1020 2493 1179 2542 Quippe
1219 2493 1297 2528 isto
1339 2489 1459 2527 modo
1503 2489 1667 2538 generis

197 2550 512 2590 similitudinem
556 2546 646 2585 tolli
688 2549 966 2597 significatur,
1005 2561 1121 2598 quain
1160 2546 1247 2584 tolli
1281 2552 1417 2583 tamen
1448 2557 1528 2581 non
1564 2542 1666 2593 uult,

197 2608 238 2647 id
271 2605 379 2658 quod
410 2604 547 2642 elucet
578 2617 627 2642 ex
660 2606 796 2641 uerbis
830 2608 873 2642 et
908 2603 1249 2642 antecedentibus
1296 2607 1458 2652 (quam
1488 2613 1667 2638 omnes

195 2668 339 2703 inter
379 2666 586 2699 nosmet
617 2664 762 2712 ipsos
803 2662 997 2709 sumus)
1028 2666 1071 2698 et
1102 2658 1456 2709 subsequentibus.
1502 2657 1666 2706 (Quod

198 2718 495 2770 argumenti
525 2718 659 2755 satis
692 2722 772 2755 est
795 2716 993 2755 nullam
1019 2713 1524 2755 dissimilitudinem
1554 2726 1670 2751 esse

205 2779 255 2815 in
288 2776 518 2827 genere).
578 2774 649 2811 Sui
684 2775 811 2826 ipsius
840 2775 962 2812 homo
1001 2771 1336 2811 consuetudinum
1376 2769 1669 2821 deprauatione
