1781 3192
131 146 134 148 ’
191 170 218 206 2
761 165 831 205 na
866 168 1097 208 necinus

203 284 302 321 Nam
337 294 424 318 cum
458 278 520 317 uel
554 274 755 317 Ancharii
787 279 889 318 fides
923 289 963 320 et
996 281 1194 321 fortitudo
1227 289 1466 322 cerneretur
1506 286 1547 322 in
1580 286 1668 323 ani-

203 352 292 388 mo,
337 338 471 375 uerbis
513 334 597 372 illis
638 335 856 374 etiamsi
898 339 1041 377 nihil
1084 338 1225 377 aliud
1266 352 1423 390 agere
1461 342 1668 391 potuis-

206 402 330 434 sent
367 393 620 441 interiectis,
666 394 799 442 potuit
840 406 938 434 sane
979 396 1172 434 adiectiui
1214 396 1387 434 sormam
1428 395 1478 434 ad
1519 409 1668 435 nomen

203 448 396 503 generale
427 447 754 486 accommodare·
841 449 894 490 Et
925 453 1033 491 hunc
1063 453 1103 490 in
1137 451 1301 491 modum
1332 457 1446 492 recte
1469 452 1514 491 id
1539 465 1670 505 nuper

204 509 502 557 interpretatus
535 509 598 542 est
628 501 827 544 Halmius.
913 509 1154 560 Eodemque
1185 510 1227 547 in
1261 522 1413 560 genere
1445 514 1531 559 est,
1564 508 1671 561 quod

203 564 253 602 ad
283 564 398 600 Fam.
434 561 463 610 Ι,
497 560 532 600 7.
572 561 636 601 11.
681 572 760 601 acc.
796 574 831 601 c.
873 565 947 604 inf.
990 565 1145 617 pendet
1183 577 1230 603 ex
1262 565 1514 617 sperandi
1544 567 1670 605 uerbo

203 621 362 670 longius
414 621 599 667 remoto,
648 629 738 655 cum
787 621 1002 670 optandi
1042 624 1237 671 uerbum,
1288 621 1397 674 quod
1442 624 1669 675 proximum

207 683 309 725 erat,
343 674 459 712 aliam
495 675 712 712 uerborum
746 677 988 717 structuram
1020 680 1241 730 flagitaret.

291 735 332 770 si
365 730 520 781 enim]
548 731 690 769 Adhuc
708 729 913 780 uulgatum
937 740 1000 773 est
1028 737 1070 774 si
1102 740 1273 774 manet
1302 734 1396 773 illa
1429 747 1670 786 quercus.

208 790 290 829 Sed
323 787 476 826 codicis
510 787 721 837 archetypi
761 790 953 829 mendum
987 794 1065 830 sin
1106 796 1274 830 manet
1314 792 1363 830 ad
1396 794 1670 831 coniecturam

207 848 318 885 ducit
342 846 420 882 iam
445 858 465 881 a
490 845 655 882 Dauisio
679 847 1002 886 commendatam
1036 851 1076 887 si
1109 861 1167 886 en
1184 849 1244 886 im
1276 854 1460 898 manet,
1494 862 1571 900 qua
1591 861 1670 886 non

207 903 313 941 idem
345 904 493 939 iterum
527 904 788 938 asseueratur
821 903 1012 943 adiuncta
1032 903 1284 955 conditione,
1317 904 1393 943 sed
1415 918 1553 944 uerum
1578 916 1671 943 esse

208 960 267 1008 id,
301 958 405 1009 quod
441 957 492 994 de
524 956 778 1009 Arpinatium
813 974 964 1009 quercu
1006 961 1180 1010 dixerit,
1223 964 1503 1001 confirmatur.
1565 961 1671 1001 Sen-

206 1017 338 1055 tentia
379 1015 643 1065 igitur‘haec
685 1018 772 1051 est:
814 1016 863 1054 Si
907 1020 1036 1056 enim
1082 1023 1255 1056 manet
1294 1017 1388 1056 illa
1428 1030 1672 1069 quercus,

206 1074 267 1110 «le
299 1085 391 1122 qua
422 1083 577 1123 saepe
610 1072 656 1107 iu
676 1069 842 1110 Mario
873 1071 995 1125 legi,
1019 1073 1162 1113 nulla
1192 1080 1374 1126 potest
1400 1074 1504 1113 alia
1528 1086 1670 1125 quam

210 1131 336 1168 haec
368 1140 502 1165 esse.

282 1200 303 1223 e
318 1193 332 1223 t
346 1198 367 1222 e
381 1185 480 1221 nim
507 1197 528 1221 e
542 1185 605 1235 st]
624 1180 742 1234 Quod
756 1184 1110 1239 BakiusMadnigii
1130 1187 1406 1239 disputatione
1419 1187 1488 1236 (de
1506 1185 1669 1226 emend.

210 1243 299 1282 Cic.
341 1245 462 1279 oratt.
501 1240 553 1280 de
585 1253 704 1293 prou.
745 1253 879 1283 conss.
922 1250 964 1283 et
1002 1257 1076 1296 pro
1116 1243 1242 1282 Balbo
1273 1258 1315 1296 p.
1350 1244 1390 1286 6.
1423 1249 1466 1282 et
1496 1242 1547 1281 de
1577 1242 1670 1281 Fin.

210 1313 250 1350 p.
284 1297 344 1345 8.)
376 1305 603 1336 commotus
643 1309 716 1348 pro
759 1302 959 1340 etenim
999 1306 1079 1340 est
1116 1302 1294 1339 coniecit
1324 1304 1403 1339 est
1435 1301 1598 1348 enim,
1630 1298 1672 1337 id

208 1354 519 1406 haudquaquam
554 1354 830 1393 necessarium
854 1363 933 1397 est.
993 1359 1094 1397 Nam
1127 1358 1206 1395 etsi
1238 1355 1439 1409 particula
1477 1356 1672 1394 etr-uim

207 1425 333 1463 saepe
375 1415 458 1448 tum
504 1414 745 1462 usurpatur,
791 1425 880 1451 cum
926 1416 967 1451 in
1007 1413 1333 1452 demonstrando
1373 1412 1673 1464 progredimur,

207 1468 316 1507 haud
352 1480 443 1505 raro
486 1471 622 1504 tamen
666 1464 886 1507 adhibetur
927 1471 1050 1508 etiam
1091 1468 1141 1507 ad
1182 1467 1471 1507 declarandam
1511 1480 1673 1507 causam

206 1530 402 1577 apertam.
467 1524 663 1562 Nimirum
697 1523 831 1562 enim
865 1527 1102 1575 confirmat,
1133 1528 1184 1564 et
1214 1526 1567 1564 confirmationem
1601 1524 1674 1562 ad-

203 1584 317 1633 iungi
350 1578 546 1619 declarat.
607 1578 667 1617 Cf.
695 1578 727 1627 1,
761 1579 798 1618 7.
831 1580 897 1622 2¹.
929 1581 1037 1623 Phil.
1067 1581 1118 1632 ΙΙ,
1153 1580 1219 1622 12.
1251 1580 1320 1622 29.
1353 1583 1547 1621 etenim
1579 1594 1674 1619 om-

206 1652 298 1677 nes
332 1638 480 1686 boni,
513 1639 761 1686 quantum
791 1637 840 1675 in
880 1640 1014 1689 ipsis
1056 1637 1189 1688 fuit,
1228 1637 1505 1677 Caesarem
1539 1638 1672 1676 occi-

206 1696 228 1733 d
245 1700 413 1734 crunt.
476 1694 554 1734 Off.
583 1692 652 1742 Ill,
680 1691 745 1732 15.
768 1691 837 1733 63.
899 1695 1011 1733 Male
1033 1697 1165 1733 autem
1185 1692 1333 1733 Bakius
1357 1694 1410 1733 de
1434 1693 1527 1732 Fin.
1554 1692 1586 1744 Ι,
1607 1691 1673 1732 20.

209 1752 278 1792 70.
321 1750 459 1788 mendi
498 1757 539 1789 et
578 1759 741 1800 saepe
784 1751 916 1789 enim
956 1752 1196 1790 uidemus
1230 1749 1337 1789 hanc
1374 1750 1674 1790 correctionem

209 1807 514 1847 commendauit
546 1807 743 1846 etenim
778 1818 942 1858 saepe
973 1808 1232 1856 uidemus,
1263 1819 1354 1845 cum
1376 1806 1483 1844 hanc
1506 1804 1675 1843 alteram

209 1866 444 1917 partitionis
487 1869 645 1916 partem
687 1875 779 1900 esse
818 1868 971 1914 pateat.
1029 1864 1182 1903 Uerius
1218 1862 1380 1913 quidem
1424 1862 1475 1901 ad
1505 1866 1676 1900 senten-

209 1924 307 1960 tiam
341 1933 388 1959 ex
421 1921 469 1971 ΙΙ,
502 1920 569 1962 26.
600 1919 671 1960 83.
733 1920 831 1958 Otto
863 1924 905 1958 et
934 1919 1120 1959 Klotzius
1153 1921 1418 1959 coniecerant
1445 1924 1494 1957 et
1524 1929 1676 1969 saepe

213 1990 331 2016 esse
358 1978 554 2016 factum
589 1976 758 2014 uidem
775 1990 850 2025 us;
883 1976 957 2014 sed
988 1982 1031 2015 et
1061 1976 1222 2016 facilior
1255 1981 1297 2014 et
1332 1973 1581 2028 probabilior
1610 1974 1675 2012 ui-

211 2035 332 2073 detur
363 2036 563 2073 correctio
589 2038 764 2074 esseet
796 2046 955 2084 saepe
988 2046 1102 2071 esse
1134 2033 1376 2071 uidemus
1409 2029 1507 2086 (wir
1530 2030 1675 2079 sehen,

211 2092 306 2129 dass
330 2091 419 2128 (lies
439 2090 601 2140 haeufig
623 2089 699 2126 der
713 2088 803 2127 Fall
825 2088 926 2142 ist)3
959 2102 1051 2127 nam
1076 2090 1116 2127 in
1143 2089 1247 2127 hanc
1275 2090 1522 2127 sententiam
1547 2099 1670 2125 esse

207 2159 331 2199 saepe
363 2148 545 2197 usurpari
580 2149 753 2183 constat.
815 2145 881 2185 Cf.
906 2145 1020 2184 Lael.
1054 2145 1096 2196 2,
1127 2146 1167 2186 6.
1196 2149 1314 2183 sunt
1351 2146 1474 2193 ista,
1514 2142 1672 2182 Laeli.

298 2216 389 2253 quo
421 2202 631 2241 tandem
666 2200 867 2252 modo?]
900 2203 989 2240 Non
1009 2202 1060 2240 ad
1077 2215 1242 2251 nouum,
1277 2206 1320 2239 ut
1339 2201 1485 2239 Bakius
1508 2202 1580 2249 ait,
1612 2198 1677 2238 di-

211 2260 330 2298 cendi
360 2272 488 2310 genus
520 2259 622 2296 haec
646 2260 880 2309 pertinent3
913 2272 1006 2297 nam
1035 2258 1137 2298 nihil
1168 2259 1208 2298 h.
1240 2256 1266 2298 Ι.
1299 2258 1418 2306 noui,
1451 2270 1543 2295 cum
1574 2253 1678 2294 nihil

210 2319 290 2354 ista
329 2316 567 2367 metaphora
608 2317 662 2353 sit
700 2316 973 2365 frequentius,
1033 2315 1095 2354 Cf.
1136 2316 1250 2354 Brut.
1294 2313 1336 2363 4,
1373 2312 1435 2354 16.
1476 2311 1546 2363 40,
1584 2310 1676 2352 150.

211 2374 335 2412 Tusc.
371 2372 422 2422 V,
457 2373 522 2423 11,
556 2370 622 2411 32.
655 2371 685 2420 Ι,
721 2371 786 2411 14.
818 2371 888 2411 31.
921 2371 1063 2411 Madu.
1097 2371 1149 2410 de
1178 2372 1272 2409 Fin.
1302 2370 1369 2420 ΙΙΙ,
1401 2368 1440 2410 4.
1478 2367 1544 2410 14.
1603 2368 1678 2406 Ni-

213 2431 356 2467 mirum
403 2430 561 2480 quaerit
604 2429 683 2466 isto
724 2428 845 2466 modo
893 2429 1053 2466 Atticus
1093 2441 1176 2467 non
1217 2428 1355 2465 statim
1404 2426 1676 2478 perspiciens),

216 2484 419 2536 quomodo
452 2486 537 2535 fiat,
570 2490 613 2523 ut
645 2498 746 2534 quae
778 2487 925 2537 poetae
957 2490 1113 2535 serant,
1143 2486 1227 2522 sint
1257 2483 1527 2531 diuturniora,
1559 2492 1677 2532 quam

216 2555 318 2592 quae
343 2540 609 2592 agricolarum
642 2540 750 2579 cultu
776 2543 1044 2592 seminentur,
1073 2541 1117 2580 id
1139 2539 1245 2592 quod
1270 2540 1406 2578 uerbis
1430 2540 1552 2576 etiarn
1577 2549 1677 2576 con-

217 2600 426 2647 firmatur,
467 2610 569 2649 quae
608 2603 853 2648 sequuntur:
897 2603 983 2636 aut
1022 2596 1179 2650 quale
1218 2600 1300 2635 est
1330 2597 1499 2644 istuc,
1537 2591 1677 2644 quod

215 2657 410 2706 poetae
443 2652 653 2692 serunt?

300 2710 430 2748 mihi
471 2711 612 2749 enim
645 2710 873 2761 uideris]
907 2712 1082 2760 Quintus
1113 2710 1204 2760 ipse
1233 2709 1413 2747 carmina
1443 2705 1678 2745 confecerat

205 2767 279 2811 (cf.
302 2766 352 2805 ad
379 2768 518 2817 Quint.
545 2767 595 2818 ΙΙ,
618 2765 682 2808 16.
707 2767 774 2818 ΙΙΙ,
802 2764 885 2821 6.).
935 2768 1070 2818 Quare
1101 2765 1238 2805 fratris
1270 2766 1417 2818 poetae
1451 2763 1532 2802 uim
1563 2761 1674 2813 quasi
