1781 3192
175 154 267 193 524
742 154 814 193 DE
846 155 1077 195 LEGlBUS

174 268 361 305 minauit.
395 266 461 305 Cf.
494 278 598 315 quae
629 263 710 303 dixi
746 267 778 305 1.
812 266 846 317 ᾗ.
881 265 950 308 53.
1011 270 1165 318 Quibus
1208 269 1314 308 adde
1353 283 1454 321 quos
1493 272 1641 310 Bakius

173 324 218 362 h.
255 323 285 362 l.
325 322 510 361 laudauit
543 322 674 359 Beier.
717 335 791 374 pro
832 325 971 364 Scaur.
1013 338 1055 376 p.
1101 327 1194 366 127.
1234 327 1384 366 Matth.
1423 328 1463 364 in
1505 327 1642 366 Wolfii

174 379 294 419 Anal.
329 378 394 416 ΙΙΙ.
433 391 473 429 p.
509 378 548 417 2.
580 383 667 416 not.
699 377 741 419 3.
801 380 1007 432 Deinceps
1038 395 1294 433 pronomen,
1326 388 1371 420 ut
1400 384 1441 421 in
1476 396 1643 434 compa-

174 438 336 475 ratione
371 438 412 470 et
444 435 725 486 oppositione,
759 438 858 486 poni
886 450 1058 476 necesse
1091 446 1196 477 erat.
1258 440 1411 478 Lbinus
1443 451 1643 491 peruerse

173 489 419 544 particulam
456 494 509 528 ut
542 489 717 541 deleuit,
752 493 960 531 Manutius
992 496 1031 532 in
1066 501 1118 533 et
1149 498 1335 533 mutauit.

289 545 688 597 consiliarium]
751 548 1041 589 consiliarium
1085 564 1183 589 uere
1215 552 1362 589 Bakius
1406 550 1509 589 dicit
1553 563 1643 589 eum

177 617 295 653 esse,
338 604 405 653 qui
443 604 484 640 in
518 602 736 641 consilium
770 607 997 657 cuiuspiam
1031 607 1274 646 adhibeatur
1306 605 1457 661 (Verr.
1490 607 1540 656 ΙΙ,
1580 607 1644 647 17.

175 659 288 711 42),
320 673 400 696 non
433 659 554 697 modo
587 661 887 710 consultorem,
923 669 965 701 ut
998 663 1106 702 Vell.
1150 665 1241 702 Pat.
1274 664 1332 713 ll,
1363 663 1431 704 56.
1473 665 1646 701 eonsi-

173 717 389 755 liarium
428 716 635 764 caedis3
688 730 733 753 ac
783 720 930 756 merito
979 721 1185 758 Moserum
1240 719 1530 771 reprehendit,
1581 720 1646 757 cui

177 773 487 822 u²3tte11baclnii
527 775 761 810 coniectura
795 776 958 814 arrisit:
989 777 1101 814 Joui
1146 779 1195 815 0.
1236 777 1291 815 M.
1333 782 1491 828 atque
1529 789 1647 814 con-

175 829 398 869 siliario
423 842 477 866 se
501 829 874 869 administrum
909 832 1098 883 (latum,
1132 835 1223 884 quia
1246 835 1335 885 ipse
1350 834 1513 884 Jupiter
1535 836 1650 871 esset

179 885 458 934 consiliarius,
492 898 571 923 non
608 899 746 936 augur.

293 944 341 979 in
383 943 644 993 auspicio]
716 943 860 981 Mendi
901 947 1145 996 auspicia
1186 951 1250 984 est
1282 947 1384 984 haec
1413 945 1649 982 necessaria

181 1000 386 1038 correctio
418 999 651 1050 et‘pridem
688 997 867 1049 uulgata.
929 1002 1121 1052 Wagneri
1155 1005 1296 1054 inepta
1327 1007 1390 1040 est
1414 1003 1649 1040 coniectura

180 1058 267 1107 qui
308 1058 354 1092 in
396 1057 634 1106 auspicio
675 1068 794 1093 esse
834 1058 1097 1097 iusserint
1136 1073 1193 1097 sc.
1243 1060 1522 1109 magistratus.
1592 1058 1651 1095 Ut

181 1114 446 1162 magistratus
481 1124 689 1162 augurem,
714 1115 772 1150 ita
805 1114 945 1163 procul
980 1116 1103 1153 dubio
1137 1129 1288 1166 augur,
1316 1116 1381 1166 qui
1409 1116 1544 1165 capite
1576 1115 1650 1152 ob-

182 1169 317 1206 uoluto
360 1168 533 1206 sedebat
572 1166 689 1221 (Liu.
723 1169 761 1218 l,
800 1168 920 1223 18.),
959 1173 1190 1210 ministrum
1233 1175 1272 1210 in
1317 1173 1540 1222 auspicium
1575 1170 1650 1208 ad-

180 1227 360 1263 hibebat.
423 1225 517 1262 Mox
545 1224 686 1262 coeli
720 1230 903 1274 partes
938 1226 1203 1265 definitae
1228 1234 1323 1265 sunt
1345 1227 1515 1278 templa,
1549 1239 1652 1276 quae

179 1282 352 1319 liberata
381 1286 423 1318 et
456 1282 576 1318 effata
597 1281 748 1318 habere
777 1295 952 1331 augures
977 1283 1169 1322 ‹lic-untur
1196 1285 1243 1322 li.
1277 1290 1310 1334 ᾖ.
1337 1284 1405 1322 21.
1467 1285 1649 1331 Quorum

184 1340 284 1375 fines
316 1338 473 1374 ‹ln-liniti
508 1341 641 1386 erant,
675 1342 718 1373 ιιι
750 1339 858 1374 urbis
901 1342 1135 1388 pomoerio.
1177 1341 1242 1377 Cf.
1287 1341 1474 1388 {lartung
1513 1338 1650 1389 Relig.

182 1395 257 1432 der
303 1395 453 1430 wimer
494 1393 523 1430 l.
569 1406 609 1443 p.
655 1393 748 1432 117.
828 1394 943 1441 Quae
995 1397 1087 1444 quia
1127 1395 1275 1432 Bakius
1324 1394 1513 1432 confudit
1561 1407 1651 1431 cum

184 1450 351 1501 templis
386 1450 626 1498 minoribus,
661 1462 764 1499 quae
795 1462 922 1499 augur
953 1452 1059 1501 ipse,
1092 1453 1432 1502 quotiescumque
1465 1451 1653 1501 auspica-

184 1516 300 1544 turus
334 1511 436 1555 erat,
470 1504 571 1544 lituo
605 1505 842 1558 descripsit,
878 1507 1069 1559 imperite
1095 1521 1170 1560 pro
1195 1508 1453 1545 definitas
1475 1507 1655 1545 coniecit

184 1564 470 1601 diuinitus.

301 1631 445 1670 opem
489 1618 722 1669 referre]
794 1619 907 1658 Haec
961 1620 1084 1659 codd.
1136 1621 1242 1659 dett.
1292 1621 1494 1672 scriptura
1535 1617 1654 1672 (nam

186 1691 328 1729 parum
369 1682 484 1714 recte
528 1689 576 1713 ex
617 1675 730 1713 Bakii
769 1675 938 1714 silentio
976 1676 1196 1727 collegeris
1238 1682 1275 1715 in
1319 1677 1439 1715 codd.
1487 1675 1551 1716 10.
1585 1675 1655 1715 39.

187 1736 257 1775 56.
291 1732 360 1773 96.
402 1746 495 1770 esse
545 1745 691 1784 opem
739 1734 819 1770 rei
869 1733 1119 1784 publicae
1179 1731 1351 1786 serre)
1391 1734 1658 1771 confirmatur

191 1790 338 1828 mendo
377 1789 468 1827 cod.
512 1790 544 1826 Ε
584 1789 846 1838 referret,
880 1795 923 1827 ut
955 1802 1059 1841 quae
1091 1796 1155 1828 est
1185 1793 1225 1828 in
1259 1791 1379 1829 codd.
1422 1791 1452 1828 A
1487 1790 1553 1829 11.
1586 1788 1656 1838 65,

189 1861 336 1897 opem
381 1847 454 1883 rei
498 1845 743 1896 publicae
786 1846 954 1896 ferre,
1007 1849 1304 1885 correctionem
1353 1859 1446 1885 esse
1493 1851 1657 1897 pateat,

190 1917 314 1954 sacpe
355 1904 392 1940 in
432 1902 496 1939 his
540 1901 660 1940 codd.
711 1906 924 1939 tentatam.
998 1904 1126 1952 Quam
1175 1906 1381 1942 immerito
1434 1905 1660 1954 probarunt

192 1962 301 1998 Man.
344 1958 444 2009 (sed
482 1959 551 1995 hic
591 1960 668 1996 rei
698 1957 835 2010 publ.
868 1959 1014 1998 serre
1047 1959 1222 2014 opem)
1256 1961 1396 1998 Lamb.
1430 1960 1528 1997 Dau.
1561 1959 1659 1998 sch.

196 2018 300 2054 Mos.
346 2018 416 2053 Or.
460 2015 558 2052 Bak.
619 2017 674 2054 At
719 2028 950 2066 nusquam,
1000 2018 1219 2068 inquiunt,
1269 2019 1478 2067 quisquam
1527 2018 1659 2053 bonus

192 2075 369 2123 scriptor
401 2073 503 2109 dixit·
536 2085 679 2122 opem
711 2072 937 2109 referre.
1000 2073 1053 2110 Et
1085 2074 1248 2123 quidem
1283 2073 1363 2110 dici
1398 2086 1477 2109 non
1511 2074 1658 2122 potuit,

194 2137 236 2167 ut
270 2128 517 2178 simpliciter
549 2127 686 2165 auxilii
718 2127 880 2164 serendi
909 2131 1020 2164 notio
1051 2129 1344 2165 declararetur.
1409 2129 1537 2165 Recte
1560 2139 1657 2164 uero

191 2185 381 2223 hocloco
415 2197 532 2233 opem
568 2184 728 2219 referre
759 2194 930 2231 augures
963 2184 1170 2232 (licuntur,
1204 2187 1269 2234 qui
1305 2185 1343 2221 in
1376 2184 1506 2220 lorum
1530 2196 1660 2234 quen-

194 2242 285 2279 dam
320 2256 366 2278 se
402 2240 621 2277 conserunt
652 2245 772 2288 atque
807 2240 901 2276 inde
936 2243 1112 2289 regressi
1150 2254 1268 2291 opem
1294 2240 1497 2278 referunt.
1559 2241 1660 2277 [Nam

192 2298 353 2336 referre
396 2309 473 2334 non
507 2295 637 2333 solum
674 2297 751 2332 uim
786 2296 910 2334 habet
945 2299 1028 2345 rei,
1071 2310 1189 2347 qiuam
1230 2299 1270 2333 in
1310 2295 1442 2333 locum
1485 2295 1660 2346 aliquem

195 2354 355 2402 tuleris,
390 2353 486 2390 inde
520 2351 783 2400 referendae,
815 2352 885 2389 sed
922 2354 1043 2391 etiam
1078 2354 1160 2402 rei,
1191 2366 1309 2403 quam
1349 2354 1581 2403 inueneris,
1617 2354 1661 2389 in

195 2410 372 2448 eundem
420 2409 554 2447 locum
601 2409 878 2458 referendae,
933 2409 1040 2447 unde
1090 2412 1266 2459 primum
1326 2411 1538 2460 profectus
1587 2409 1661 2458 sie,

193 2466 322 2505 ueluti
367 2465 472 2516 apud
505 2465 623 2503 Caes,
656 2465 704 2502 B.
738 2464 783 2503 C.
818 2466 860 2513 Ι,
893 2464 962 2506 35.
1024 2465 1345 2504 Massiliensium
1386 2465 1510 2516 legati
1554 2466 1662 2504 cae-

197 2524 303 2561 saris
339 2524 565 2560 orationem
600 2520 763 2559 domum
793 2521 952 2560 referre
986 2528 1028 2560 et
1059 2524 1098 2559 in
1132 2523 1293 2572 Fragm.
1330 2522 1415 2560 Cic.
1459 2536 1521 2573 ap.
1556 2525 1660 2562 Nou.

196 2580 304 2629 350,
335 2578 404 2617 31.
447 2578 570 2627 legati
614 2576 863 2628 simpliciter
902 2592 1098 2629 responsa
1130 2579 1290 2616 referre
1323 2578 1524 2618 dicuntur.
1588 2582 1661 2617 At-

198 2649 278 2687 que
317 2636 409 2673 huic
448 2636 594 2672 rationi
628 2637 781 2685 optime
814 2637 1010 2673 conuenit
1043 2634 1119 2673 loci
1153 2635 1376 2685 descriptio
1409 2647 1432 2672 e
1461 2649 1482 2684 q
1497 2636 1661 2684 nibus,

200 2706 273 2743 pro
314 2705 392 2742 quo
433 2693 523 2728 sine
563 2691 681 2729 codd.
733 2693 976 2730 auctoritate
1019 2698 1061 2729 et
1100 2693 1188 2729 sine
1229 2690 1308 2729 ulla
1349 2704 1466 2728 causa
1514 2690 1663 2729 idonea

202 2749 334 2789 Gebh.
364 2749 463 2789 Em.
501 2747 636 2799 Wagn.
668 2748 791 2788 Goer.
826 2748 920 2788 sch.
954 2749 1013 2786 de
1044 2750 1252 2799 quibus,
1297 2747 1402 2787 Uict.
1445 2754 1487 2786 et
1517 2748 1662 2800 §teplh
