1781 3192
521 181 678 219 LIBER
710 179 930 221 PRlMUS.
978 179 1077 221 CAP.
1102 182 1166 220 ΙΙΙ.
1531 183 1584 219 17

117 293 296 346 positum
344 305 546 344 nunquam
586 291 637 330 ad
677 290 807 331 solum
853 294 1152 332 substantiuum
1183 294 1388 346 pertinet,
1421 292 1496 331 sed
1529 293 1579 332 ad

118 350 328 388 notionem
360 361 408 386 ex
440 350 694 387 substantiuo
726 353 768 386 et
802 347 1007 387 adiectiuo
1039 352 1270 397 conflatam)
1312 351 1354 388 in
1386 347 1473 387 sola
1503 362 1579 401 po·

116 408 239 445 situm
282 411 348 443 est
386 404 453 443 uel
489 404 681 444 adiectiui
722 402 788 443 uel
823 406 1077 456 pronominis
1123 408 1343 459 praecipua
1390 407 1576 445 notione.

116 461 171 502 cf.
205 460 257 500 de
288 461 355 500 Or.
383 461 416 513 Ι,
448 461 588 503 5.16.
619 459 872 512 quandam
905 461 1289 501 incredibilem
1320 463 1577 514 magnitu-

116 517 305 612 digem.
345 519 401 558 ib.
431 518 482 569 ll,
514 516 583 558 74.
613 515 712 560 299.
753 517 1070 558 incredibili
1119 519 1335 570 quadam
1382 521 1577 571 magni-

115 578 167 612 tu
219 574 315 612 ine.

230 641 290 679 ad
321 654 344 680 e
360 654 506 680 orum
538 653 749 680 numeru
761 642 820 692 m]
852 642 877 681 i.
900 655 937 682 e.
959 655 1041 682 non
1063 645 1218 682 maiora
1239 644 1436 695 suscipio,
1459 655 1577 693 quam

114 710 215 750 quae
244 699 386 750 paucis
407 696 491 736 illis
516 697 659 736 diebus
682 697 730 736 ad
752 698 1032 738 rusticandum
1052 701 1152 739 mihi
1173 699 1279 738 datis
1300 698 1458 737 absolui
1478 711 1577 750 pos-

113 755 212 794 sint.
273 753 361 792 Non
391 755 521 805 magis
553 755 679 806 igitur
708 755 750 793 h.
782 754 811 793 l.
845 755 1060 808 hypallage
1089 757 1339 807 agnoscitur,
1370 767 1486 806 quam
1508 760 1578 792 aut

113 811 166 850 de
195 810 287 850 Diu.
321 807 380 861 ΙΙ,
413 808 547 852 9.16.
597 823 694 850 nec
743 812 838 850 hoc
886 824 1099 863 quaero,
1141 825 1228 851 cur
1266 812 1394 850 haec
1424 811 1578 848 arbor

111 881 209 906 una
255 871 334 906 ter
383 865 586 906 floreat
634 871 716 905 aut
757 880 843 906 cur
882 869 1061 907 arandi
1105 869 1473 907 maturitatem
1516 865 1576 903 ad

111 926 311 976 signum
353 923 511 962 floris
550 923 936 974 accommodet,
977 929 1046 964 aut
1086 924 1139 963 de
1180 925 1280 976 Leg.
1321 920 1380 974 ΙΙ,
1420 922 1463 963 8.
1503 921 1575 963 20.

110 980 247 1019 alios
287 980 347 1018 ad
388 979 504 1018 dies
547 981 848 1019 ubertatem
890 981 1051 1020 lactis
1091 988 1360 1020 seruanto.
1420 980 1574 1029 Quem-

111 1036 328 1075 admodum
361 1038 474 1074 enim
501 1035 572 1074 illo
603 1035 693 1074 loco
726 1036 831 1086 dies,
864 1038 1005 1087 quibus
1035 1050 1151 1076 sacra
1181 1039 1303 1086 fiant,
1340 1041 1438 1074 sunt
1475 1047 1574 1072 con-

108 1093 268 1140 stituti,
300 1094 355 1131 ita
386 1093 426 1131 h.
459 1092 487 1132 1.
520 1093 733 1130 constituti
761 1096 857 1130 sunt
883 1092 974 1130 dies
1006 1093 1057 1131 ad
1086 1092 1367 1131 rusticandum
1395 1090 1498 1141 dati,
1530 1094 1574 1127 ut

109 1147 159 1187 ad
191 1160 331 1187 eorum
362 1161 576 1186 numerum
608 1160 711 1199 quae
743 1149 977 1186 scribuntur
1005 1148 1377 1188 accommodentur.

218 1230 540 1281 praeparato
581 1227 714 1278 otio]
777 1226 1070 1278 Praeparatum
1114 1227 1240 1265 otium
1279 1229 1395 1265 recte
1426 1225 1575 1264 Bakius

108 1283 210 1324 dixit
241 1286 390 1337 opponi
422 1285 676 1336 temporibus
709 1284 948 1333 subsiciuis,
994 1296 1096 1334 quae
1126 1282 1334 1322 interdum
1366 1283 1577 1320 incurrant

107 1354 188 1380 non
221 1341 420 1392 quaesita,
455 1354 631 1392 esseque
663 1341 816 1390 otIum,
850 1339 957 1391 quod
992 1340 1163 1378 remotis
1195 1339 1396 1391 negotiis,
1427 1339 1572 1390 quibus

108 1412 130 1436 a
156 1397 445 1450 persequenda
476 1411 521 1436 re
554 1401 745 1449 suscepta
777 1409 1009 1447 auocemur,
1038 1397 1156 1435 nobis
1178 1397 1257 1448 ipsi
1278 1397 1573 1449 parauerimus.

221 1489 331 1516 cum
363 1489 465 1515 sem
481 1476 530 1514 el
558 1477 660 1526 cet.]
694 1476 736 1514 ln
761 1475 852 1515 cod.
877 1478 1116 1528 archetypo,
1139 1478 1180 1515 in
1204 1489 1282 1527 quo
1302 1475 1404 1513 haec
1434 1480 1574 1512 erant:

109 1545 223 1572 cum
271 1532 435 1571 semel
486 1533 607 1585 quid
653 1545 804 1570 orsus
845 1535 887 1571 si
928 1534 1184 1572 traducor
1222 1531 1325 1570 alio
1370 1532 1572 1570 turbatam

110 1602 204 1628 esse
235 1591 462 1628 orationem
504 1602 624 1628 nemo
666 1602 746 1627 non
788 1589 913 1629 uidet.
974 1591 1101 1639 Quam
1140 1591 1218 1627 etsi
1248 1591 1305 1627 ita
1336 1586 1574 1626 defenderit

110 1647 325 1697 quispiam,
357 1651 401 1684 ut
424 1647 685 1695 Ciceronem,
713 1658 803 1684 cum
836 1646 1106 1697 temporalem
1137 1643 1378 1697 particulam
1408 1644 1573 1696 posuis-

107 1708 174 1742 set
203 1715 375 1753 eamque
405 1704 626 1754 posteriori
658 1704 891 1740 sententiae
921 1715 1004 1741 non
1035 1701 1253 1740 admodum
1287 1699 1571 1739 accommoda-

106 1764 189 1798 tam
221 1771 315 1797 esse
345 1760 560 1809 sensisset,
594 1771 641 1796 se
671 1760 805 1810 ipsum
838 1761 1068 1798 correxisse
1099 1759 1223 1808 dicat,
1255 1758 1334 1796 hoc
1366 1757 1569 1795 tamenin

106 1816 184 1854 hoc
215 1819 296 1854 tam
331 1817 446 1854 breui
476 1817 695 1854 uerborum
727 1814 939 1867 complexu
970 1829 1051 1854 non
1083 1814 1304 1853 admodum
1328 1811 1571 1852 uerisimile

108 1878 186 1911 est.
246 1873 332 1911 Nec
374 1885 473 1911 uero
512 1872 682 1923 expulsa
718 1872 919 1923 particula
960 1873 1028 1922 si,
1076 1874 1190 1911 cuius
1235 1883 1335 1910 sane
1376 1868 1571 1909 facillima

109 1928 294 1980 expulsio
334 1934 399 1967 est
439 1928 704 1980 (expulerunt
743 1932 878 1966 autem
910 1933 1007 1980 post
1036 1929 1195 1967 Manut.
1229 1933 1272 1966 et
1301 1927 1441 1966 Lamb.
1472 1924 1572 1964 reli-

108 1987 175 2036 qui
207 1983 374 2039 omnes)
416 1986 613 2023 orationis
642 1986 859 2036 integritas
891 1987 1149 2035 restituitur,
1182 1986 1215 2023 si
1247 1983 1415 2035 quidem
1445 1982 1572 2020 uerba

107 2054 212 2081 cum
245 2041 409 2080 semel
441 2043 659 2080 coniuncta
688 2043 901 2092 aptissime
934 2041 984 2080 ad
1016 2041 1265 2079 ordiendi
1304 2041 1474 2078 uerbum
1504 2049 1573 2077 re-

105 2098 294 2138 feruntur
330 2096 448 2151 (Par.
483 2095 564 2148 ΙΙΙ,
600 2097 636 2139 1.
669 2096 788 2152 20.),
829 2110 911 2135 non
941 2100 1041 2136 item
1070 2097 1123 2136 ad
1153 2095 1498 2145 traducendi,
1529 2095 1571 2131 in

106 2168 184 2206 quo
225 2153 474 2193 conditionis
505 2155 730 2206 descriptio
762 2155 998 2205 requiritur.
1064 2155 1202 2204 Quare
1233 2153 1312 2191 hoc
1345 2164 1472 2190 unum
1502 2162 1571 2188 re-

105 2211 261 2262 liquum
294 2217 374 2261 est,
406 2216 451 2249 ut
481 2225 572 2251 cum
604 2209 768 2249 Halmio
801 2211 842 2249 in
874 2209 1069 2249 Schneid.
1100 2209 1218 2253 Phil„
1233 2209 1263 2249 1.
1284 2222 1325 2261 p·
1353 2206 1448 2249 173.
1470 2208 1573 2245 haec

107 2268 169 2307 sic
198 2268 472 2318 refinganturz
514 2280 620 2307 cum
663 2266 829 2306 semel
869 2267 994 2318 quid
1034 2280 1189 2306 orsus
1222 2278 1348 2315 sum,
1387 2265 1431 2303 si
1468 2268 1570 2302 tra-

107 2323 267 2361 ducor
304 2322 441 2372 alio,
478 2323 588 2374 quod
622 2336 752 2375 prope
793 2323 902 2362 idem
943 2328 1040 2361 ante
1091 2325 1328 2362 coniecerat
1368 2321 1573 2368 Dauisius‚

112 2380 177 2430 qui
209 2379 311 2416 haec
343 2379 671 2418 commendauit:
703 2392 805 2417 cum
838 2377 1001 2417 semel
1033 2379 1156 2431 quid
1187 2392 1339 2418 orsus
1371 2379 1491 2426 sim,
1530 2378 1574 2413 si

107 2434 242 2473 trad.
309 2434 411 2473 Nam
443 2435 662 2474 Goerenzii
705 2437 940 2475 coniectura
970 2449 1101 2488 cum,
1141 2434 1302 2475 simul
1342 2432 1466 2486 quid
1497 2445 1574 2470 or·

106 2504 193 2530 sus
235 2504 365 2541 sum,
404 2492 650 2531 traducor
690 2490 817 2542 alio,
867 2505 943 2543 qua
984 2502 1051 2532 res
1089 2491 1285 2532 celeriter
1324 2495 1572 2530 consecutae

105 2546 390 2598 declarantur,
434 2549 482 2586 ab
524 2548 602 2586 hoc
640 2546 731 2586 loco
763 2547 896 2587 aliena
937 2554 1014 2590 est.
1072 2549 1224 2589 Bakius
1256 2561 1371 2598 uero,
1402 2550 1469 2599 qui
1500 2559 1571 2586 ce-

104 2605 208 2642 teris
256 2605 433 2643 seruatis
479 2607 554 2643 sic
594 2617 669 2656 pro
709 2606 755 2643 si
795 2606 1124 2658 commendauit,
1174 2606 1283 2657 quod
1321 2605 1431 2644 idem
1477 2608 1571 2642 ante

106 2659 246 2699 nescio
278 2661 366 2711 quis
397 2663 627 2699 coniecisse
659 2661 707 2698 ab
739 2660 896 2701 Orellio
927 2662 1093 2715 dicitur,
1122 2660 1347 2715 particulae
1378 2662 1448 2700 isti
1489 2661 1571 2698 uim

108 2716 308 2767 quandam
348 2718 493 2756 tribuit
534 2716 786 2770 (repente
828 2718 936 2757 enim
979 2732 1073 2759 esse
1112 2717 1264 2773 dicit),
1312 2731 1431 2770 quam
1471 2729 1571 2754 nus-

108 2785 224 2822 quam
265 2775 518 2813 assumserit.
579 2775 623 2812 ln
662 2773 754 2812 loco
791 2774 954 2825 quidem
995 2776 1207 2815 Ciceronis
1248 2777 1297 2814 ab
1328 2778 1418 2825 ipso
1451 2772 1573 2811 allato

1317 2844 1339 2875 2
