1781 3192
447 197 603 237 {ABER
635 196 892 237 TERTIUS.
942 197 1041 237 ΟΜ».
1076 197 1141 236 lx.
1437 196 1525 235 287

70 313 184 363 quasi
237 311 463 361 interrupta
518 310 648 347 oratio
704 307 1090 360 redintegraretur,
1142 309 1289 348 Bakins
1351 308 1526 361 denique

71 371 416 419 quisquamne
450 365 773 403 commendaret.
835 367 886 404 At
917 368 1094 416 repetita
1123 365 1322 417 particula
1347 367 1525 417 grauita-

70 431 153 463 tem
195 424 367 462 orationi
414 422 573 460 addidit
614 422 781 459 incitato
819 422 913 460 huic
951 424 1090 471 Quinti
1133 424 1310 461 sermoni
1352 425 1526 461 maxime

71 479 430 520 accommodatam.
472 476 644 516 Pluralis
673 490 865 515 numerus
894 475 1070 531 (nobis
1090 502 1143 507 -—
1169 484 1314 517 statu
1341 486 1525 518 nostro

72 560 123 566 --
153 536 304 574 nobis
333 532 566 588 quidem)
597 547 686 583 nec,
718 539 760 572 ut
793 535 956 572 Mose-ro
992 537 1121 573 uisum
1153 541 1231 585 est,
1274 536 1522 586 imprudenti

71 592 259 633 Ciceroni
280 590 448 640 excidit,
474 604 548 628 nec
575 589 749 628 librariis
773 590 961 640 debetur,
987 592 1326 642 quemadmodum
1356 593 1523 630 Rathius

70 648 289 696 iudicauit,
322 647 397 684 sed
430 660 477 684 eo
512 648 669 696 nititur,
710 646 818 697 quod
851 661 952 698 quae
994 647 1043 685 ad
1078 650 1257 686 Marcum
1302 647 1366 687 uel
1410 663 1522 687 com-

67 702 186 742 moda
220 703 285 741 uel
318 704 575 740 incommoda
605 704 830 754 pertinent,
863 709 904 741 et
936 705 1066 755 ipsum
1093 706 1285 754 Quintum
1318 707 1522 756 attingere

69 760 276 799 uidentur.
345 761 411 797 Sic
458 759 648 797 similiter
687 760 850 797 Marcus
901 760 951 798 ad
990 762 1128 810 Quint.
1178 762 1248 800 Fr.
1294 761 1330 811 Ι,
1372 759 1408 801 9.
1453 763 1520 801 27.

67 829 175 856 cum
208 829 352 864 uero,
392 817 546 866 inquit,
587 817 631 853 ei
671 817 858 866 generi
898 817 1155 855 hominum
1197 819 1520 869 praesimuS,

67 874 144 911 etsi
176 885 257 910 non
286 874 400 923 ipse,
433 872 508 909 sed
536 873 666 910 frater
704 873 938 923 prouinciae
970 875 1162 924 praefuit.
1206 874 1271 912 Cf.
1306 876 1344 912 iu
1378 876 1521 925 primis

66 931 153 968 Cic.
196 928 246 966 ad
278 930 416 978 Quint.
449 929 518 967 Fr.
554 926 596 978 I,
636 927 697 968 14.
732 927 799 968 41.
851 929 1051 968 Laudauit
1093 932 1216 968 etiam
1257 931 1406 969 Bakius
1437 932 1520 972 Cic.

65 985 116 1024 de
148 985 238 1024 Diu.
273 982 307 1035 I,
340 985 407 1025 28.
441 983 507 1025 59.

177 1046 274 1080 tam
315 1043 464 1079 nobis
502 1040 772 1090 inimicus]
844 1042 922 1079 llic
963 1042 1178 1080 uerborum
1221 1042 1345 1092 ordo,
1400 1055 1518 1093 quem

62 1102 158 1150 post
200 1098 310 1136 Uict.
351 1099 498 1135 merito
532 1110 579 1134 ex
611 1096 848 1134 melioribus
881 1097 999 1136 codd.
1035 1099 1177 1136 Bakius
1210 1101 1392 1137 restituit
1428 1098 1520 1153 (re—

62 1156 164 1205 liqui
195 1167 337 1192 omnes
369 1159 466 1192 tam
499 1154 748 1190 inimicus
780 1152 956 1206 nobis)
988 1159 1029 1190 et
1068 1157 1392 1192 numerosiorem
1425 1155 1520 1193 red-

62 1211 125 1249 dit
156 1212 380 1249 orationem
416 1216 458 1247 et
489 1209 644 1258 efficit,
680 1213 722 1246 ut
758 1207 916 1247 leuiore
948 1208 1090 1247 uocula
1122 1212 1365 1261 interposita
1394 1213 1518 1249 uerba

60 1272 160 1306 tam
192 1289 246 1294 —
277 1267 528 1304 inimicus
560 1265 688 1315 magis
721 1269 931 1304 acuantur.
973 1265 1034 1305 Cf.
1067 1267 1182 1306 Lael.
1215 1268 1256 1318 3,
1294 1266 1358 1307 11.
1391 1280 1520 1320 quam

61 1328 232 1363 autem
263 1322 474 1361 ciuitati
518 1333 651 1361 carus
691 1320 886 1372 fuerit,
925 1335 1161 1362 moerore
1200 1324 1407 1362 funeris
1447 1326 1518 1362 in-

62 1381 292 1418 dicatum
324 1383 421 1417 est.
473 1378 536 1418 Cf.
571 1390 673 1428 quae
705 1377 790 1415 dixi
823 1378 867 1418 ΙΙ,
901 1379 935 1428 ᾗ.
969 1376 1006 1418 9,

174 1447 273 1472 non
320 1433 465 1472 modo
510 1433 616 1471 ulla
658 1435 712 1470 in
744 1433 918 1485 domo,
958 1434 1047 1472 sed
1083 1434 1233 1473 nulla
1272 1437 1317 1474 in
1358 1442 1518 1487 gente

61 1493 89 1530 i.
123 1503 160 1529 e.
200 1503 282 1527 non
322 1489 452 1527 dicam
496 1488 579 1527 ulla
610 1490 650 1527 in
683 1488 803 1527 domo
831 1491 858 1529 i.
890 1504 928 1529 e.
958 1489 1114 1529 familia
1152 1490 1313 1543 plebeia
1354 1506 1517 1531 mucro-

60 1560 154 1585 nem
195 1546 311 1584 illum
352 1547 610 1584 tribunicium
650 1558 729 1583 non
770 1548 955 1597 potuisse
993 1549 1167 1598 reperiri
1206 1545 1322 1601 (nam
1357 1549 1397 1587 id
1431 1548 1516 1587 for-

61 1608 174 1641 tasse
214 1604 380 1640 nimium
422 1600 582 1656 esset),
633 1602 707 1640 sed
752 1604 791 1640 in
841 1605 1054 1654 gentibus,
1105 1617 1208 1654 quae
1254 1607 1516 1656 patriciorum

61 1664 178 1698 erant
209 1658 325 1712 (Liu.
346 1659 396 1708 X,
417 1656 499 1711 8.),
533 1664 646 1697 certe
677 1661 847 1709 reperiri
879 1673 959 1698 non
991 1661 1137 1712 potuit.
1203 1661 1381 1700 Temere
1403 1662 1516 1701 Man.

60 1720 104 1754 et
132 1716 275 1754 Lamb.
303 1717 344 1753 in
374 1729 500 1766 marg.
535 1715 634 1753 edit.
675 1715 797 1756 1584.
831 1717 924 1755 sed
956 1717 1121 1766 nulla3
1164 1717 1286 1768 idque
1326 1719 1514 1757 Dauisius

59 1785 220 1824 quoque
249 1773 462 1824 probauit,
491 1773 569 1809 nisi
600 1771 710 1810 forte
741 1773 1003 1811 scribendum
1035 1775 1089 1811 sit
1117 1787 1213 1812 non
1239 1773 1384 1813 modo
1410 1774 1516 1813 ulla

58 1832 108 1868 in
140 1828 310 1879 domo,
352 1827 443 1866 sed
482 1841 571 1866 nec
606 1827 714 1866 ulla
744 1830 791 1866 in
824 1836 995 1881 geute.
1058 1830 1243 1881 Negandi
1274 1832 1353 1869 uim
1382 1833 1422 1869 in
1455 1830 1514 1870 al-

58 1891 148 1924 tera
180 1885 413 1923 sententiae
444 1890 561 1936 parte
592 1897 825 1936 expressam
866 1885 986 1925 simul
1026 1885 1076 1924 ad
1117 1889 1296 1939 priorem
1329 1887 1513 1926 eiusdem

58 1944 292 1981 sententiae
331 1946 490 1992 partem
527 1942 738 1993 pertinere
776 1943 873 1981 satis
915 1948 1100 1992 constat3
1139 1957 1229 1982 nam
1270 1956 1412 1996 parum
1447 1958 1514 1982 ac-

57 2003 199 2037 curate
236 1999 521 2050 praecipiunt,
561 1999 626 2049 qui
666 2011 758 2036 non
799 1999 943 2038 modo
981 2012 1054 2051 pro
1093 2013 1188 2038 non
1228 1999 1374 2038 modo
1415 2013 1513 2038 non

55 2055 152 2107 poni
194 2053 348 2093 dicunt.
389 2054 452 2094 Cf.
493 2054 579 2093 Cic.
620 2055 688 2094 Ac.
727 2054 780 2104 ΙΙ,
830 2053 894 2095 19.
939 2055 1008 2097 62.
1049 2057 1183 2106 quod
1227 2070 1326 2095 non
1371 2057 1512 2095 modo

55 2116 202 2149 recte
232 2111 385 2159 fieri,
418 2109 506 2148 sed
538 2112 753 2148 omnino
795 2111 920 2150 fieri
959 2125 1052 2150 non
1094 2118 1292 2163 potest.
1333 2114 1512 2162 0ff.111‚

61 2166 128 2208 19.
162 2167 228 2207 77.
261 2179 333 2218 pro
365 2165 465 2205 Sull.
502 2164 549 2217 9,
582 2166 651 2208 26.
723 2167 998 2207 Descenditnr
1036 2174 1171 2207 autem
1215 2183 1236 2206 a
1274 2182 1318 2207 re
1358 2171 1512 2207 maiore

57 2224 110 2261 ad
160 2225 383 2272 minorem3
434 2236 510 2274 quo
562 2224 601 2261 in
642 2235 795 2273 genere
830 2225 1005 2263 Romani
1045 2225 1133 2264 sola
1177 2225 1377 2278 particula
1422 2225 1511 2263 sed

57 2285 240 2317 utuntur.
301 2279 387 2317 Cic.
421 2280 472 2316 de
504 2281 604 2331 imp.
643 2282 717 2318 Cn.
751 2281 895 2333 Pomp.
929 2282 1007 2331 22,
1045 2281 1114 2323 66.
1154 2295 1276 2333 quae
1317 2284 1510 2320 ciuitas

58 2335 208 2372 estin
232 2334 378 2384 Asia,
403 2347 531 2385 quae
553 2348 649 2373 non
674 2336 822 2374 modo
846 2340 1189 2390 imperatoris
1213 2343 1298 2377 aut
1319 2337 1509 2388 legati,

57 2390 149 2428 sed
200 2391 353 2428 unius
400 2391 606 2429 tribuni
662 2392 886 2431 militnm
936 2396 1135 2432 animos
1182 2408 1235 2432 ac
1289 2396 1509 2446 spiritus

56 2458 243 2498 capere
273 2447 468 2497 possit.
500 2460 575 2498 pro
608 2448 717 2486 Sest.
751 2448 821 2500 20,
853 2448 923 2490 45.
985 2452 1098 2500 Quae
1139 2450 1290 2490 deinde
1327 2464 1509 2489 comme-

54 2509 239 2542 moratur
274 2505 454 2553 gentium
494 2505 772 2555 perturbatio,
819 2518 866 2544 ea
906 2512 1065 2558 spectat
1105 2507 1155 2545 ad
1196 2506 1406 2557 Clodium,
1443 2509 1510 2559 qui

55 2573 143 2598 cum
183 2561 378 2612 patricius
411 2565 547 2610 esset,
586 2575 608 2599 a
636 2560 836 2613 Fonteio,
877 2563 1043 2603 homine
1071 2562 1259 2617 plebeio,
1293 2563 1509 2616 adoptatus

55 2621 136 2667 est,
179 2621 221 2655 ut
261 2615 313 2654 ad
350 2617 597 2655 tribunatum
640 2623 783 2667 posset
821 2619 1042 2671 accedere,
1081 2634 1198 2672 quem
1239 2619 1318 2659 soli
1357 2619 1510 2673 plebeii

53 2684 203 2725 capere
231 2678 439 2725 poterant.
468 2674 558 2712 Liu.
592 2670 669 2724 IV,
702 2675 770 2716 25.
802 2675 889 2715 Cic.
921 2690 994 2729 pro
1028 2677 1141 2719 Dom.
1180 2676 1253 2731 13,
1280 2676 1334 2718 34
1365 2681 1406 2715 et
1437 2676 1509 2717 35.

54 2730 392 2769 Perturbatio
435 2736 569 2769 autem
609 2737 800 2782 uocatur,
841 2734 934 2784 quia
973 2739 1114 2772 contra
1154 2736 1215 2773 ius
1252 2734 1507 2785 pontificium

53 2791 96 2824 et
133 2792 276 2825 contra
313 2788 500 2841 auspicia
531 2787 640 2827 faeta
681 2787 847 2842 adoptio
895 2794 983 2842 est,
1032 2803 1163 2843 eoque
1215 2792 1338 2829 uerba
1386 2791 1507 2827 etiam
