1781 3192
190 128 282 190 333
850 149 1019 189 1NnEx

197 271 366 306 mamque
392 262 468 295 284.
992 262 1048 295 55.
1097 272 1126 294 c.
1153 262 1264 306 genit.
1292 262 1370 296 204.
1421 264 1488 299 fut.
1516 270 1581 301 act.
1610 268 1663 300 78.

198 310 347 341 natura
372 310 407 339 et
431 317 455 339 a
483 309 631 339 natura
656 307 710 339 28.
995 306 1074 339 305.

195 363 245 385 ue
269 352 305 386 in
338 352 511 394 interrog.
536 362 714 395 suspensa
740 352 770 384 6.
942 352 1197 396 participare
1223 352 1382 396 aliquem
1407 355 1461 388 57.

198 408 270 431 nee
293 396 411 440 prisce
436 408 499 439 pro
525 407 605 430 non
633 398 709 431 161.
735 398 813 431 255.
855 406 921 440 pro
943 398 1098 440 partim
1123 399 1202 432 200.

246 452 343 475 neue
373 443 447 475 153.
478 443 555 476 268.
941 443 1116 486 partitio
1142 444 1223 477 216.

197 488 317 522 uenia
341 487 417 520 239.
944 489 1058 532 patio
1084 488 1203 531 prisce
1228 499 1294 532 pro
1319 488 1437 533 patior
1461 490 1541 525 269.

196 544 241 612 33}
267 543 376 610 2³2⁶...
404 543 485 613 {¹35⁶
511 535 568 566 ⁷⁷'
942 536 1358 625 {32521523‘253380'92-106.

198 622 283 657 Nili
310 625 388 657 121.
942 626 1156 669 percipere
1183 627 1239 660 94.

198 670 279 702 nisi
300 668 397 702 forte
424 672 457 703 4.
945 668 1169 713 perieulum
1194 673 1224 705 9.

196 715 402 748 nominari
428 726 471 748 re
500 718 536 747 ct
561 726 585 748 a
613 726 654 747 re
683 718 757 748 111.
943 725 1180 759 permonere
1206 718 1288 753 323.

196 761 485 804 nomophylaces
514 761 594 794 328.
944 764 1180 805 permutare
1205 764 1285 796 285.

196 816 278 840 ‘non
296 806 333 839 in
354 806 566 839 admirando
596 809 631 839 et
656 806 920 849 interrogando
945 807 1173 850 perniciose
1193 806 1409 853 popularis
1434 809 1511 842 298.

241 853 297 885 81.
325 853 402 886 329.
451 852 489 885 in
523 851 700 896 interrog.
735 852 922 885 rhetorica
942 853 1172 897 perniciose
1197 855 1367 887 sciscere
1394 855 1475 887 139.

246 907 312 940 per
336 908 438 941 pron.
466 898 644 942 interrog.
672 898 772 930 elata
798 899 878 933 282.
947 908 1102 941 persona
1126 898 1286 932 hominis
1326 910 1391 943 pro
1418 900 1496 941 ipso
1521 897 1669 932 homine

199 951 281 975 non
302 944 361 975 ita
390 945 466 977 122.
504 954 585 977 non
609 945 668 976 ila
696 946 755 976 est
780 946 816 977 et
842 954 921 977 non
996 944 1073 977 199.

244 991 303 1021 est
329 989 389 1021 ita
415 990 474 1022 31.
516 1031 519 1033 Β
947 999 1102 1032 persona
1116 989 1226 1025 tertia
1239 989 1412 1035 sing-pro
1434 1001 1534 1034 pron.
1556 988 1667 1023 indes.

198 1043 279 1068 non
305 1033 423 1067 modo
444 1036 523 1069 271.
547 1044 627 1067 non
651 1033 770 1067 modo
798 1035 920 1077 (non),
993 1036 1073 1069 207.

243 1078 314 1112 sed
327 1083 499 1123 sequente
518 1080 676 1125 negandi
694 1081 827 1114 uocula
840 1083 918 1115 287.
948 1080 1142 1114 Phaedrus
1168 1082 1223 1114 96.

200 1134 365 1158 noscere
394 1128 446 1161 19.
947 1126 1205 1170 philosophiae
1231 1126 1432 1161 similitudo
1465 1137 1546 1160 cum
1581 1135 1670 1170 agro

202 1180 320 1203 nosse
346 1181 428 1203 rem
450 1169 561 1214 publ.
589 1172 669 1206 321.
997 1174 1072 1205 117.

202 1215 301 1249 notio
339 1226 411 1248 una
449 1216 627 1249 dissoluta
656 1216 696 1248 in
722 1215 813 1249 duas
839 1218 919 1250 299.
946 1217 1179 1260 pleonasmus
1204 1220 1258 1251 80.

244 1260 426 1294 contraria
459 1261 604 1294 auditur
636 1262 692 1295 68.
733 1263 808 1295 144.
838 1264 920 1296 247.
946 1261 1179 1306 plerumque
1204 1264 1261 1298 33.

244 1306 430 1350 generalis
456 1317 498 1338 ex
525 1305 678 1349 speciali
708 1307 782 1339 135.
812 1309 886 1340 154.
942 1307 1087 1352 ploera
1113 1309 1194 1340 257.

197 1351 338 1384 Numae
363 1351 470 1395 loges
495 1351 538 1383 de
563 1351 745 1394 religione
777 1353 853 1384 163.
947 1353 1099 1395 pluralis
1125 1363 1220 1384 num.
1247 1353 1362 1385 subst.
1387 1354 1468 1385 311.
1498 1351 1667 1384 abstract.

197 1406 303 1429 nunc
330 1399 385 1430 51.
994 1398 1047 1429 60.
1078 1398 1154 1429 191.
1183 1407 1283 1438 pron.
1314 1408 1407 1439 pers.
1433 1399 1514 1430 287.

197 1440 414 1475 obseruare
443 1447 478 1474 et
505 1451 669 1475 seruare
697 1443 726 1474 9.
948 1442 1127 1485 Polyidus
1152 1444 1228 1475 181.

200 1491 399 1532 occupata
425 1497 549 1532 opera
580 1489 631 1520 16.
948 1487 1130 1530 Pompeii,
1153 1487 1370 1531 cognomine
1396 1486 1523 1531 Magni
1564 1486 1670 1530 (127)

198 1532 352 1566 Octauio
390 1536 433 1567 tr.
468 1533 516 1575 pl.
546 1536 708 1576 potestas
744 1532 920 1575 abrogata
993 1534 1036 1565 de
1061 1532 1137 1567 Cic.
1159 1533 1364 1565 reuocando
1383 1531 1563 1567 sententia
1592 1532 1668 1566 327.

250 1579 328 1612 292.
947 1579 1126 1622 Popiliius
1153 1579 1295 1612 Laenas
1322 1579 1363 1613 C.
1390 1581 1467 1613 312.

198 1621 364 1666 offensio
390 1623 533 1657 iudicii
556 1625 633 1657 202.
948 1624 1131 1667 Popillius
1156 1625 1301 1657 Laenas
1326 1625 1365 1658 P.
1391 1626 1468 1659 298.

199 1667 365 1712 officina
390 1670 614 1714 sapientiae
644 1671 696 1702 65.
943 1669 1153 1715 popularis
1204 1681 1262 1702 res
1299 1672 1375 1704 157.
1417 1679 1512 1714 pop.
1560 1669 1667 1702 ratio

198 1713 287 1747 olea
309 1713 521 1748 Mineruae
545 1717 578 1747 4.
994 1717 1070 1748 312.

196 1761 357 1793 omnino
384 1763 439 1794 51.
947 1761 1097 1793 Porcius
1124 1762 1214 1794 Cato
1240 1762 1294 1794 Μ.
1324 1762 1399 1794 125.

197 1807 324 1839 omnis
353 1807 522 1839 castitas
548 1820 605 1838 =
633 1806 748 1839 omnis
775 1805 919 1850 generis
943 1809 1136 1851 portenta
1161 1806 1439 1850 participialiter
1466 1806 1540 1840 156.

241 1853 332 1884 cast.
362 1852 436 1884 176.
939 1855 1166 1897 potestates
1194 1854 1274 1886 264.

197 1897 341 1941 opinor
376 1896 413 1929 in
447 1896 636 1930 interiecta
671 1899 853 1934 sententia
889 1911 917 1932 c.
941 1897 1218 1943 praeeiclanea
1235 1907 1367 1942 porea
1393 1898 1470 1931 224.

244 1941 309 1975 inf.
338 1944 416 1976 120.
942 1953 1212 1989 praemonere
1241 1944 1463 1987 auspicium
1485 1944 1560 1976 157.

197 1987 272 2030 Ops
301 1989 379 2022 172.
945 2000 1167 2033 praenomen
1195 1989 1404 2022 restitutum
1431 1989 1509 2022 133.
1531 1989 1609 2021 218.

197 2033 316 2066 oratio
341 2033 530 2077 implicata
555 2036 609 2068 58.
636 2034 769 2068 leuiter
786 2036 920 2070 inflexa
942 2039 1242 2080 praeparatum
1269 2036 1394 2068 otium
1421 2036 1476 2067 17.

245 2079 302 2112 69.
328 2080 383 2113 72.
414 2080 488 2113 104.
522 2081 597 2114 140.
627 2079 700 2114 143.
729 2082 808 2117 272.
838 2083 917 2116 283.
944 2081 1165 2124 praepositio
1190 2081 1327 2114 omissa
1354 2083 1436 2113 anto
1463 2089 1564 2122 pron.
1597 2079 1665 2112 rel.

242 2125 321 2157 319.
370 2124 504 2157 leuiter
540 2125 684 2158 uariata
721 2128 797 2159 106.
839 2129 915 2159 156.
991 2128 1070 2159 308.
1100 2126 1234 2158 omissa
1260 2126 1296 2157 in
1324 2126 1440 2158 altera
1465 2123 1666 2157 sentcntiae

240 2170 320 2202 205.
349 2171 427 2202 326.
457 2173 555 2202 rocta
580 2169 640 2202 uia
673 2180 743 2202 non
769 2181 812 2202 oo
838 2175 917 2203 ten·
990 2174 1091 2212 parto
1119 2172 1171 2202 46.
1200 2172 1276 2202 210.
1304 2169 1459 2211 repetita
1487 2171 1564 2202 121.

245 2214 348 2253 dens,
376 2224 446 2255 quo
473 2214 631 2246 debebat
650 2215 728 2247 241.
755 2216 855 2248 recta
884 2218 918 2248 et
939 2219 1187 2259 praepotens
1231 2214 1326 2248 deus
1367 2214 1572 2248 Stoicorum
1609 2215 1662 2247 40.

242 2258 391 2301 obliqua
417 2258 569 2292 confusa
594 2261 669 2293 114.
724 2271 793 2293 non
822 2261 917 2305 legi·
990 2262 1067 2294 253.

240 2304 328 2337 time
353 2307 491 2338 structa
516 2306 571 2340 21.
601 2305 755 2348 abrupta
781 2307 857 2340 225.
937 2309 1155 2351 praestare
1180 2305 1302 2339 alicui
1326 2304 1407 2348 alqd
1433 2305 1490 2339 24.

199 2351 331 2383 oratio
356 2351 436 2383 ista
468 2352 518 2382 18.
938 2353 1131 2396 prauitas
1157 2354 1210 2385 55.

197 2395 371 2429 orationis
405 2395 568 2429 breuitas
604 2396 746 2429 duabus
771 2402 917 2431 senten·
939 2396 1089 2442 prendi
1113 2396 1245 2440 (perf.)
1275 2397 1351 2430 116.

240 2441 300 2474 tiis
335 2440 531 2476 contractis
564 2441 601 2476 in
633 2452 741 2477 unam
760 2445 813 2477 44.
842 2446 915 2479 132.
941 2444 1130 2488 princeps
1157 2444 1237 2476 273.
1285 2440 1467 2486 principes
1521 2441 1565 2474 do
1608 2452 1665 2475 sen

244 2488 320 2520 182.
347 2489 426 2520 283.
990 2493 1076 2522 natu
1102 2490 1154 2521 79.

196 2535 380 2565 oratores
405 2546 461 2565 =
488 2533 603 2577 legati
634 2535 707 2568 158.
941 2535 1145 2580 principia
1172 2537 1342 2567 naturae
1368 2534 1422 2566 87.

198 2577 373 2621 Orithyia
399 2581 430 2611 7.
940 2581 1142 2625 principio
1167 2583 1202 2612 ct
1228 2579 1437 2623 principia
1468 2579 1544 2613 113.

196 2633 239 2655 ns
262 2626 458 2656 resectum
481 2624 559 2656 224.
940 2628 1098 2671 priscus
1125 2627 1201 2659 284.

196 2667 457 2711 parentationis
485 2672 626 2712 tempus
653 2671 728 2704 221.
943 2671 1153 2716 priuileyia
1178 2672 1259 2704 269.

194 2713 404 2757 parricida
435 2715 508 2747 162.
943 2718 1118 2750 Proculus
1146 2716 1268 2750 Julius
1295 2718 1322 2748 7.

195 2759 320 2802 partic.
368 2759 511 2803 imperf.
566 2771 645 2794 cum
680 2763 791 2796 uerbo
832 2773 914 2797 esse
939 2762 1110 2808 proinde
1138 2776 1195 2796 =
1221 2760 1366 2805 perinde
1395 2762 1474 2796 215.
