1781 3192
230 178 321 218 244
802 177 874 218 DE
905 176 1141 218 LEGIBUS

238 287 320 342 III,
359 290 402 331 6.
440 289 507 331 14.
546 287 598 328 de
633 287 729 326 Fin.
755 285 820 338 V,
856 286 922 328 19.
955 288 1024 330 54.
1067 290 1149 328 Off.
1176 285 1220 340 I,
1263 288 1298 331 1,
1341 290 1380 331 3.
1451 291 1701 345 Simpliciter

238 360 347 397 eum,
379 351 423 384 ut
454 347 497 382 h.
528 342 575 393 l.,
609 341 853 382 Phalereum
885 343 987 384 dicit
1017 346 1087 386 Or.
1119 345 1189 395 27,
1221 343 1291 386 94.
1329 346 1459 397 Wytt.

353 399 588 450 Solonis]
649 399 859 439 Particula
891 405 963 451 et,
1005 416 1092 441 cum
1136 414 1212 439 nec
1254 403 1296 439 in
1340 402 1444 444 dett.
1486 402 1606 442 codd.
1647 406 1703 443 sit

240 471 318 498 nec
348 458 389 494 in
423 456 500 496 Gd.
525 456 566 496 2.
600 460 642 495 et
673 457 720 507 δ,
752 457 792 495 in
830 455 1000 508 reliquis
1046 457 1167 496 codd.
1207 456 1445 496 melioribus
1484 464 1573 497 orta
1610 472 1704 498 esse

240 513 405 553 uidetur
437 525 484 551 ex
514 517 728 564 postrema
760 511 916 563 syllaba
949 515 1063 555 uerbi
1092 514 1382 566 praecedentis
1413 515 1704 567 coepissEt.

239 571 514 609 Coniecturae
563 582 642 619 ea,
687 582 807 621 quam
847 568 942 610 olim
992 572 1087 608 huic
1134 571 1285 609 mendo
1336 578 1705 623 superstruxeram‚

241 628 320 666 iam
354 638 421 662 me
452 626 658 678 poenitet,
691 627 782 677 quia
814 627 894 665 isto
925 627 1047 665 modo
1077 626 1220 666 funera
1242 627 1520 666 lamentabilia
1543 631 1705 679 grauius

242 682 486 731 efferuntur,
517 695 634 732 quam
667 696 740 735 par
771 686 850 721 est.
903 683 966 723 Cf.
998 682 1133 723 Halm.
1166 696 1239 733 pro
1271 684 1381 722 Sest.
1414 696 1453 735 p.
1491 683 1584 725 183.

358 738 631 788 decimam]
694 736 806 777 Male
835 738 977 778 Lamb.
1007 740 1059 777 de
1088 741 1190 779 coni.
1220 740 1555 781 undecimam.

355 793 620 846 pleraque
650 794 751 835 illa
783 808 840 833 sc.
882 809 984 846 quae
1025 797 1187 846 generis
1228 795 1411 838 eiusdem
1453 810 1575 847 supra
1615 801 1709 835 sunt

244 857 588 900 commemorata,
629 856 672 889 ut
711 855 825 889 recte
864 852 964 891 Ern.
1013 854 1326 903 interpretatur.
1397 854 1550 891 Merito
1584 855 1709 904 igitur

242 906 401 952 inutilis
422 907 562 946 habita
583 913 647 947 est
664 908 782 946 Lbini
807 921 852 946 ac
873 908 1025 946 Dauisii
1051 910 1284 947 coniectura
1312 907 1565 960 pleraque
1588 909 1706 949 alia.

358 976 616 1015 expressa
667 965 851 1003 uerbis
904 964 1045 1015 sunt]
1114 966 1200 1003 Nec
1247 973 1361 1003 recte
1410 966 1708 1017 exprimere

246 1021 430 1061 uerbis
471 1019 529 1058 ita
571 1019 745 1071 dicitur,
788 1026 830 1058 ut
863 1022 917 1058 sit
949 1021 1009 1058 ad
1042 1023 1251 1059 uerbum
1283 1021 1513 1061 reddere
1542 1035 1640 1072 nec,
1674 1023 1712 1060 si

245 1079 421 1117 maxime
454 1082 611 1129 posset,
650 1077 755 1116 illud
788 1076 1007 1115 admodum
1042 1078 1255 1129 probabile
1286 1083 1412 1129 esset,
1453 1081 1560 1130 quia,
1602 1078 1710 1130 quod

246 1135 494 1176 contrarium
538 1138 673 1184 esset,
715 1135 912 1186 pleraque
953 1147 1034 1172 nou
1075 1135 1126 1173 ad
1175 1136 1343 1173 uerbum
1391 1135 1554 1174 reddita
1600 1148 1710 1185 esse,

246 1205 327 1230 nou
362 1190 567 1231 iudicatur
598 1192 735 1229 uerbis
769 1191 1116 1241 praecedentibus
1156 1190 1409 1243 pleraque
1439 1191 1537 1233 illa
1568 1190 1711 1230 Solo·-

246 1250 330 1292 nis
363 1252 507 1297 sunt,
541 1248 686 1298 quibus
718 1247 821 1287 haec
863 1260 912 1288 ex
953 1247 1128 1288 aduerso
1170 1254 1390 1299 ponuntur.
1452 1250 1713 1300 Quapropter

245 1318 325 1343 nec
368 1305 523 1343 Dauisii
555 1316 657 1354 quae
690 1304 918 1354 Wagnero,
963 1303 1091 1353 Gzio,
1132 1304 1378 1354 Schuetzio‚
1418 1303 1573 1355 placuit
1614 1317 1713 1343 con-

246 1364 407 1405 iectura
438 1372 698 1411 expressa
729 1361 888 1398 uerba
921 1366 1041 1397 sunt
1071 1361 1293 1410 probabilis
1326 1366 1406 1410 est,
1446 1374 1522 1399 nec
1552 1362 1714 1399 Krausii

246 1417 281 1458 l.
311 1415 342 1454 l.
376 1429 418 1467 p.
460 1415 559 1456 472.
594 1428 859 1466 expressa
908 1415 970 1453 ad
1018 1417 1227 1453 uerbum
1279 1415 1346 1454 uel
1391 1419 1511 1467 ipsa
1557 1417 1714 1454 uerba

250 1478 396 1522 sunt,
429 1486 505 1511 nec
532 1470 679 1509 Orellii
702 1472 881 1521 denique
906 1484 1152 1522 expressa
1186 1473 1340 1510 uerba
1373 1473 1550 1511 uerbis
1584 1475 1713 1511 sunt.

250 1528 337 1585 (Ne
368 1535 482 1567 recte
513 1527 676 1580 quidem
712 1529 871 1567 uerba
903 1529 1081 1568 uerbis
1115 1529 1411 1579 exprimere
1452 1529 1603 1567 dicitur
1641 1541 1714 1580 pro

251 1586 313 1626 ad
345 1588 559 1628 uerbum
590 1581 863 1637 reddere).
925 1586 968 1623 Si
1001 1586 1130 1637 ipsius
1155 1585 1364 1624 Ciceronis
1395 1585 1497 1625 haec
1532 1591 1642 1636 sunt,
1673 1586 1715 1623 in

249 1644 356 1682 hanc
395 1648 554 1681 tantum
595 1642 844 1683 sententiam
893 1642 1022 1692 accipi
1070 1646 1266 1692 possunt,
1314 1647 1359 1682 ut
1406 1641 1603 1693 pleraque
1646 1640 1717 1680 illa

253 1699 309 1754 (i.
335 1712 372 1738 e.
407 1699 460 1741 de
483 1699 641 1741 ric-iniis
666 1703 708 1737 et
738 1696 911 1748 reliqua,
946 1711 1048 1748 quae
1072 1698 1121 1738 ad
1147 1704 1342 1748 sumtum,
1373 1711 1454 1737 non
1484 1699 1536 1737 ad
1558 1699 1716 1737 lamen-

253 1757 453 1799 tationem
491 1752 728 1809 pertinent)
772 1752 1018 1805 simpliciter
1059 1753 1222 1793 Solonis
1264 1768 1358 1792 esse
1402 1755 1616 1805 dicantur,
1664 1754 1718 1793 de

253 1813 446 1854 lamentis
479 1825 596 1861 uero,
628 1811 681 1851 de
713 1812 858 1862 quibus
890 1811 932 1848 h.
965 1810 991 1850 l.
1024 1812 1199 1853 maxime
1232 1813 1443 1862 agebatur,
1484 1813 1570 1863 ipsa
1612 1810 1716 1862 legis
1780 1833 1781 1867 3

256 1871 383 1909 uerba
415 1871 651 1909 afferantur.
714 1869 838 1907 Cuius
870 1868 1059 1907 citandae
1100 1869 1289 1918 quoniam
1331 1869 1528 1919 quaedam
1567 1881 1718 1920 oppor-
1780 1894 1781 1900 η

254 1929 410 1966 tunitas
451 1927 546 1965 data
584 1928 695 1974 erat,
747 1923 976 1964 tolerabilia
1015 1926 1095 1963 ista
1139 1924 1268 1976 duco,
1321 1926 1401 1967 etsi
1452 1925 1596 1964 eadem
1637 1929 1717 1963 iam
1780 1929 1781 1933 ’

258 1985 293 2034 §.
313 1981 381 2025 59.
412 1986 547 2036 posita
580 1987 701 2031 suut3
732 1980 898 2022 laudare
929 1995 1010 2021 uon
1038 1994 1222 2033 possum.

368 2041 586 2087 XXVI.
657 2051 933 2090 poenaque
983 2039 1086 2089 est]
1163 2039 1276 2077 Haec
1324 2039 1455 2090 ipsius
1506 2038 1718 2076 Ciceronis

255 2098 381 2140 uerba
427 2101 524 2136 sunt
562 2093 632 2147 (es
672 2095 786 2132 steht
826 2096 918 2134 eine
960 2096 1097 2134 Strase
1134 2095 1294 2134 darauf.
1333 2095 1368 2144 ᾖ.
1402 2091 1524 2145 40.);
1562 2093 1720 2144 reliqua

257 2152 424 2193 Solonis
457 2165 550 2190 esse
585 2152 751 2188 uerbum
785 2152 870 2200 inq
889 2153 962 2191 uit
1005 2152 1172 2191 indicat.
1242 2151 1365 2187 Cuius
1407 2155 1502 2200 post
1541 2163 1652 2187 mon
1671 2162 1718 2187 u-

235 2215 484 2256 'mentum
529 2207 689 2244 demum
718 2207 902 2258 ponendi
935 2221 1054 2245 causa
1086 2212 1174 2246 erat
1203 2207 1478 2257 parenthesis,
1520 2220 1636 2256 quam
1669 2206 1719 2244 ad

254 2269 465 2307 bustum
517 2263 816 2307 accommodari
869 2266 1065 2314 oportuit.
1137 2265 1224 2302 Nec
1263 2277 1355 2301 rara
1398 2267 1493 2301 sunt
1533 2261 1721 2315 exempla

257 2325 378 2362 huius
418 2323 533 2362 uerbi
574 2319 735 2371 longius
778 2321 937 2359 reiecti.
1007 2321 1069 2360 Cf.
1120 2321 1206 2359 Cic.
1247 2319 1300 2357 de
1337 2320 1430 2360 Fin.
1464 2319 1542 2368 111,
1577 2318 1618 2359 ,4.
1656 2320 1720 2360 12.

257 2382 329 2420 Ac.
365 2380 403 2429 Ι,
437 2378 475 2419 4.
513 2373 571 2418 14.
606 2377 658 2416 de
691 2379 782 2416 Fin.
816 2377 893 2427 ΙΙΙ,
927 2377 966 2417 3.
1015 2378 1079 2417 10.
1120 2376 1190 2426 ΙΙΙ,
1230 2375 1271 2417 6.
1314 2376 1380 2415 20.
1452 2376 1721 2416 coniecturas

258 2437 416 2478 Dauisii
458 2433 874 2489 (monumentum
919 2433 1181 2486 aliquod),
1224 2433 1363 2471 Rathii
1401 2429 1554 2485 (mon.
1592 2433 1722 2471 anti-

260 2490 451 2546 quum),
485 2492 641 2533 Moseri
672 2490 818 2546 (mon.
852 2492 1188 2544 inquiuauit)
1232 2489 1296 2529 uel
1329 2490 1523 2529 orationis
1557 2491 1722 2529 concin-

259 2552 369 2593 nitas
398 2550 572 2600 respuit.

375 2604 670 2655 deiecerit]
738 2605 827 2642 Non
869 2603 1042 2645 ferenda
1091 2609 1156 2642 est
1201 2605 1403 2641 correctio
1454 2601 1573 2640 codd.
1619 2601 1723 2643 dett.

261 2664 475 2704 iecerit.
536 2662 618 2701 Pro
656 2660 833 2713 simplici
874 2664 998 2700 uerbo
1038 2675 1179 2699 omnes
1212 2662 1484 2698 restituerunt
1515 2661 1723 2710 composi-

262 2728 348 2760 tum
387 2723 427 2758 in
471 2720 547 2757 hac
587 2730 633 2756 re
674 2720 827 2758 tritum.
892 2720 957 2756 Cf.
999 2719 1105 2770 Nep.
1138 2717 1224 2756 Alc.
1259 2716 1299 2757 3.
1331 2717 1415 2754 Cic.
1450 2717 1536 2756 cat.
1572 2712 1652 2766 III,
1683 2715 1724 2756 8.

267 2777 332 2820 19.
374 2778 465 2818 Liu.
510 2777 601 2827 XL,
638 2775 680 2816 2.
740 2777 794 2815 Et
835 2773 1084 2827 probabilius
1127 2788 1223 2814 sane
1264 2777 1327 2812 est
1358 2786 1474 2824 quam
1502 2773 1568 2823 id,
1609 2775 1724 2812 cuius
