1781 3192
223 183 306 221 112
793 182 861 219 DE
894 182 1124 221 LEGlBUS

341 298 484 331 tanta
516 294 592 329 uis
625 297 672 328 et
704 296 848 330 tanta
878 294 1030 344 sent.]
1103 294 1158 330 1³t
1208 306 1295 331 cum
1344 295 1441 335 Dau.
1488 303 1530 334 et
1571 298 1692 335 natio

226 349 466 402 particulam
495 352 545 384 et
574 360 811 386 reuocarem
838 371 888 376 —
914 349 1063 399 reliqui
1097 353 1242 387 tanta
1268 350 1363 399 uis,
1393 354 1538 389 tanta
1560 366 1649 391 sen
1665 359 1692 393 t.

226 429 282 435 —
318 418 398 443 non
441 417 488 441 ea
524 415 591 440 me
635 416 756 441 causa
796 417 901 455 quae
940 405 1106 443 Bakium
1156 404 1346 456 impulit,
1400 409 1468 457 qui
1517 410 1694 459 optimos

227 474 321 502 suos
364 459 485 498 codd.
526 456 818 513 (AB11.65.)
859 474 905 499 se
947 466 1130 499 secutum
1173 473 1266 498 esse
1305 461 1421 500 dicit.
1490 463 1693 502 Nimirum

230 517 407 556 correcti
452 515 521 553 isti
561 519 657 552 sunt
697 528 745 553 ex
787 517 1079 558 deterioribus.
1146 515 1231 555 Sed
1277 531 1368 555 cum
1419 518 1544 557 facile
1592 521 1695 557 ista:

227 577 382 612 tanta
424 572 500 609 uis
543 577 592 608 et
634 573 768 609 omitti
808 577 980 624 possent
1021 574 1061 610 in
1102 574 1288 624 principe
1326 574 1542 612 meliorum
1573 575 1694 625 libro,

226 627 480 680 sequendum
515 640 608 665 esse
639 629 781 678 putaui
811 631 1035 680 principem
1069 628 1348 678 deteriorum,
1394 632 1435 668 in
1481 645 1558 681 quo
1598 645 1696 683 par-

228 685 396 725 ticulam
441 688 643 722 exaratam
686 685 815 722 fuisse
855 692 1009 723 certum
1052 690 1129 724 est.
1198 685 1253 723 Et
1289 689 1503 737 utrumque
1544 700 1693 725 nomen

229 743 489 781 coniunctum
541 748 605 777 est
647 740 700 789 ll,
743 740 784 780 5.
838 740 897 780 11.
974 742 1065 778 Uim
1119 754 1215 778 uero
1266 742 1458 780 adiectiui
1512 748 1696 781 tantus

230 798 433 850 asyndeto
479 795 571 847 plus
611 797 750 846 augeri
786 809 868 835 non
907 809 1081 835 necesse
1122 802 1201 845 est,
1240 811 1357 848 quam
1398 806 1569 848 augetur
1610 800 1698 849 ipsa

229 855 448 905 anaphora.
510 852 740 891 Commode
771 853 919 891 Bakius
950 853 1132 891 laudauit
1163 853 1249 891 Cic.
1279 854 1330 892 de
1351 855 1421 893 Or.
1449 853 1484 906 l,
1508 851 1578 895 44.
1608 854 1696 895 196.

232 912 382 950 cuius
416 910 492 947 rei
524 913 668 946 tanta
701 914 783 947 est
813 910 890 947 uis
925 923 978 948 ac
1008 915 1153 948 tanta
1180 915 1383 949 natura.

346 972 397 1004 ut
428 965 781 1016 tribueretur]
842 965 1062 1003 Praeteriti
1114 971 1210 1016 post
1257 980 1453 1018 praesens
1502 967 1697 1019 ponendi,

235 1030 277 1062 ut
309 1028 420 1061 recte
454 1022 602 1060 Bakius
636 1021 941 1072 animaduertit,
974 1023 1075 1059 haec
1108 1035 1230 1060 causa
1263 1029 1365 1073 erat,
1395 1023 1502 1075 quod
1527 1038 1546 1061 a
1570 1037 1699 1074 gene-

233 1080 308 1118 rali
349 1079 559 1116 sententia
599 1080 796 1116 transitur
836 1078 887 1116 ad
925 1079 1155 1118 historiam.
1218 1079 1283 1117 Cf.
1324 1080 1377 1118 de
1416 1081 1513 1130 Leg.
1551 1077 1630 1129 ΙΙΙ,
1659 1079 1699 1120 6.

238 1135 525 1184 14.Verr.11,
559 1134 747 1174 78.191.
791 1133 1077 1173 laudantur
1115 1141 1356 1173 oratores
1389 1144 1604 1175 ueteres
1644 1158 1698 1164 -—

235 1192 370 1244 quod
428 1192 654 1229 crimina
708 1189 916 1228 diluere
966 1190 1243 1241 dilucide,
1296 1193 1428 1242 quod
1479 1194 1699 1243 copiose.

233 1261 439 1287 reorum
473 1260 661 1285 causas
695 1247 989 1285 defendere
1021 1246 1280 1285 solerent,
1323 1247 1699 1299 Eodemquemodo

234 1308 388 1345 rectius
427 1303 620 1356 explicari
666 1309 764 1354 puto
806 1304 1076 1354 praeteritum
1109 1302 1353 1342 insolentius
1385 1303 1489 1343 illud
1519 1305 1697 1357 positum

234 1363 336 1415 apud
369 1361 452 1400 Cic.
491 1361 607 1399 Verr.
641 1359 710 1409 lv,
739 1359 862 1400 6.11.
894 1361 1005 1397 ueri
1039 1358 1218 1398 simile
1250 1373 1350 1399 non
1384 1367 1489 1412 est,
1524 1366 1577 1399 ut
1606 1359 1700 1398 ille

234 1421 384 1457 homo
426 1422 525 1453 tam
568 1416 825 1453 honestus
865 1414 1129 1466 religioni
1170 1428 1291 1454 suae
1323 1418 1700 1456 monumentis-

235 1488 331 1527 que
359 1474 601 1511 maiorum
627 1473 901 1522 pecuniam
927 1478 1313 1522 anteponeret,
1341 1487 1458 1524 quam
1485 1475 1699 1524 Zumptius

236 1529 459 1583 explicauit
500 1527 781 1566 conditionale
823 1527 863 1565 id
907 1540 997 1565 esse
1041 1528 1199 1566 dicens.
1260 1529 1345 1567 Nec
1378 1528 1455 1567 alia
1488 1536 1554 1568 est
1582 1543 1702 1568 causa

233 1587 447 1641 praeteriti
487 1584 735 1634 adiungendi
770 1586 980 1635 praesenti
1023 1585 1084 1634 ei,
1126 1598 1203 1634 quo
1244 1585 1343 1636 quid
1383 1588 1618 1624 etiamnunc
1660 1587 1699 1623 in

233 1645 352 1683 libris
385 1643 582 1694 scriptum
615 1642 685 1691 sit,
719 1640 965 1680 declaretur.
1006 1641 1071 1679 Cf.
1106 1640 1158 1678 de
1190 1642 1281 1681 Fat.
1322 1642 1386 1689 18,
1417 1642 1485 1682 41.
1539 1643 1703 1692 Chry-

235 1704 423 1753 sippus
466 1703 639 1736 autem
679 1710 787 1735 cum
830 1704 881 1735 et
918 1698 1318 1736 necessitatem
1363 1699 1702 1750 improbaret

237 1762 287 1796 et
324 1753 463 1794 nihil
502 1753 680 1792 uellet
718 1754 835 1791 sine
875 1755 1216 1805 praepositis
1256 1755 1435 1793 causis
1468 1756 1700 1802 euenire,

235 1825 501 1853 causarum
540 1823 734 1861 genera
773 1810 1091 1860 distinguit.
1152 1810 1247 1849 Nat.
1286 1811 1410 1849 Deor.
1453 1811 1485 1861 l,
1529 1810 1590 1850 15.
1631 1807 1702 1849 40.

237 1872 288 1909 de
323 1871 416 1909 Diu.
453 1868 501 1917 ΙΙ,
539 1866 602 1907 10.
637 1866 705 1906 25.
739 1866 791 1904 de
821 1867 915 1904 Fin.
948 1866 1017 1917 lv,
1049 1864 1091 1906 6.
1128 1865 1193 1906 14.

350 1925 549 1963 homini
590 1923 837 1974 cuipiam]
909 1923 997 1962 Hoc
1034 1926 1327 1974 praeceptum,
1372 1922 1480 1973 quod
1523 1923 1571 1961 ab
1613 1920 1703 1959 aliis

238 1982 358 2031 (l‘lin.
401 1983 452 2020 11.
498 1981 545 2018 N.
578 1980 665 2030 Vll,
706 1980 735 2031 ᾗ.
768 1979 837 2020 32.
879 1981 994 2031 Olog.
1028 1981 1072 2019 L.
1104 1976 1140 2028 I,
1179 1979 1261 2026 16.)
1300 1978 1463 2018 Chiloni
1494 1977 1704 2017 Lacedae-

237 2042 376 2079 monio
420 2039 615 2076 tributum
651 2043 731 2086 est,
768 2037 913 2074 Cicero
953 2037 1074 2074 etiam
1108 2036 1235 2074 Tusc.
1265 2031 1300 2085 I,
1333 2036 1403 2075 22.
1434 2035 1501 2076 52.
1542 2040 1584 2073 et
1613 2035 1703 2073 Fin.

239 2098 290 2145 V,
328 2094 390 2135 16.
423 2092 490 2134 44.
532 2093 609 2130 deo
655 2093 874 2143 delphico,
917 2094 1030 2130 cuius
1072 2093 1111 2129 in
1152 2091 1307 2142 templo
1341 2097 1383 2130 et
1413 2091 1519 2129 illud
1553 2096 1595 2129 et
1627 2090 1705 2128 alia

237 2151 486 2204 sapientium
519 2148 631 2186 dicta
660 2149 857 2198 inscripta
886 2152 1018 2196 erant,
1049 2149 1300 2197 assignatum
1331 2160 1424 2185 esse
1453 2147 1569 2186 dicit.

353 2206 389 2257 ᾗ.
420 2203 490 2246 59.
552 2204 631 2254 qui
664 2217 715 2242 se
743 2203 881 2255 ipse]
943 2204 1122 2241 Temere
1153 2216 1200 2241 ex
1241 2205 1382 2255 paucis
1423 2204 1546 2243 codd.
1582 2202 1704 2242 dete-

238 2264 417 2304 rioribus
459 2259 609 2298 Bakius
649 2262 874 2310 reuocauit,
915 2259 1022 2310 quod
1057 2260 1162 2299 sict.
1207 2265 1486 2311 expresserat,
1518 2262 1704 2312 ipsum.
1750 2249 1781 2284 Ψ

240 2318 403 2360 Nullam
436 2317 473 2356 h.
504 2315 534 2355 l.
569 2318 821 2355 obiectorum
855 2317 1022 2366 cogitari
1055 2329 1230 2354 necesse
1262 2321 1326 2354 est
1364 2318 1563 2355 rationem
1604 2329 1704 2354 con-

240 2377 423 2425 trariam,
458 2378 501 2412 ut
531 2371 666 2424 paullo
699 2377 816 2410 ante:
860 2379 912 2410 ut
942 2378 1152 2410 nosmet
1182 2375 1329 2424 ipsos
1361 2385 1705 2411 nosceremus

241 2440 284 2472 et
323 2432 375 2470 de
410 2432 504 2470 Fin.
545 2430 595 2480 V,
642 2429 702 2470 16.
739 2428 806 2469 44.
878 2428 984 2467 Uide
1027 2430 1151 2467 uerba
1192 2442 1283 2467 mox
1323 2430 1457 2480 posita
1497 2442 1603 2467 cum
1653 2441 1705 2466 se

240 2493 359 2542 ipse
390 2487 751 2541 perspexerit.
786 2485 816 2536 ξ
845 2485 913 2526 61.
947 2499 1094 2536 quam
1126 2499 1180 2523 se
1210 2487 1326 2537 ipse
1351 2491 1548 2525 noscet.
1583 2484 1703 2535 §.62

242 2547 329 2598 qui
361 2558 414 2583 se
446 2544 549 2595 ipsi
582 2541 758 2580 uelint
789 2555 965 2592 nosse3
999 2554 1102 2593 quae
1133 2543 1266 2580 onmia
1297 2555 1349 2580 ne
1369 2541 1517 2580 Bakius
1541 2540 1703 2592 quidem

241 2602 507 2655 impugnailit.
554 2599 619 2638 Cf.
652 2599 778 2649 Scyff.
811 2599 861 2636 ad
893 2599 1010 2638 Lael.
1046 2598 1083 2649 1,
1114 2599 1153 2639 5.

357 2671 411 2696 se
441 2657 641 2695 habere
681 2656 903 2707 sentiet]
973 2656 1113 2694 Lamb.
1156 2655 1253 2695 Ern.
1297 2653 1439 2704 Wagn.
1483 2657 1525 2691 et
1563 2658 1705 2691 contra

242 2718 442 2769 potiorem
491 2712 674 2751 codicum
716 2714 997 2750 auctoritatem
1042 2717 1083 2750 et
1127 2712 1342 2750 uerborum
1382 2709 1526 2747 ordine
1573 2711 1704 2748 minus

242 2774 390 2812 idoneo
426 2771 629 2809 sentiet
660 2783 713 2807 se
747 2770 952 2807 habere.
