1791 3192
641 199 933 234 PRAEFATIO.
1002 228 1006 232 ,
1351 201 1519 234 XXXVI!

51 301 259 341 inculto
291 306 343 340 et
375 300 644 339 derelicto
674 300 803 352 solo,
835 301 964 352 quod
1000 304 1070 340 ita
1102 301 1410 354 diligenter
1444 316 1523 341 co-

50 369 150 409 lem
167 383 221 407 us
251 370 367 407 cet.⁴‘
426 370 622 407 Nimirum
657 371 752 406 noui
786 374 882 407 sunt
914 370 1069 408 fructus
1100 372 1157 420 ii,
1193 385 1294 422 quos
1327 384 1423 422 ager
1453 384 1522 408 re-

54 452 152 477 cens
187 437 320 475 cultus
353 435 493 474 tulerit
525 440 733 485 recentes5
768 437 923 474 conditi
955 442 1116 488 autem,
1158 451 1258 488 quos
1291 442 1410 477 antea
1443 440 1522 476 iam

55 505 252 543 collectos
285 506 322 542 iu
356 505 504 541 horreo
534 503 786 543 condideris.
849 505 929 542 lam
979 519 1066 543 cum
1097 505 1254 544 fructus
1286 507 1326 545 h.
1359 504 1386 544 l.
1420 503 1521 542 nihil

54 574 161 612 uliud
196 587 287 611 csse
318 572 503 623 possint,
544 573 620 609 nisi
659 571 751 608 libri
789 595 839 599 —
875 586 964 611 nam
999 588 1075 625 quo
1115 577 1249 613 minus
1289 573 1339 612 ad
1369 574 1524 624 cogita-

58 644 188 679 tiones
235 640 371 690 possis
419 640 579 676 referre
619 640 753 676 auimo
799 646 953 679 tautum
997 647 1216 693 conceptas
1252 655 1330 680 nec
1370 640 1522 678 litteris

55 707 282 757 mandatas,
317 708 439 744 uerba
480 707 700 757 prohibent
739 709 823 757 qui
872 722 1035 759 paene
1077 710 1206 747 solis
1246 709 1446 761 patuit,
1489 707 1524 744 si

52 776 213 827 quidem
248 775 297 813 ad
329 774 598 825 cogitationes
630 788 710 812 uon
742 788 872 826 paene
904 775 1019 827 solis,
1053 776 1127 814 sed
1159 775 1257 815 solis
1279 776 1396 813 nobis
1420 774 1514 812 adi-

53 850 117 883 tus
148 848 264 896 patet
303 866 355 870 —
395 842 523 879 libros
563 855 692 879 nouos
731 846 847 893 patet
879 856 948 881 eos
980 857 1098 895 csse,
1141 846 1209 895 qui
1249 844 1411 881 recenti
1441 840 1515 879 lit-

52 919 231 951 terarum
267 910 514 948 tractatione
545 911 623 947 orti
656 911 754 960 sint,
787 910 976 949 conditos
1009 918 1145 950 autem
1176 925 1272 962 ρος,
1315 911 1383 962 qui
1422 923 1521 948 cou-

54 982 196 1032 scripti
230 983 415 1029 tempore
458 979 672 1028 superiore
711 979 750 1015 in
785 980 948 1017 scriniis
980 979 1154 1019 lateant.
1216 980 1259 1017 Si
1294 980 1416 1029 igitur
1447 989 1524 1015 nec

53 1050 147 1086 noui
179 1052 274 1084 sunt
316 1045 433 1094 libri,
472 1058 549 1082 nec
587 1045 765 1095 conditi,
815 1048 976 1096 quinam
1021 1047 1086 1085 alii
1119 1052 1292 1099 possunt
1332 1044 1524 1094 intelligi,

51 1116 195 1166 quibus
225 1114 403 1150 Atticum
434 1114 686 1150 remunerari
722 1112 835 1162 uelit,
870 1127 985 1162 quam
1018 1116 1067 1164 ii,
1101 1116 1167 1164 qui
1201 1117 1240 1152 in
1274 1127 1320 1152 re
1350 1125 1523 1151 uersen-

49 1189 114 1221 tur
145 1186 239 1220 ante
271 1183 346 1218 iam
379 1184 644 1232 pertractata,
679 1179 754 1217 sed
783 1180 1011 1232 interrupta
1043 1187 1180 1220 tamen
1214 1195 1291 1220 nec
1320 1181 1525 1233 perfecta.

49 1251 124 1289 Cui
165 1249 313 1287 rationi
346 1250 521 1287 maxime
553 1249 631 1286 hoc
663 1249 885 1297 conuenit,
931 1249 1039 1299 quod
1081 1249 1201 1287 solu
1216 1264 1279 1299 m,
1321 1248 1429 1300 quod
1459 1249 1524 1285 in-

49 1318 213 1369 genium
246 1328 339 1354 esse
370 1322 486 1354 recte
517 1318 691 1354 Peterus
725 1330 815 1354 cum
858 1317 1142 1356 Baumstarkio
1187 1318 1394 1368 affirmat,
1442 1328 1523 1352 non

51 1385 247 1424 incultum
297 1389 339 1421 et
378 1384 648 1433 derelictum,
695 1384 770 1421 sed
817 1385 907 1434 quia
948 1385 1092 1423 eadem
1137 1386 1178 1423 in
1216 1399 1261 1424 re
1303 1387 1386 1423 iam
1429 1387 1525 1420 ante

51 1457 255 1493 uersatum
290 1456 369 1500 est,
402 1455 658 1501 tamquam
698 1450 960 1490 incultum
1000 1458 1053 1490 et
1091 1452 1416 1491 derelictum
1451 1463 1525 1488 uo-

54 1526 184 1559 catur.
216 1521 246 1558 L
260 1532 352 1569 ege
366 1534 383 1557 s
409 1523 544 1557 autem
564 1520 662 1556 istas
681 1519 809 1556 fuisse
829 1519 1103 1570 probabiliter
1122 1522 1299 1560 coniecit
1318 1521 1522 1558 Horman-

56 1602 129 1626 nus
159 1601 198 1639 p.
217 1587 281 1626 21,
305 1600 393 1636 sqq.
427 1598 555 1636 eaque
592 1588 857 1624 confirmatur
885 1589 1024 1639 opinio
1059 1588 1123 1627 uel
1148 1603 1213 1640 eo,
1246 1588 1354 1641 quod
1375 1601 1409 1627 a.
1429 1585 1524 1627 708.

54 1657 106 1694 (le
131 1654 288 1705 legibus
314 1654 554 1691 Ciceronem
587 1655 798 1704 quaesisse
831 1657 1092 1705 cognoscitur
1114 1670 1161 1693 ex
1183 1658 1302 1708 epist.
1328 1656 1379 1694 ad
1405 1657 1521 1693 Fam.

55 1724 123 1774 ix,
146 1724 186 1763 2.
211 1722 252 1773 5,
276 1721 339 1759 uel
362 1721 424 1758 his
449 1722 558 1758 Bruti
583 1722 716 1759 uerbis
753 1722 784 1771 §-
815 1722 873 1762 15.
911 1723 1306 1776 admonuitque,
1342 1730 1393 1762 ut
1424 1738 1446 1761 a
1477 1728 1524 1761 te

55 1794 170 1844 ipso
211 1802 469 1829 sumerem
509 1788 706 1840 aliquid
746 1789 806 1826 ad
847 1803 922 1828 me
960 1792 1320 1830 reficiendum
1357 1797 1521 1842 teque

56 1857 514 1907 remunerandum,
557 1858 730 1894 sinon
763 1859 907 1908 pari,
950 1864 998 1897 at
1032 1866 1187 1910 grato
1220 1867 1393 1899 tamen
1425 1873 1521 1897 mu⁴

56 1937 204 1972 nere3
244 1936 346 1973 quae
385 1924 547 1973 quidem
579 1923 649 1973 id,
693 1924 803 1973 quod
846 1926 990 1964 Cicero
1032 1932 1117 1965 tum
1159 1928 1428 1977 moliebatur,
1477 1927 1527 1964 ad

57 1992 269 2030 historiam
302 1990 473 2041 quodam
510 1991 630 2029 modo
663 1993 914 2043 pertinuisse
952 1992 1177 2033 declarant.
1240 1995 1318 2032 [am
1353 2009 1441 2033 cum
1476 1994 1527 2032 (le

57 2062 145 2110 ipso
173 2059 315 2107 Bruto,
348 2064 391 2095 ut
421 2064 537 2096 recte
568 2059 741 2098 Peterus
776 2061 1095 2112 animaduertit,
1136 2077 1215 2101 non
1247 2064 1381 2114 possit
1412 2063 1525 2113 cogi-

55 2126 158 2175 tari,
199 2137 276 2161 nec
307 2130 475 2175 praeter
515 2127 632 2176 leges
664 2125 776 2165 illum
809 2131 1049 2180 quicquam,
1090 2131 1198 2181 quod
1231 2131 1282 2168 ad
1310 2131 1524 2167 historiam

55 2194 310 2245 pertineret,
359 2198 456 2231 tunc
503 2195 690 2232 molitum
740 2208 833 2234 esse
880 2197 1095 2249 probabile
1137 2200 1215 2248 sit,
1264 2197 1416 2249 leges
1453 2198 1526 2235 ibi

56 2259 277 2309 significari
305 2271 402 2298 sane
434 2261 646 2313 probabile
684 2268 764 2302 est.

654 2390 924 2399 *—

609 2471 777 2537 Gap.
822 2475 973 2529 ΙΙΙ.

61 2571 127 2611 De
155 2570 307 2612 horum
328 2570 542 2612 librorum
574 2575 895 2630 inscriptione,
928 2592 1106 2620 numero
1117 2611 1131 2630 ,
1159 2582 1395 2633 prooemio
1405 2611 1421 2630 ,
1453 2593 1527 2622 ra—

94 2640 226 2688 tione,
246 2640 433 2693 itemque
457 2641 512 2680 de
536 2643 810 2696 auctoribus,
835 2660 945 2700 quos
967 2653 1145 2688 secutus
1164 2662 1258 2689 esse
1280 2649 1498 2690 uideatur.

170 2732 236 2770 De
274 2731 485 2784 legibus
526 2736 747 2789 inscriptos
791 2752 882 2778 esse
920 2742 995 2779 hos
1039 2740 1165 2779 libros
1209 2743 1249 2779 in
1283 2741 1376 2780 cod.
1409 2743 1520 2780 arch·

55 2811 211 2837 summo
253 2799 434 2840 codicum
478 2816 681 2844 consensu
722 2810 1032 2861 comprobatur,
1084 2814 1126 2848 ut
1180 2808 1299 2848 nihili
1340 2810 1426 2847 cius
1471 2812 1523 2847 sit
