1781 3192
389 213 550 252 Limen
582 209 884 250 SECUNDUS.
936 209 1035 247 Car.
1071 207 1119 245 Χ.
1414 200 1501 239 16ὲὶ

43 327 241 379 00111011ς,
274 324 323 363 ad
356 326 469 363 cuius
501 320 758 360 adhibendae
790 322 998 358 notionem
1031 317 1181 356 deinde
1212 329 1327 369 pron.
1361 313 1500 352 illud

44 384 191 423 melius
219 383 410 430 refertur,
444 393 558 431 quam
586 378 634 415 ad
668 390 890 428 corpore
922 386 1070 413 casto
1104 372 1331 412 adeundi
1364 373 1501 409 notio-

45 454 156 478 nem.
216 442 473 488 Quapropter
507 448 612 472 nunc
642 435 769 484 probo
801 432 1045 482 reliquorum
1080 433 1320 482 scripturam
1355 435 1502 466 casta

47 509 268 548 corpora
300 494 668 540 adhibeantur,
702 502 803 539 quac
836 490 982 526 nititur
1014 488 1133 526 codd.
1165 486 1417 525 melioribus.

160 580 296 621 illud
333 578 412 617 uel
445 578 624 628 aquae]
686 578 916 617 Pronomen
944 578 1125 615 refertur
1147 576 1192 614 ad
1228 581 1373 613 casta
1399 587 1503 611 cor-

48 652 171 692 pora
202 650 296 673 non
330 634 618 673 adhibendi
652 637 877 673 notionem.
941 636 1061 671 l'ron.
1099 645 1224 683 saepe
1257 632 1304 669 ad
1341 633 1506 668 uniuer-

48 708 132 733 sam
180 693 238 729 rei
280 693 490 729 notionem
525 703 571 727 ex
605 691 680 739 eis,
721 704 821 740 quae
854 690 1121 742 praecedunt,
1163 687 1402 725 audiendam
1437 699 1505 722 re-

46 751 146 788 serri
187 752 369 796 constat,
414 752 456 784 ut
496 747 581 784 Cic.
623 747 732 783 'i'usc
788 748 822 796 l,
861 749 900 788 2.
943 745 981 786 ίι.
1025 746 1408 793 discebantque
1460 741 1507 778 id

49 816 242 844 omnes.
294 804 359 841 (ΞΓ.
394 816 497 853 quae
538 801 618 839 dixi
653 803 683 841 l.
728 803 759 853 ξ.
795 804 858 843 11.
920 803 977 840 Ut
1018 808 1152 839 autem
1191 814 1263 851 pro
1307 799 1507 836 affirmata

48 863 213 900 notione
246 863 507 897 succurreret
538 863 699 909 negata,
732 863 773 896 et
801 861 927 898 uerba
950 858 1240 909 praecedentia
1266 856 1507 902 effecerunt,

49 931 95 955 ex
129 917 270 967 quibus
305 914 426 953 facile
456 916 493 952 in
526 917 767 965 pronomine
802 916 985 953 auditur:
1026 915 1066 951 si
1105 926 1200 950 non
1243 915 1507 958 seruatur,

47 979 89 1012 et
129 974 261 1023 ipsum
316 970 550 1009 tollendi
602 973 797 1021 uerbum,
848 971 955 1022 quod
1003 974 1118 1021 patet
1168 968 1218 1006 ad
1266 969 1509 1019 prauitatem

46 1029 210 1068 referri.
271 1029 511 1078 Opportune
544 1027 718 1077 Bakiiis,
758 1029 823 1078 qui
858 1032 899 1065 et
929 1028 1014 1077 ipse
1048 1039 1136 1063 cum
1171 1025 1272 1062 Gzio
1304 1024 1405 1061 haec
1437 1022 1511 1059 de-

46 1084 192 1133 fendit,
228 1083 413 1121 laudauit
451 1085 533 1121 Cic.
576 1084 686 1123 Brut.
722 1082 790 1132 34,
828 1083 919 1123 130.
964 1083 1066 1119 etsi
1107 1095 1207 1119 non
1247 1080 1430 1117 deerat
1462 1078 1508 1114 in

48 1142 251 1190 causis,
283 1146 460 1177 tamen
494 1138 543 1176 id
576 1143 652 1185 (sc.
679 1144 723 1176 111
751 1138 931 1184 adesset)
955 1151 1052 1175 non
1077 1149 1232 1188 saepe
1255 1135 1509 1173 faciebat.

47 1196 210 1247 Reliqui
253 1200 321 1234 aut
362 1196 658 1234 correctionem
704 1197 743 1233 in
785 1195 886 1234 dett.
944 1193 1183 1243 quibusdam
1235 1191 1355 1230 codd.
1404 1188 1509 1227 male

49 1258 246 1292 tentatam
298 1256 595 1302 susceperunt,
645 1255 688 1288 ut
737 1252 883 1302 Stepli.
925 1250 1035 1289 Man.
1077 1251 1177 1288 Dan.
1217 1249 1318 1290 Ern.
1365 1247 1511 1295 ‘Vagn-

49 1309 182 1364 (nam
215 1311 469 1347 incestum
503 1306 612 1359 1101)
655 1311 697 1345 01
722 1308 819 1346 Scli.
850 1308 956 1346 Mos.
991 1306 1063 1343 ()r.
1104 1303 1234 1359 (nam
1271 1303 1408 1342 illud
1442 1304 1510 1340 in-

50 1370 254 1405 cestum
289 1363 457 1402 1101-
491 1363 623 1401 Orell.
666 1370 801 1401 tamen
844 1364 1104 1400 incestum
1147 1362 1261 1399 uncis
1302 1358 1511 1411 inclusit),

51 1427 119 1460 aut
149 1423 225 1474 ipsi
258 1434 383 1471 praue
413 1432 557 1456 nouam
591 1424 815 1468 tentarunt,
850 1425 892 1456 ut
919 1420 1109 1456 Krausius
1143 1419 1180 1455 in
1205 1431 1345 1468 progr.
1375 1430 1414 1467 p.
1448 1415 1510 1455 16.

52 1491 158 1516 nam
191 1477 348 1514 illius
380 1474 460 1512 uel
495 1473 578 1528 (sc.
611 1474 819 1528 corporis)
853 1480 895 1513 et
927 1474 1063 1512 Hand.
1095 1472 1226 1526 (Allg.
1267 1475 1356 1511 Jen.
1391 1473 1511 1510 Littz.

56 1534 177 1573 1510.
230 1530 321 1584 71.)
371 1545 476 1568 nam
525 1530 747 1570 illuuies
796 1531 907 1581 uel,
956 1530 1063 1582 quod
1112 1531 1255 1567 Beiero
1305 1528 1512 1581 placuisse

53 1592 178 1629 miror
209 1589 260 1627 de
293 1589 372 1626 Off.
407 1588 437 1624 ll
484 1601 525 1639 p.
558 1586 656 1628 314.

167 1666 514 1716 euanescere]
578 1667 655 1705 Pro
688 1680 762 1717 eo,
796 1665 900 1717 qnod
934 1668 972 1704 in
1006 1665 1098 1704 cod.
1132 1665 1239 1703 arch.
1283 1665 1387 1714 fuit,
1434 1678 1514 1702 ua-

53 1737 296 1772 nescere,
349 1724 443 1772 quia
480 1737 502 1760 a
545 1723 744 1760 Cicerone
783 1723 960 1760 alienum
1004 1727 1094 1771 est,
1133 1727 1225 1773 post
1265 1723 1433 1759 Lbinum
1475 1727 1517 1757 et

54 1782 265 1820 Dauisium
304 1778 450 1829 reliqui
489 1781 636 1817 merito
679 1784 930 1830 receperunt
962 1780 1259 1817 correctionem
1294 1790 1515 1815 euanes-

54 1850 189 1886 cere,
222 1848 326 1886 quae
359 1841 402 1872 et
434 1834 626 1873 facillima
653 1841 716 1874 est
736 1840 907 1886 propter
928 1835 1250 1886 praecedentem
1276 1835 1454 1871 litteram
1480 1844 1516 1874 0

54 1901 96 1932 et
128 1896 286 1930 tentata
317 1893 394 1928 iam
429 1893 467 1928 in
498 1893 636 1941 paucis
670 1891 908 1941 quibusdam
944 1890 1065 1929 codd.
1099 1891 1203 1928 dett.
1273 1892 1399 1939 Quam
1438 1890 1516 1925 1111-

56 1950 202 1987 merito
235 1960 367 1998 nuper
398 1947 580 1985 deseruit
609 1949 773 1986 Bakius.
828 1948 971 1996 Gzius,
1013 1948 1105 1997 quia
1147 1960 1170 1984 a
1208 1946 1367 1985 duobus
1398 1944 1516 1984 codd.

57 2006 162 2043 dett.
196 2006 375 2053 abesset,
409 2010 566 2042 temere
596 2003 882 2056 expellendum
914 2003 1123 2043 iudicauit.

170 2093 200 2145 ξ.
234 2093 302 2133 25.
363 2093 711 2144 probitatem]
773 2094 921 2132 Parum
960 2098 1074 2131 recte
1105 2107 1179 2145 pro
1210 2106 1286 2142 eo,
1328 2090 1434 2143 quod
1476 2091 1514 2127 in

56 2149 144 2189 cod.
176 2151 289 2187 areli.
323 2150 418 2199 fuit,
447 2151 797 2201 probitatem,
831 2163 918 2188 cum
954 2150 1097 2200 Stepb.
1130 2152 1230 2187 Dan.
1262 2149 1362 2187 Ern.
1392 2148 1516 2196 uag-

55 2220 156 2245 nero
196 2206 344 2243 Bakius
394 2207 561 2258 scripsit
600 2208 876 2258 pietatem.
949 2205 1301 2255 Quemadmodum
1345 2217 1433 2242 cum
1477 2204 1515 2239 in

55 2261 147 2314 lege
179 2275 278 2314 opes
306 2264 575 2311 nominasset,
617 2264 657 2300 in
700 2262 978 2314 explicatione
1018 2268 1221 2312 sumtum,
1264 2263 1330 2313 11111
1375 2260 1517 2298 existit

58 2333 106 2357 ex
137 2321 296 2370 opibus,
328 2319 624 2357 remouendum
666 2332 757 2356 csse
796 2318 921 2357 dixit:
965 2320 1044 2368 ita,
1085 2333 1172 2357 cum
1216 2320 1254 2356 in
1299 2320 1385 2370 ipsa
1422 2316 1516 2365 lege

58 2377 311 2414 nominasset
348 2375 574 2427 pietatem,
619 2376 891 2427 probitatem,
939 2388 1041 2426 quae
1081 2375 1179 2414 inde
1220 2379 1384 2423 manat,
1438 2373 1515 2410 deo

57 2437 211 2484 gratam
245 2444 337 2469 esse
369 2436 484 2469 recte
515 2431 614 2469 dixit
644 2431 739 2482 lege
771 2433 1001 2482 significari.

174 2509 298 2561 1111111
333 2510 520 2561 enim‘3]
579 2510 695 2558 Quod
721 2515 814 2547 ante
838 2509 1002 2547 Bakium
1038 2508 1242 2560 uulgatum
1277 2514 1361 2547 est:
1392 2505 1515 2558 quid

60 2571 139 2605 est
171 2568 336 2616 enim,
370 2580 476 2604 cum
511 2570 882 2617 paupertatem
926 2566 1146 2604 diuitiis
1188 2572 1291 2616 cet,
1334 2565 1517 2603 1110011-

60 2626 215 2661 iectura
254 2624 399 2660 nititur
441 2636 519 2660 uon
562 2623 811 2660 necessaria.
881 2623 946 2660 Cf.
988 2636 1080 2660 ann.
1125 2624 1217 2661 crit.
1287 2621 1517 2660 Uerissima

62 2684 125 2717 est
156 2679 246 2717 cod.
273 2680 385 2717 arch.
418 2680 617 2730 scriptura
642 2679 767 2716 hacc:
801 2679 919 2729 quid
952 2677 1112 2717 enim?
1144 2681 1517 2730 paupertatem

63 2749 168 2773 cum
203 2735 425 2773 diuitiis
459 2737 612 2773 etiam
645 2736 790 2772 inter
820 2737 1060 2773 homines
1093 2748 1212 2773 esse
1244 2730 1516 2785 aequalem

63 2791 318 2841 uelimus,
371 2806 457 2830 cur
503 2805 602 2829 eam
651 2796 753 2840 cet„
801 2793 834 2829 si
882 2805 930 2830 eo
978 2805 1053 2842 quo
1100 2805 1175 2842 ego
1222 2792 1341 2829 modo
1387 2790 1517 2825 inter-
