1743 3202
646 186 931 222 PRAEFATIO.
1371 189 1486 221 XXX}
1497 190 1523 221 ,X

58 297 122 331 est
162 292 381 331 Goerenzii
414 291 648 328 coniectura
679 304 697 327 a
723 290 945 329 Schuetzio
978 294 1019 327 et
1043 291 1208 329 Mosero
1228 291 1422 342 probata3
1456 296 1522 343 qui

59 359 224 412 quidem
260 360 298 397 in
332 371 402 396 sex
433 357 559 395 libros
594 360 829 397 uniuersam
869 359 970 396 iuris
1013 363 1054 396 et
1083 356 1220 408 legum
1255 371 1416 396 causam
1453 361 1522 398 Ci-

57 441 248 466 cerouem
288 424 502 465 includere
545 423 726 463 uoluisse
771 426 894 474 ‹licit3
945 425 1018 463 sed
1058 439 1176 477 quam
1215 427 1248 463 is
1291 432 1520 477 argumenti

57 496 376 548 descriptionem
424 505 472 530 ex
519 488 600 541 III,
641 490 710 531 48.
749 493 930 531 confecit
972 490 1183 547 (quartum
1223 494 1328 531 enim
1370 494 1520 534 librum

56 564 186 602 l'uisse
226 563 325 600 dicit
364 560 421 597 de
462 563 760 610 potestate,
802 561 988 611 quintum
1031 562 1092 599 de
1135 561 1521 614 iure‘publico,

55 635 210 669 sextum
255 629 311 666 de
351 629 459 665 iure
501 623 707 676 ciuili),
752 640 797 664 ea
830 629 987 666 ratione
1031 630 1137 666 omni
1171 636 1296 670 caret.
1358 631 1419 669 Ex
1451 631 1520 670 illo

54 696 219 748 quidem
250 694 367 744 loco,
408 699 524 732 recte
562 707 671 733 nunc
703 709 725 734 a
756 696 967 747 Maduigio
1001 697 1244 746 emendam,
1275 697 1378 735 nihil
1410 699 1520 736 aliud

50 763 150 803 licet
190 763 412 815 colligere,
452 776 569 812 quam
616 762 881 814 Ciceronem,
914 770 1181 816 posteaquam
1216 764 1267 803 de
1304 769 1520 818 magistra-

50 832 159 880 tibus
192 831 493 883 disputauerit,
534 830 584 868 de
616 831 705 868 iure
736 836 990 882 potestatum
1028 833 1332 884 disputaturum
1372 834 1516 876 fuisse.

50 899 167 948 Quod
191 899 271 937 hoc
295 901 383 949 ipso
406 897 527 947 libro,
559 911 637 935 non
663 906 805 949 quarto
828 902 959 939 fuisse
978 901 1200 951 sacturnm,
1234 905 1279 938 ut
1301 902 1518 953 Zumptius

51 968 285 1018 suspicatur
313 980 355 1018 p.
391 965 490 1015 621,
526 968 796 1017 probabiliter
826 968 1034 1019 colligitur
1067 974 1108 1006 et
1140 982 1187 1005 cx
1211 973 1518 1020 comparatione

48 1048 139 1072 cum
171 1035 383 1085 religionis
421 1034 515 1084 lege
554 1036 765 1086 instituta,
800 1042 841 1074 et
881 1037 999 1084 inde,
1042 1035 1150 1086 quod
1186 1037 1368 1074 breuiter
1403 1038 1445 1075 id
1473 1052 1518 1077 se

45 1101 250 1139 facturum
284 1114 377 1139 esse
409 1102 525 1140 dicit.
585 1103 862 1140 l'robabiliter
893 1116 993 1141 uero
1025 1117 1073 1141 ex
1103 1118 1168 1154 eo,
1202 1104 1309 1154 quod
1341 1101 1422 1155 Ill,
1446 1105 1516 1145 47.

45 1168 99 1207 (16
140 1169 361 1207 iudiciis
407 1171 486 1207 sibi
525 1170 744 1207 dicendum
774 1182 866 1207 esse
905 1171 1130 1220 significat,
1178 1173 1245 1222 qui
1284 1170 1398 1210 locus
1442 1173 1516 1212 ad-

41 1239 207 1276 iunctus
253 1238 307 1276 sit
349 1238 682 1288 magistratibus,
729 1244 914 1288 quartum
962 1237 1114 1275 librum
1175 1240 1308 1277 fuisse
1355 1239 1513 1292 colligi-

43 1310 112 1344 tur
142 1305 195 1344 de
218 1305 396 1344 iudiciis.
457 1306 609 1354 Quinto
642 1311 683 1343 et
713 1310 829 1343 sexto
868 1304 965 1355 quid
999 1311 1067 1344 aut
1097 1306 1336 1358 incluserit,
1382 1314 1450 1346 aut
1479 1311 1511 1347 si

43 1387 124 1413 non
146 1374 339 1426 perfecit,
373 1371 554 1410 uoluerit
583 1372 813 1422 includere,
845 1373 1047 1423 probabili
1079 1377 1315 1413 coniectura
1349 1379 1510 1428 assequi

42 1454 123 1481 non
168 1440 279 1481 licet.
349 1443 445 1479 Sex
491 1446 627 1480 autem
665 1440 791 1478 libros
831 1439 1015 1479 Tullium
1056 1450 1125 1480 aut
1171 1445 1387 1495 scripsisse
1441 1453 1510 1483 aut

43 1510 290 1560 scripturum
324 1511 454 1547 fuisse
481 1509 752 1561 probabiliter
783 1507 851 1546 uel
884 1521 932 1545 ex
962 1522 1010 1546 eo
1043 1509 1276 1561 colligitur,
1309 1512 1432 1563 quod,
1467 1519 1511 1550 ut

44 1577 84 1613 in
116 1575 230 1614 libris
273 1576 324 1614 de
362 1590 405 1614 re
448 1576 635 1629 publica,
676 1579 734 1615 sic
766 1578 805 1614 in
838 1576 903 1614 his
944 1589 1103 1627 quoque
1136 1578 1387 1617 Platonicam
1421 1594 1511 1619 ser-

41 1645 172 1682 monis
215 1643 532 1696 descriptionem
574 1647 758 1682 imitatus
801 1643 1016 1682 dimidium
1057 1643 1254 1683 librorum
1291 1659 1510 1685 numerum

40 1713 269 1762 exprimere
311 1712 494 1751 uoluisse
538 1713 716 1761 uidetur,
763 1711 827 1749 uel
868 1726 915 1750 ex
957 1714 1192 1764 fragmento
1235 1715 1452 1753 conficitur
1489 1729 1511 1753 a

43 1779 255 1817 Macrobio
287 1775 368 1829 Ill,
402 1778 441 1819 4.
473 1786 650 1819 seruato.
710 1782 808 1818 Siue
840 1782 946 1817 enim
967 1777 1022 1818 *id
1057 1788 1215 1832 quarto,
1247 1783 1334 1819 siue
1367 1783 1509 1832 quinto

45 1845 153 1885 libro
188 1847 405 1896 tribueris,
445 1852 599 1885 tantum
649 1849 871 1886 etiamtunc
904 1851 1100 1900 temporis
1139 1851 1269 1888 fuisse
1310 1850 1511 1902 intelligi-

44 1919 130 1964 tur,
164 1919 208 1954 ut
237 1919 322 1952 tres
354 1913 421 1952 1161
452 1915 554 1953 duos
587 1915 767 1965 reliquos
799 1914 924 1953 libros
958 1916 1102 1953 eodem
1129 1916 1197 1954 die
1219 1924 1363 1968 posset
1384 1921 1507 1971 perfi-

41 1996 161 2033 cere,
211 1984 455 2036 praesertim
500 1996 586 2020 cum
630 1983 838 2020 Ciceronis
886 1982 1011 2019 libros
1051 1996 1130 2020 non
1172 1997 1337 2036 semper
1377 2001 1508 2038 aequa

38 2050 319 2100 magnitudine
359 2050 493 2088 fuisse
530 2056 704 2089 constet.
767 2052 880 2088 Certi
922 2049 1088 2100 quidem
1125 2051 1230 2089 nihil
1265 2054 1339 2091 hac
1372 2054 1422 2092 de
1461 2067 1506 2093 re

35 2117 213 2169 proferri
245 2119 400 2169 poterit
432 2131 620 2168 unquam.

150 2185 428 2235 Disceptatum
480 2191 545 2223 est
592 2188 715 2224 etiam
758 2186 809 2223 de
847 2187 1073 2237 prooemio.
1149 2185 1230 2226 Alii
1276 2191 1410 2240 enim,
1462 2196 1506 2229 ut

42 2250 258 2289 Turnebus
280 2254 319 2289 in
347 2257 627 2293 commentarii
653 2254 835 2292 editione
856 2253 995 2302 tertia,
1029 2253 1221 2306 Rathius,
1255 2257 1502 2296 Schuetzius

35 2317 113 2356 hoc
148 2319 280 2370 ipsum
313 2321 421 2370 quod
460 2322 627 2360 deesset
659 2323 929 2373 prooemium,
962 2327 1205 2370 argumento
1245 2337 1337 2363 esse
1380 2325 1499 2363 ‹lixe-

37 2390 131 2421 runt
167 2398 247 2422 non
280 2388 488 2426 absolutos
526 2403 619 2427 esse
650 2390 725 2427 hos
760 2388 910 2437 libr0s;
952 2387 1047 2438 alii,
1097 2389 1224 2429 ueluti
1272 2392 1502 2443 Fabricius,

37 2451 307 2501 Goerenzins,
339 2450 396 2492 A.
429 2456 560 2494 'Maius
593 2458 741 2508 (praef.
775 2457 826 2495 ad
855 2457 946 2508 Rep
975 2469 1014 2508 p.
1042 2457 1110 2496 Xl.
1137 2457 1203 2496 ed.
1227 2458 1375 2508 Mos),
1406 2460 1502 2497 Mo-

35 2530 167 2568 serus,
202 2518 349 2557 Bakius
383 2522 626 2563 Ciceronem
656 2526 697 2563 in
727 2526 806 2565 hoc
837 2537 999 2577 quoque
1019 2524 1240 2564 Platonem
1270 2528 1501 2578 exprimere

36 2585 218 2625 uoluisse
251 2587 455 2639 dixerunt,
489 2591 596 2641 quod
626 2593 776 2630 omisso
807 2594 1019 2644 prooemio
1059 2606 1104 2632 se
1136 2595 1272 2632 subito
1304 2607 1394 2632 cum
1426 2596 1500 2633 At-

34 2656 116 2693 tico
148 2658 190 2692 et
221 2656 371 2705 Quinto
405 2656 708 2709 colloquentem
741 2659 927 2699 fecisset.
990 2660 1045 2698 Et
1075 2661 1154 2699 hoc
1186 2674 1287 2700 sane
1317 2675 1398 2700 non
1433 2665 1498 2701 in-

37 2720 233 2760 credibile
255 2727 341 2773 est;
377 2725 452 2763 scd
472 2726 600 2765 multo
623 2731 759 2764 tamen
784 2731 849 2764 est
879 2726 1117 2767 credibilius
1148 2728 1266 2780 illud,
1299 2728 1496 2779 Tullium,

37 2802 125 2828 cum
157 2792 259 2829 etin
293 2791 462 2843 reliquis
492 2791 606 2832 libris
629 2806 724 2833 usus
754 2795 977 2846 prooemiis
1009 2797 1077 2846 sit,
1110 2802 1152 2834 et
1183 2798 1241 2835 uti
1277 2810 1321 2834 se
1343 2798 1403 2834 eis
1427 2809 1495 2834 so-
