1781 3192
190 166 219 204 4
747 166 818 204 DE
851 167 1079 206 LEGIBUS

196 282 383 327 nitatem,
418 280 449 316 si
481 278 643 327 quidem
677 291 777 328 quae
810 284 1033 320 canescunt
1060 280 1108 318 ad
1134 293 1330 317 summam
1353 280 1442 318 I'ere
1466 287 1657 320 senectu-

195 343 277 374 tem
317 338 613 386 peruenerunt.
673 334 983 373 Scaeuolam
1032 342 1169 374 autem
1208 335 1384 387 intelligi
1428 337 1470 375 h.
1510 337 1541 376 l.
1583 352 1658 377 ne·-

195 405 313 431 cesse
356 394 420 427 est
458 389 808 441 pontificem,
849 393 882 429 si
921 392 1086 442 quidem
1122 405 1170 429 ex
1211 392 1443 443 fragmento
1485 394 1658 444 quodam

193 449 318 487 Marii
351 444 456 497 apud
487 446 619 496 ipsum
652 446 894 485 Ciceronem
927 448 979 486 de
1011 449 1102 487 Diu.
1135 448 1166 498 Ι,
1201 446 1268 488 47.
1300 455 1466 487 seruato
1495 463 1658 489 carmen

195 508 288 556 post
334 501 515 539 redItum
558 502 679 540 Marii
729 505 925 555 scriptum
968 518 1059 542 esse
1106 509 1248 556 patet,
1288 519 1481 556 augurem
1526 512 1661 545 autem

195 560 340 598 duobis
372 559 488 596 annis
520 562 614 596 ante
646 558 819 598 Marium
854 561 1007 599 obiisse
1029 565 1202 601 constat.
1250 561 1504 600 Pontifex
1527 567 1662 602 autem

197 628 287 654 cum
328 619 499 665 quatuor
538 616 655 653 annis
698 622 792 666 post
824 617 998 654 Marium
1034 622 1088 664 (a.
1123 618 1242 665 672.)
1274 624 1515 668 necaretur,
1556 621 1664 657 intra

198 684 345 710 annum
372 670 454 712 668
477 674 520 708 et
539 670 633 711 672.
656 671 832 710 Marium
866 686 887 710 a
911 673 1112 712 Cicerone
1144 676 1342 726 scriptum
1376 688 1470 713 esse
1499 677 1664 727 perspi-

198 730 326 775 citur3
368 741 539 777 quocum
583 727 740 778 optime
783 731 1003 779 conuenit,
1048 730 1154 780 quod
1194 732 1227 780 ᾗ.
1269 729 1309 770 4,
1351 744 1513 769 carmen
1563 730 1665 769 illud

197 783 448 836 periculu
463 797 500 820 111
536 789 718 822 uocatur.
778 786 878 822 Nam
912 786 970 823 M.
996 785 1175 837 Tullius,
1208 800 1296 824 cum
1320 788 1475 825 Marius
1507 801 1543 826 a.
1565 787 1662 828 668.

198 842 354 889 obiret,
400 841 561 877 iuuenis
605 844 693 877 erat
735 842 880 891 uiginti
921 855 1131 881 annorum.
1204 844 1421 881 Marium
1475 849 1519 881 ut
1562 857 1665 882 anno

199 895 293 938 698.
329 898 526 948 scriptum
561 908 656 934 esse
678 899 980 949 comprobaret,
1012 911 1228 950 perperam
1254 900 1402 938 Bakius
1425 901 1668 951 prouocauit

200 953 249 992 ad
281 954 367 991 Att.
403 953 477 1001 IV,
513 952 548 991 5.

283 1009 385 1047 nisi
417 1009 527 1047 fort
541 1009 582 1059 e]
617 1010 691 1048 His
709 1012 845 1048 uerbis
863 1013 1050 1063 exceptio
1070 1011 1320 1062 adiungitur,
1342 1026 1419 1062 qua
1439 1026 1515 1050 una
1535 1013 1668 1063 possit

196 1066 365 1115 infringi
403 1066 510 1116 quod
542 1067 786 1104 affirmatum
812 1069 890 1115 sit;
922 1069 1034 1106 cuius
1058 1068 1290 1106 absurditas
1315 1081 1404 1106 cum
1429 1083 1499 1106 sua
1519 1074 1668 1119 sponte

200 1121 385 1171 eluceat,
434 1120 651 1161 intellectu
692 1122 816 1162 facile
858 1129 947 1173 est,
999 1124 1199 1174 quomodo
1240 1126 1395 1162 ironiae
1445 1126 1525 1162 uim
1567 1125 1667 1161 haee

200 1180 323 1216 uerba
356 1177 540 1218 induant.
601 1179 667 1219 Cf.
701 1180 748 1229 II,
782 1180 820 1221 2.
856 1180 896 1220 5.
928 1180 1074 1218 Parad.
1109 1181 1178 1229 IV,
1214 1181 1247 1220 1.
1272 1182 1312 1220 2.
1348 1181 1400 1218 de
1431 1182 1522 1220 Nat.
1545 1180 1667 1220 Deor,

203 1235 271 1284 ΙΙΙ,
310 1234 374 1275 18.
406 1233 476 1275 45.
518 1234 570 1272 de
601 1236 694 1275 Fat.
729 1236 795 1286 16,
826 1236 895 1277 37.
935 1250 1008 1288 pro
1044 1236 1134 1274 Mil.
1169 1234 1209 1285 7,
1251 1237 1313 1276 17.
1385 1238 1587 1274 Peruerse
1628 1239 1670 1274 et

200 1292 388 1330 Dauisius
423 1293 466 1329 si
496 1305 570 1342 pro
601 1294 707 1331 nisi
740 1299 782 1331 et
804 1294 974 1331 Rathius
1007 1294 1079 1330 sic
1109 1298 1260 1331 certe
1291 1306 1364 1344 pro
1396 1294 1501 1331 nisi
1532 1293 1670 1331 forte

199 1349 392 1397 coniecit,
415 1353 457 1386 et
478 1348 704 1398 Wagnerus
729 1349 906 1400 denique
927 1354 1022 1400 post
1044 1350 1170 1386 uerba
1197 1354 1341 1387 stare
1372 1353 1671 1401 potuerunt

201 1403 385 1456 suppleri
426 1406 568 1442 iussit:
616 1405 753 1442 idem
800 1418 925 1443 uero
966 1407 1019 1442 in
1066 1404 1162 1442 illa
1208 1418 1408 1455 quercu
1456 1406 1671 1443 euenire

200 1474 296 1499 non
325 1462 516 1511 potuit.
564 1459 803 1512 Supplenda
823 1462 960 1512 potius
984 1462 1088 1499 haec
1113 1465 1229 1499 sunt:
1259 1461 1501 1500 Athenae
1533 1467 1670 1510 tuae,

202 1531 295 1568 qua
347 1518 397 1554 in
450 1518 575 1555 urbe
628 1518 930 1558 etiamnunc
981 1516 1125 1557 illam
1172 1518 1454 1558 Mineruae
1506 1518 1671 1556 oleam

199 1577 505 1612 monstrant.

282 1629 472 1681 oleam]
512 1629 616 1669 Olea
630 1629 878 1681 intelligitur
894 1628 977 1681 illa,
1000 1643 1117 1681 quam
1136 1630 1341 1679 Minerua,
1356 1644 1444 1669 cum
1464 1630 1516 1669 de
1537 1631 1668 1668 Athe-

201 1700 345 1726 narum
375 1688 608 1739 principatu
641 1701 730 1725 cum
762 1688 955 1738 Neptuno
996 1687 1270 1726 contenderet
1300 1687 1535 1738 Iupiterque
1578 1699 1669 1724 eum

201 1745 303 1781 urbe
332 1746 556 1795 potiturum
591 1756 686 1782 esse
716 1746 1024 1795 pronunciaret,
1055 1745 1122 1794 qui
1145 1745 1300 1794 optime
1325 1743 1377 1781 de
1397 1745 1555 1781 ciuibus
1579 1756 1668 1780 me-

202 1804 386 1849 reretur,
432 1802 473 1838 in
513 1813 606 1839 arce
647 1800 872 1839 collocasse
920 1813 1076 1851 quaque
1126 1801 1313 1850 superior
1350 1812 1399 1837 ex
1445 1800 1672 1836 certamine

203 1857 447 1895 discessisse
479 1857 644 1896 dicitur.
707 1857 795 1894 Cfr.
830 1869 929 1906 quos
963 1869 1010 1894 ea
1039 1856 1092 1894 de
1118 1868 1163 1893 re
1197 1860 1363 1907 praeter
1394 1855 1497 1894 alios
1528 1853 1671 1892 laudat

202 1913 393 1951 Moserus
424 1914 525 1952 Her.
557 1914 664 1964 VIII,
697 1913 767 1954 55.
807 1912 916 1952 Plut.
951 1913 1103 1951 Them.
1141 1910 1206 1952 19.
1245 1909 1381 1963 Apoll.
1420 1907 1500 1962 ΙΙΙ,
1536 1909 1603 1951 14.
1639 1911 1671 1950 1.

202 1971 277 2010 011.
308 1969 410 2011 Met.
442 1970 568 2020 XVII,
602 1971 667 2012 71.
719 1970 876 2009 Meurs.
917 1970 1035 2008 Cecr.
1072 1982 1108 2007 c.
1151 1969 1216 2009 15.
1262 1966 1329 2008 19.
1373 1971 1415 2005 et
1456 1968 1507 2006 de
1546 1979 1674 2018 regno

203 2030 288 2067 Att.
323 2026 354 2076 I,
387 2025 421 2066 1.
454 2031 496 2064 et
530 2027 597 2067 10.
656 2027 712 2073 Et
747 2040 794 2065 ea
825 2026 989 2076 quidem
1022 2027 1144 2063 etiam
1175 2025 1473 2076 posterioribus
1512 2028 1674 2076 tempo-

208 2084 320 2120 ribus
350 2082 498 2121 durare
532 2084 764 2133 putabatur.
826 2082 934 2120 Plin.
958 2084 1011 2120 1⁷1.
1034 2083 1085 2120 N.
1110 2082 1218 2131 XVI,
1250 2079 1317 2120 44.
1342 2080 1412 2120 89.
1445 2081 1674 2119 Athenis

207 2152 414 2190 quoque
445 2137 563 2177 olea
592 2139 792 2179 durare
835 2139 1074 2180 traditur
1114 2139 1166 2176 in
1205 2139 1493 2176 certamine
1525 2136 1674 2175 edita

210 2209 233 2234 a
261 2195 302 2233 M
317 2196 329 2232 i
344 2207 368 2232 n
387 2208 511 2233 erun

291 2255 373 2288 aut
405 2251 537 2302 quod
561 2251 871 2289 Homericus
901 2274 956 2278 —
988 2249 1225 2300 eandem]
1271 2250 1495 2300 Per-peram
1527 2248 1675 2288 Bakius

210 2307 378 2346 alteram
404 2309 558 2346 ironiae
579 2312 736 2359 partem
762 2308 907 2346 eodem
931 2307 1052 2345 modo
1076 2305 1233 2345 absolui
1256 2310 1394 2357 negat,
1417 2310 1462 2344 ut
1482 2307 1675 2358 priorem.

209 2365 436 2418 Utriusque
497 2365 700 2402 enunciati
753 2365 853 2404 haec
896 2365 1120 2402 communis
1167 2364 1373 2402 sententia
1433 2368 1522 2402 est:
1570 2364 1677 2401 nisi

207 2422 353 2459 forte
396 2419 514 2459 olea
544 2419 644 2461 illa
674 2421 944 2460 Mineruae
976 2426 1059 2458 aut
1090 2419 1255 2472 palma
1286 2417 1379 2458 illa
1410 2418 1553 2458 Ulixi
1595 2432 1675 2457 us-

210 2489 309 2529 que
341 2477 400 2515 ad
432 2478 566 2515 hunc
597 2476 731 2515 diem
764 2479 1062 2529 permansit,
1124 2478 1239 2514 Hanc
1264 2489 1518 2514 communem
1541 2479 1673 2515 autem

212 2534 328 2573 uerbi
360 2535 571 2572 notionem
602 2535 657 2571 ita
688 2536 832 2584 uariat,
871 2539 915 2573 ut
946 2533 1056 2572 illam
1096 2534 1276 2572 Athenas
1316 2538 1460 2570 tenere
1490 2533 1678 2583 potuisse

211 2593 352 2640 neget,
385 2590 489 2629 hanc
518 2592 738 2629 monstrari
758 2593 946 2643 potuisse
970 2590 1159 2630 eandem.
1217 2589 1390 2627 Minime
1417 2600 1514 2627 uero
1543 2601 1678 2627 mon-

212 2651 391 2685 strant
430 2648 649 2685 eandem
687 2647 795 2686 idem
832 2653 918 2698 est,
961 2647 1070 2698 quod
1109 2649 1401 2685 monstrant
1442 2659 1496 2683 ac
1530 2645 1572 2682 si
1604 2658 1678 2684 ea-

214 2703 325 2741 dem
357 2704 459 2753 sit,
491 2703 533 2741 id
565 2703 672 2754 quod
705 2711 938 2757 comparato
972 2703 1064 2743 loco
1095 2703 1187 2742 libri
1218 2703 1248 2751 I,
1286 2700 1350 2742 10.
1384 2701 1454 2742 30.
1490 2714 1678 2753 compro-

216 2761 313 2799 bare
345 2763 519 2800 conatus
544 2765 607 2798 est
628 2760 793 2802 Bakius.
853 2762 1139 2803 monstrabant
1160 2757 1372 2809 uidelicet,
1398 2760 1510 2809 quasi
1535 2759 1679 2797 eadem
