1781 3192
182 146 275 186 308
757 145 826 184 DE
859 145 1093 186 LEGIBUS

190 273 457 308 concursum3
497 255 684 309 pluribus
723 258 860 295 uerbis
904 258 953 296 ab
995 257 1125 309 altera
1156 259 1364 300 disiuncta
1393 260 1494 300 nihil
1526 262 1656 301 mole-

190 319 296 357 stiae
336 321 476 368 parat3
523 316 566 351 in
617 315 742 352 tertia
794 320 930 353 tamen
978 321 1095 366 parte
1144 318 1325 369 repetita
1376 323 1443 356 est
1490 326 1659 370 propter

190 374 432 414 memoriam
475 371 564 409 eius
603 370 823 409 admodum
863 372 1133 413 imminutam.
1206 373 1432 413 Gerundiui
1483 375 1656 412 formam

191 425 507 484 (mandando
555 424 904 480 magistratu)
955 431 1070 479 sequi
1117 430 1361 479 gerundium
1413 430 1517 469 nihil
1563 432 1658 469 noui

190 488 328 527 habet.
372 483 438 521 Cf.
482 483 568 524 Cic.
610 482 717 522 Phil.
758 483 877 534 xlv,
919 482 957 525 9.
995 485 1065 526 26.
1105 488 1359 538 princeps
1398 489 1534 526 enim
1564 500 1661 526 om-

189 544 328 581 nium
362 540 531 580 Pansa
561 540 756 592 proelii
789 540 1026 580 faciendi
1064 548 1115 580 et
1147 556 1252 581 cum
1285 545 1519 583 Antonio
1548 557 1662 582 con-

189 595 417 648 fligendi
459 596 550 638 fuit.
620 597 806 647 Denique
848 599 1056 636 sciscen
1073 599 1156 648 da,
1199 600 1308 650 quod
1350 614 1372 638 a
1416 600 1508 640 cod.
1552 600 1661 640 arch.

193 655 378 694 abfuisse
410 661 567 691 certum
603 661 683 703 est,
717 656 921 692 correctio
953 658 1189 693 necessaria
1222 662 1303 706 est,
1335 662 1494 696 tentata
1519 658 1660 695 iamin

193 712 351 752 duobus
385 709 507 748 codd.
541 712 666 750 ambr.
703 717 744 748 et
774 715 871 761 post
895 711 1151 762 Stephanum
1188 712 1349 764 uulgata
1381 715 1430 752 ab
1463 715 1662 752 omnibus.

193 769 321 808 Goer,
363 767 457 806 Sch.
498 767 604 807 Mos.
650 765 780 806 Orell.
821 770 1131 818 praepositione
1184 771 1234 807 in
1289 775 1447 809 temere
1497 770 1665 820 expulsa

193 827 451 875 scripserunt
490 824 756 874 suffragia
800 826 1115 874 magistratu
1158 827 1473 875 maudaud03
1513 826 1665 864 deinde

194 885 362 934 praeter
395 880 507 918 Uict.
541 881 702 919 Manut.
728 881 916 929 Lbinum,
951 883 1017 931 qui
1048 886 1133 920 aut
1166 882 1227 919 de
1257 896 1345 921 reo
1377 882 1664 922 iudicando

193 938 443 986 ediderunt,
483 936 631 988 reliqui
675 950 843 975 omnes:
886 943 972 976 aut
1015 951 1103 976 reo
1136 939 1450 988 iudicand03
1491 940 1667 990 (lenique

194 995 344 1046 Steph.
378 994 491 1032 Man.
522 995 626 1032 Dau.
658 994 759 1033 Ern.
793 993 962 1044 Wagn.:
998 999 1088 1032 aut
1116 994 1235 1046 lege
1267 1002 1354 1034 aut
1385 997 1667 1047 rogatione

195 1050 502 1100 sciscenda,
543 1052 672 1090 Gzius
712 1056 754 1089 et
792 1050 1008 1092 Moserus:
1049 1051 1322 1104 quin.lege
1354 1059 1443 1092 aut
1473 1065 1578 1103 rog.
1611 1065 1668 1092 sc.

198 1107 382 1148 Orellius
414 1108 528 1159 prius
561 1113 650 1147 aut
676 1109 791 1146 uncis
832 1110 1038 1159 coercuit,
1073 1109 1293 1150 Turnebus
1338 1115 1496 1163 atque
1536 1110 1668 1160 lege,

196 1166 353 1205 Lbinus
387 1165 618 1215 itemque
647 1164 766 1215 lege
796 1166 986 1206 coniecit.

315 1220 482 1271 ferre]
554 1220 668 1260 Bakii
714 1222 948 1258 coniectura
986 1222 1129 1259 ferri
1170 1222 1481 1273 haudquaquam
1520 1234 1670 1259 neces-

199 1279 307 1317 saria
337 1282 415 1318 est.
477 1277 572 1315 Mox
600 1279 724 1316 uerba
753 1278 986 1327 sequeutia,
1019 1291 1039 1314 a
1081 1280 1362 1329 superioribus
1403 1280 1570 1317 iuiicete
1610 1279 1668 1315 sic

199 1334 400 1383 dissecta,
443 1338 486 1371 ut
516 1335 676 1385 priora:
713 1347 770 1371 an
812 1335 967 1372 etiam
1007 1333 1055 1371 id
1097 1334 1314 1373 dubium
1356 1333 1477 1374 est?
1517 1336 1669 1384 Attico,

197 1392 455 1444 posteriora:
487 1403 677 1428 uereor
707 1402 765 1427 ne
796 1403 818 1427 a
850 1395 900 1428 te
933 1402 1120 1428 rursus
1161 1389 1488 1429 dissentiam
1520 1393 1670 1439 Quinto

198 1448 506 1496 tribuerentur,
550 1450 665 1484 recte
695 1445 846 1484 Bakius
879 1447 1031 1494 Quinto
1074 1446 1263 1485 attribuit
1295 1448 1450 1497 onmia,
1490 1446 1533 1484 id
1564 1445 1674 1497 quod

203 1509 300 1544 aute
338 1504 416 1542 iam
460 1503 619 1542 fecerat
657 1503 826 1542 Lbinus.
894 1503 1011 1541 Ilaec
1052 1504 1160 1542 enim
1205 1502 1288 1542 illis
1338 1505 1397 1541 ita
1439 1504 1673 1551 inhaerent,

204 1567 250 1601 ut
290 1559 436 1599 diuelli
477 1561 524 1598 ab
567 1561 628 1598 eis
667 1559 781 1598 nullo
822 1565 942 1610 pacto
982 1561 1159 1612 possint.
1219 1561 1307 1599 Nec
1348 1565 1463 1599 recte
1495 1562 1673 1609 Quintus

204 1619 239 1669 ξ.
269 1616 336 1658 37.
369 1617 508 1655 Attico
545 1616 682 1667 legem
724 1616 979 1655 tabellariam
1023 1629 1102 1654 nou
1134 1618 1300 1668 probari
1342 1630 1390 1655 ex
1432 1616 1545 1656 uultu
1587 1617 1673 1654 eius

205 1673 448 1725 colligeret,
477 1675 511 1711 si
545 1672 642 1724 quid
673 1675 851 1711 sentiret
880 1677 975 1711 ante
1006 1674 1083 1711 iam
1117 1675 1254 1712 uerbis
1285 1673 1553 1713 declarasset.
1615 1673 1676 1711 De

203 1736 309 1785 part.
334 1743 392 1770 an
419 1730 570 1768 Bakius
591 1728 774 1767 laudauit
797 1730 994 1780 Maduigii
1019 1729 1340 1780 disputationem
1368 1730 1419 1769 de
1437 1732 1528 1770 Fin.
1552 1730 1674 1780 p.o·1.

320 1801 418 1838 qua
459 1792 510 1825 te
548 1786 741 1836 fuisse]
822 1788 979 1825 Lbinus
1027 1788 1116 1824 sine
1166 1800 1287 1826 causa
1337 1787 1388 1825 de
1439 1791 1677 1825 coniectura

204 1845 374 1896 scripsit
405 1845 453 1881 iu
485 1857 591 1894 qua.
650 1843 817 1882 Etenim
849 1846 1103 1895 praepositio
1136 1850 1232 1882 ante
1274 1858 1391 1896 pron.
1432 1842 1553 1885 relat.
1594 1854 1675 1880 non

211 1901 343 1940 solum
374 1902 430 1939 ita
461 1901 680 1950 omittitur,
713 1901 746 1938 si
778 1902 819 1938 in
851 1900 1023 1939 relatiua
1055 1902 1263 1939 sententia
1296 1903 1464 1940 uerbum
1498 1900 1676 1948 auditur,

211 1966 256 1997 ut
288 1962 457 2009 utraque
490 1959 699 1996 sententia
729 1958 769 1995 in
804 1971 923 1996 unam
957 1957 1158 2009 quandam
1193 1957 1415 2008 coaluerit,
1448 1958 1524 1996 sed
1554 1958 1678 1995 etiam

211 2017 295 2065 ita,
338 2016 373 2053 si
414 2020 483 2053 aut
520 2014 628 2053 idem
675 2016 841 2053 uerbum
886 2020 956 2054 aut
995 2014 1108 2052 aliud
1150 2028 1389 2067 expressum
1432 2020 1516 2064 est,
1555 2012 1678 2052 modo

209 2072 339 2112 altera
369 2072 577 2111 sententia
607 2070 726 2109 alteri
758 2073 956 2111 attributa
997 2073 1230 2110 arctissimo
1273 2085 1364 2110 cum
1407 2071 1479 2109 illa
1516 2068 1678 2109 uinculo

209 2130 487 2168 contineatur.
549 2124 644 2178 Ipsa
675 2133 808 2165 autem
843 2129 1137 2165 sententiarum
1179 2128 1443 2165 necessitudo
1484 2132 1526 2164 et
1566 2125 1679 2176 quasi

209 2187 346 2224 unitas
385 2184 638 2235 pronominis
679 2181 841 2220 relatiul
882 2184 1015 2221 forma
1057 2183 1106 2220 ad
1139 2177 1508 2222 demonstr-atinum
1542 2186 1679 2233 aptata

210 2240 459 2279 declaratur.
532 2236 610 2278 llla
651 2238 837 2290 exempla
884 2241 1170 2292 frequentiora
1220 2246 1315 2277 sunt
1359 2238 1438 2292 (cf.
1489 2239 1576 2278 Cic.
1628 2236 1680 2276 ad

210 2300 297 2338 Att.
340 2297 454 2346 Vm,
499 2296 561 2338 11.
603 2297 652 2335 D.
687 2297 721 2347 ᾇ.
754 2298 794 2336 3.
838 2298 886 2334 in
930 2296 1106 2335 eadem
1147 2298 1407 2348 opinione
1455 2296 1532 2333 fui
1582 2308 1680 2346 qua

210 2354 414 2406 reliqui
454 2365 643 2392 omneS.
687 2353 737 2390 de
777 2354 868 2394 Fiu.
902 2350 990 2403 IV,
1027 2354 1094 2394 20.
1127 2354 1197 2394 56.
1240 2352 1347 2391 Vell.
1388 2353 1478 2392 Pat.
1512 2347 1555 2402 I,
1589 2347 1679 2404 7.);

212 2413 314 2452 haec
354 2412 536 2461 rariora,
580 2409 656 2447 sed
695 2411 903 2449 immerito
943 2424 965 2449 a
1004 2411 1214 2460 Maduigio
1265 2410 1468 2448 Cicerone
1511 2407 1680 2459 indigna

210 2469 366 2509 habita.
419 2467 484 2506 Cf.
516 2472 683 2519 praeter
713 2467 798 2506 Cic.
834 2467 883 2506 ad
905 2468 1017 2508 Fam.
1040 2464 1118 2517 IV,
1155 2467 1219 2508 13.
1244 2467 1284 2508 5.
1318 2465 1427 2521 (res
1464 2463 1681 2519 publica

213 2537 566 2577 quascumque
617 2525 757 2565 uires
805 2525 1055 2575 habebit,
1104 2526 1161 2563 ab
1213 2526 1280 2562 iis
1320 2525 1450 2575 ipsis
1492 2523 1680 2575 quibus

213 2586 454 2631 tenetur,
488 2582 549 2620 de
580 2585 629 2620 te
658 2582 992 2633 propediem,
1036 2582 1163 2620 mihi
1205 2581 1388 2630 crede,
1428 2581 1679 2631 impetra-

214 2636 340 2691 bit),
379 2638 485 2690 quod
522 2637 753 2691 exemplum
785 2640 990 2677 immerito
1016 2638 1251 2689 Maduigius
1283 2636 1526 2676 mendosum
1560 2636 1679 2685 dixit,

217 2696 340 2738 Tusc.
370 2692 404 2745 I,
437 2693 507 2737 46.
544 2694 636 2737 111.
670 2708 788 2733 esse
821 2708 927 2733 cum
960 2694 1129 2746 aliquo
1159 2708 1315 2733 sensu
1346 2695 1397 2731 in
1429 2694 1499 2732 iis
1532 2691 1679 2730 malis

217 2753 407 2805 quibus
449 2750 597 2805 uulgo
643 2754 940 2805 opinantur.
1011 2749 1149 2804 Quid?
1195 2751 1305 2805 quod
1346 2749 1510 2802 longius
1557 2751 1680 2789 etiam
