1781 3192
407 199 567 239 Lufflst
599 196 900 236 SECUNDUS.
952 194 1049 235 Cn.
1085 191 1189 234 Vul.
1443 191 1529 229 ¹55

182 312 427 362 decorae]
497 309 596 349 Aliis
639 308 718 346 (liis
759 307 861 346 aliae
902 308 1062 346 hostiae
1103 303 1438 353 immolabantur,
1479 308 1523 342 ut

69 371 209 407 Cereri
240 382 379 420 porca,
410 369 566 406 Baccho
598 367 755 414 hircus,
784 367 974 416 Neptuno
1008 369 1162 412 taurus,
1196 363 1354 412 superis
1387 360 1519 410 albae,

69 428 208 475 nigrae
249 426 415 475 inseris,
466 424 557 461 aliis
601 422 825 470 lactentes,
869 421 959 459 aliis
1001 423 1202 469 maiores,
1241 417 1332 456 aliis
1370 430 1522 466 mares,

69 481 160 519 aliis
200 482 388 519 feminae.
448 480 512 518 Cf.
545 492 643 530 quos
683 479 781 517 Dau.
822 477 1002 515 laudauit
1040 478 1158 514 Seru.
1200 475 1261 513 ad.
1299 476 1398 515 Aen.
1440 469 1522 524 Ill,

73 540 165 578 116.
198 538 324 576 macr.
357 538 440 577 Sat.
472 533 552 586 III,
591 535 654 575 10.
702 534 809 574 Plin.
844 536 894 573 Η.
929 535 976 571 Ν
1011 533 1113 570 ΠΗ.
1147 546 1178 570 c.
1210 531 1276 571 45.

181 594 431 643 diuisque
463 592 610 643 ollis]
672 591 711 628 ln
745 591 837 628 cod.
869 591 978 628 art-h.
1012 588 1119 640 quod
1163 589 1241 625 suit
1279 587 1522 636 diuisque

68 647 193 685 aliis
235 649 570 698 sacerdotes,
614 653 834 685 tenuerunt
871 647 1017 697 Steph.
1057 647 1169 683 Man.
1212 645 1311 681 Dan.
1353 644 1522 693 Zumpt·

67 703 183 751 Quod
214 706 400 753 quoniam
434 705 534 742 ferri
565 717 644 742 non
676 716 799 755 posse
831 703 1139 751 intellexerunt,
1181 700 1368 751 plerique
1400 704 1441 736 et
1473 700 1522 736 ab

65 760 159 798 Ern.
192 760 287 797 iude
319 774 462 798 omnes
503 762 748 812 probarunt,
789 760 893 810 quod
936 761 1013 796 iam
1053 759 1091 795 in
1137 762 1238 795 uett.
1283 754 1521 806 quibusdam

65 816 179 853 editt.
209 814 327 868 (Asc.
370 818 404 855 1.
440 817 477 857 2.
510 818 619 854 Crat.
654 817 775 854 lleru.
817 815 934 869 aliis)
975 827 1212 866 expressum
1252 819 1316 850 est
1355 812 1521 849 diuis-

64 884 158 922 que
189 872 314 909 aliis
345 872 435 910 alii
471 886 567 911 sac.
629 873 713 910 Sed
746 874 813 923 qui
845 874 1028 921 tandem,
1062 873 1093 908 si
1125 872 1298 921 primum
1334 867 1421 906 aliis
1452 866 1522 905 alii

62 928 299 966 sacerdotes
344 942 436 966 esse
478 930 690 979 iubentur,
742 932 927 967 omnibus
970 928 1122 966 deinde
1167 927 1385 980 pontifices
1426 937 1521 962 esse

60 985 190 1022 iuberi
223 983 425 1035 possunt?
475 986 653 1023 Primum
696 986 803 1024 diuis
845 985 1097 1037 generaliter
1144 983 1380 1021 sacerdotes
1427 993 1522 1018 esse

59 1041 266 1089 iubentur,
300 1041 451 1079 deinde
480 1042 581 1079 duas
627 1044 788 1092 speeies
826 1044 943 1094 ponit
979 1041 1299 1093 pontificum
1341 1043 1382 1075 et
1423 1037 1521 1075 fla-

60 1097 265 1146 minum,
310 1097 360 1135 de
395 1098 641 1136 decemuiris
671 1104 712 1136 et
744 1101 978 1149 auguribus,
1020 1099 1084 1147 qui
1128 1101 1170 1133 et
1210 1097 1290 1147 ipsi
1322 1095 1519 1132 uniuerso

60 1153 322 1191 sacerdotum
352 1156 519 1192 nomine
549 1155 970 1205 comprehenduntur,
1005 1167 1096 1191 mox
1128 1152 1329 1200 dicturus,
1370 1152 1520 1201 quippe

60 1222 149 1247 cum
181 1209 284 1247 nihil
316 1209 365 1248 ad
406 1213 516 1262 ipsas
558 1211 728 1249 deorum
770 1212 1036 1249 caerimonias
1083 1209 1298 1258 cultusque
1335 1208 1521 1258 pertine-

58 1271 166 1304 rent.
235 1266 367 1305 Recte
405 1269 529 1317 igitur
578 1273 762 1305 ueterem
806 1268 989 1306 'l'urnebi
1037 1266 1337 1303 correctionem
1387 1261 1520 1300 ollis

60 1324 103 1368 (i.
135 1335 171 1360 e.
205 1321 304 1372 illis,
339 1337 437 1375 quos
467 1337 590 1375 supra
623 1324 654 1374 ξ.
690 1322 752 1365 19.
784 1324 1002 1375 descripsi)
1042 1322 1176 1360 denuo
1215 1319 1522 1360 commendauit

58 1379 250 1416 Krausius
284 1382 322 1416 iu
355 1394 488 1430 progr.
523 1394 563 1431 p.
604 1380 665 1420 15.
807 1390 811 1393 ’

173 1436 536 1486 uirginesque]
609 1437 720 1476 Part.
772 1448 890 1486 que,
938 1448 1055 1485 quam
1098 1438 1194 1486 post
1235 1434 1342 1471 Uict.
1378 1433 1518 1471 Lamb.

60 1491 158 1527 Eru.
194 1491 333 1540 llagn.
374 1492 530 1530 deleuit
567 1493 781 1541 Moserus,
823 1497 865 1529 et
903 1492 1087 1530 codicum
1128 1492 1227 1529 satis
1270 1491 1518 1527 auctoritate

61 1553 126 1584 est
157 1547 314 1584 firmata
347 1552 388 1585 et
420 1561 466 1586 ea
499 1548 625 1587 Tullii
659 1548 974 1597 consuetudine,
1008 1561 1083 1598 qua
1113 1560 1180 1585 res
1211 1547 1373 1597 generis
1406 1547 1518 1583 eius-

60 1603 151 1639 dem
202 1605 248 1640 ab
294 1604 371 1642 alia
410 1607 615 1643 transiens
650 1605 701 1643 ad
743 1605 861 1642 aliam
902 1606 982 1642 isto
1021 1603 1141 1642 modo
1181 1604 1378 1641 annectit.
1449 1602 1540 1642 Cf.-

58 1659 195 1696 Madu.
232 1659 283 1696 de
315 1661 405 1698 Fin.
439 1675 479 1712 p.
511 1662 608 1702 476.

171 1721 327 1753 sunto
359 1717 481 1767 tria]
542 1718 776 1755 Ediderunt
816 1717 949 1754 adhuc
981 1715 1205 1754 secundum
1237 1715 1341 1753 dett.
1372 1713 1516 1764 codd„

57 1783 104 1809 ex
129 1773 272 1821 quibus
297 1775 471 1810 correcti
504 1779 598 1812 sunt
628 1775 704 1813 AB
725 1772 828 1813 11.AE
863 1771 921 1826 (si
955 1772 1006 1811 de
1030 1774 1106 1811 hoc
1127 1772 1274 1809 Bakius
1299 1784 1378 1808 non
1405 1783 1518 1808 erra-

58 1825 139 1881 uit)
186 1828 283 1865 duo
336 1842 528 1878 genera
573 1835 726 1868 sunto
779 1828 949 1882 (Steph.
991 1830 1135 1867 Lamb.
1176 1829 1273 1866 Bak.
1321 1820 1533 1878 genera-

58 1889 208 1921 sunto
254 1885 311 1921 du
328 1884 388 1938 ο).
454 1887 506 1923 At
543 1900 623 1924 non
666 1886 772 1935 duo,
816 1886 891 1924 sed
931 1887 1009 1923 tria
1048 1884 1307 1924 sacerdotum
1349 1896 1518 1934 genera,

58 1941 299 1991 pontifices,
350 1942 684 1992 quindecimuiri,
736 1955 907 1993 augures
947 1946 1331 1979 commemorantur.
1401 1940 1519 1987 Quod

58 1999 114 2034 ita
147 2009 239 2034 esse
271 1997 335 2034 uel
367 2004 472 2048 part.
515 2006 683 2037 autem
725 1999 932 2047 declarat,
976 2012 1050 2049 pro
1093 2011 1191 2048 qua,
1220 1997 1306 2045 >nisi
1347 2008 1519 2045 augures

60 2059 262 2103 tamquam
316 2055 481 2091 tertium
533 2069 660 2106 genus
712 2054 793 2093 illis
842 2055 998 2092 duobus
1051 2054 1252 2092 accedere
1296 2052 1518 2100 uoluisset,

57 2108 295 2159 particulam
329 2123 424 2160 que
458 2117 711 2162 usurpasset.
772 2112 860 2149 Nec
892 2123 990 2148 uero
1032 2111 1131 2148 duo
1170 2109 1301 2146 fuisse
1338 2110 1378 2145 in
1421 2107 1518 2146 cod.

58 2165 171 2204 arch.
215 2166 407 2204 mendum
463 2169 645 2206 ostendit
690 2166 812 2205 codd.
851 2166 886 2204 Ε
919 2171 962 2204 et
993 2167 1071 2205 Gd.
1102 2166 1142 2205 2.
1181 2167 1373 2202 trinum
1412 2167 1438 2202 i.
1480 2176 1519 2202 e.

57 2222 186 2270 tria,
218 2235 377 2262 unum.
447 2224 565 2272 Quod
601 2238 690 2262 curn
733 2224 862 2261 Gzius
906 2225 1178 2270 coniecisset,
1220 2223 1259 2258 in
1300 2221 1519 2258 uerborum

58 2282 191 2315 tamen
234 2281 382 2316 seriem
424 2283 612 2331 recipere
654 2281 877 2329 dubitauit,
923 2280 1033 2318 hunc
1071 2280 1289 2317 uerborum
1331 2276 1517 2315 ordinem

58 2348 79 2371 a
120 2333 259 2372 Tullio
298 2336 438 2373 nescio
480 2337 681 2387 quomodo
724 2335 900 2373 alienum
949 2348 1043 2374 esse
1093 2335 1249 2372 dicens.
1318 2333 1363 2370 ln
1412 2332 1519 2370 dett.

58 2391 176 2429 codd.
213 2396 255 2428 ut
285 2393 387 2429 haec
420 2395 620 2431 correctio
654 2393 777 2442 duo,
809 2405 960 2430 unum
992 2396 1238 2440 tentaretur,
1270 2389 1374 2426 haec
1399 2401 1520 2426 causa

58 2447 150 2497 fuit,
184 2448 290 2498 quod
319 2448 396 2485 duo
429 2454 585 2486 tautum
621 2461 773 2499 genera
810 2454 1098 2498 numerantur,
1139 2447 1308 2485 liberius
1349 2446 1518 2482 tertium

57 2517 132 2555 per
160 2510 264 2555 part.
295 2511 461 2541 autem
503 2506 751 2555 adiungitur.
820 2505 940 2553 Quod
979 2509 1024 2543 ut
1064 2506 1246 2553 faceret,
1286 2501 1395 2540 haud
1433 2502 1518 2538 scio

59 2573 107 2598 an
140 2560 208 2597 uel
249 2574 296 2599 eo
329 2560 490 2599 'l'ullius
533 2564 586 2599 sit
624 2560 846 2613 impulsus,
889 2561 995 2612 quod
1036 2574 1118 2599 non
1159 2558 1292 2598 solum
1334 2560 1518 2610 ipsorum

59 2630 253 2667 augurum
291 2630 462 2655 munera
500 2617 630 2656 uoluit
671 2618 862 2667 definire,
900 2618 974 2656 sed
1013 2631 1059 2656 ea
1101 2618 1223 2655 etiam
1265 2615 1517 2663 describere,

60 2686 164 2722 quae
196 2679 238 2711 et
269 2673 550 2713 sacerdotibus
583 2678 625 2712 et
656 2674 977 2724 magistratibus,
1015 2677 1209 2726 quantum
1240 2672 1292 2710 ad
1323 2682 1518 2721 augurum

61 2742 203 2766 munus
249 2732 540 2782 pertinerent,
589 2730 781 2768 facienda
833 2735 984 2770 essent.
1051 2730 1254 2769 Similiter
1305 2740 1393 2766 cum
1438 2727 1519 2763 tria

0 2820 8 2826 .
61 2785 223 2823 dicendi
255 2799 407 2837 genera
439 2788 650 2838 posuisset
680 2788 751 2826 Or.
776 2787 816 2837 5,
839 2786 909 2836 20,
939 2786 1018 2826 duo
1050 2788 1188 2840 priora
1217 2785 1369 2837 partita
1398 2781 1518 2820 effert

1247 2855 1297 2875 ’Ξῖ-ὕ
