1781 3192
424 201 581 240 LlBER
612 200 912 242 shJCmDUs‘.
965 203 1061 242 (ὴν.
1100 202 1166 241 vl.
1441 201 1526 240 145

69 318 206 354 eius:
240 317 363 351 item
398 314 520 351 mihi
555 312 712 350 eredo
745 326 861 350 6556
897 312 1206 351 faciundum.
1262 311 1380 360 Quod
1405 312 1524 350 Plato

68 377 201 410 autem
236 371 425 421 princeps
459 371 483 407 i.
518 382 555 407 e.
588 369 743 419 primus
776 368 828 406 de
861 382 904 406 re
935 370 1098 419 publica
1128 374 1170 406 et
1200 367 1360 417 legibus
1392 370 1524 419 scrip-

70 431 176 466 sisse
210 427 373 473 dicitur,
405 438 492 462 cum
526 424 666 475 plures
695 429 791 461 ante
823 437 912 461 eum
939 425 1111 462 eandem
1135 438 1298 463 causam
1325 429 1523 462 tractasse

67 488 244 531 constet,
273 489 316 518 ut
338 481 635 531 llippodamum
664 480 965 529 Pythagoreum
1001 481 1052 518 de
1085 494 1127 517 re
1158 480 1333 531 publica,
1366 481 1524 530 Archy-

67 547 150 578 tam
183 538 233 575 de
265 536 374 586 lege,
410 537 448 573 id
481 549 561 573 11011
592 538 720 585 magis
744 536 780 573 h.
799 535 823 574 l.
849 542 986 586 potest
1011 536 1237 584 offendere,
1270 550 1386 586 quam
1418 536 1524 586 quod

68 593 144 634 111.
178 595 208 643 ξ.
246 590 310 630 14.
352 605 373 628 a
412 592 587 629 Platone
623 594 791 641 eiusque
830 592 981 630 familia
1021 592 1164 630 ciuiles
1204 591 1294 630 illas
1335 593 1523 643 disputa-

66 654 198 688 tiones
248 660 437 684 manasse
486 648 601 686 dicit.
683 648 883 685 Nimirum
936 649 1114 686 leuiores
1158 647 1249 684 illos
1299 650 1522 698 scriptores

64 704 260 755 neglexit.
320 703 502 752 nah-ium,
537 705 603 753 qui
637 707 767 741 totum
794 704 902 741 hunc
926 704 1058 742 locum
1086 702 1236 741 Plato
1270 725 1320 730 ——
1356 703 1521 741 dicam

64 759 312 799 foedissimis
346 758 732 809 interpolationibus
767 761 1019 810 inquinatum
1048 764 1179 811 putat,
1211 759 1392 797 refutare
1418 759 1520 796 nihil

61 818 223 854 attinet.

174 870 327 907 etiam
368 883 442 921 pro
484 874 552 919 et,
586 870 693 920 quod
734 870 864 909 adlmc
906 870 1111 921 uulgatum
1151 876 1229 921 est,
1272 884 1362 909 cum
1395 871 1519 909 Bakio

60 927 238 966 restitui.

173 994 282 1019 cum
322 981 548 1031 quidem]
619 981 730 1019 Male
776 996 849 1034 pro
900 983 974 1021 hac
1014 982 1106 1020 cod.
1147 983 1256 1020 arch.
1301 985 1518 1033 scriptura,

61 1051 162 1088 quae
196 1036 261 1074 uel
291 1037 439 1074 mendo
471 1038 735 1076 confirmatur
767 1038 886 1076 codd.
919 1039 1133 1076 meliorum
1164 1052 1268 1076 cum
1294 1039 1517 1088 quidam,

60 1097 186 1133 Goer.
229 1093 326 1130 Sch.
367 1094 438 1131 Or.
480 1092 589 1130 nulla
632 1093 751 1131 codd.
792 1097 1033 1132 auctoritate
1065 1096 1318 1145 scripserunt
1351 1108 1373 1144 q
1389 1108 1518 1132 uam-

59 1162 200 1203 quam
232 1148 456 1200 quidem.
518 1150 619 1186 Nam
653 1151 814 1187 etiamsi
846 1163 987 1187 uerum
1022 1152 1075 1187 sit
1114 1151 1154 1186 in
1198 1149 1286 1188 cod.
1320 1152 1383 1189 Br.
1426 1164 1518 1188 6556

60 1217 386 1258 quamquam:
428 1209 564 1242 tamen
607 1205 685 1242 ista
727 1209 929 1243 correctio
968 1211 1046 1254 est,
1087 1219 1138 1243 ne
1170 1219 1244 1256 per
1274 1219 1319 1244 se
1351 1207 1515 1256 quidem

58 1261 294 1314 probabilis.
355 1262 444 1298 Non
478 1265 616 1312 potest
648 1262 754 1298 enim
788 1264 876 1313 ipsa
901 1263 1085 1312 exceptio
1109 1263 1294 1311 insigniri
1318 1267 1518 1313 reeteque

61 1318 230 1367 Bakius,
274 1318 305 1355 si
348 1317 443 1367 quid
486 1320 526 1355 in
568 1317 629 1354 his
662 1319 848 1367 insigniri
880 1317 1069 1368 uelimus,
1106 1318 1148 1355 id
1188 1319 1292 1355 dixit
1330 1319 1515 1369 insigniri

59 1379 265 1427 oportere,
299 1373 405 1422 quod
429 1372 669 1423 specialiter
690 1375 917 1424 excipiatur
940 1380 1261 1424 (quamquam
1294 1373 1379 1412 illi
1412 1390 1434 1426 q
1451 1389 1470 1412 u
1483 1376 1516 1412 i-

57 1432 213 1479 dem),
248 1434 291 1466 ut
321 1431 402 1466 Cic.
438 1430 490 1466 de
520 1430 614 1466 Fiu.
649 1426 728 1478 Ill,
771 1430 808 1469 2,
850 1432 891 1469 ὅ.
934 1443 1236 1480 quamquam
1276 1430 1370 1468 hoc
1410 1432 1516 1481 qui-

58 1488 166 1524 dem
196 1487 462 1536 proprium
494 1490 629 1522 tuum
660 1498 841 1522 munus
873 1494 971 1524 est.
1004 1486 1104 1524 ibid.
1140 1483 1175 1534 Ι,
1212 1485 1247 1524 1.
1277 1485 1316 1524 2.
1348 1501 1370 1536 q
1388 1500 1515 1525 uam-

58 1555 200 1592 quam
226 1541 611 1592 philosophiae
637 1540 844 1590 quidem
871 1542 1351 1592 uituperatoribuS.
1384 1544 1514 1581 Recte

59 1610 159 1636 uero
200 1610 306 1635 cum
346 1596 562 1647 particula,
605 1599 692 1634 siue
735 1610 883 1634 causae
925 1604 988 1636 est
1025 1598 1147 1635 iudex
1183 1599 1272 1635 51116
1299 1600 1513 1650 temporis,

57 1655 298 1703 insignitur,
339 1658 382 1689 ut
413 1655 465 1690 sit
497 1653 568 1700 da,
610 1652 667 1690 als
710 1653 902 1691 niimlich.
953 1654 1017 1692 Cf.
1059 1655 1146 1692 Cic.
1178 1654 1230 1691 de
1257 1654 1346 1692 Diu.
1379 1656 1409 1705 l,
1441 1654 1513 1695 33.

57 1710 122 1749 72.
147 1722 254 1747 611111
281 1708 486 1759 quidem
511 1709 557 1746 C.
585 1710 886 1747 Postumius
910 1724 1126 1762 aruspex
1150 1715 1330 1748 oraret
1351 1711 1513 1751 illum.

56 1768 160 1816 Nep.
196 1765 300 1813 Vlll,
342 1765 381 1803 2.
415 1765 558 1814 xxm,
605 1766 640 1804 2.
673 1765 818 1814 xxiv,
861 1766 897 1805 2.
963 1767 1121 1804 Deinde
1154 1768 1513 1817 scripserunt,

57 1835 130 1874 pro
174 1834 252 1872 quo
290 1821 388 1860 Dau.
433 1822 559 1859 Goer.
593 1822 688 1860 Sch.
720 1822 826 1860 Mos.
860 1823 928 1861 Or.
961 1836 1009 1860 ex
1041 1823 1313 1860 deterioribus
1346 1825 1513 1873 quibus-

56 1879 146 1916 dam
192 1876 313 1915 codd.
356 1884 603 1928 receperant
642 1879 1110 1928 conscripserunt,
1162 1884 1319 1916 temere
1361 1880 1511 1918 Bakius

56 1947 145 1972 cum
178 1933 323 1983 Steph.
365 1938 407 1970 et
439 1933 550 1971 Man.
592 1935 741 1971 mutari
774 1934 901 1971 uoluit
931 1937 971 1972 in
1004 1936 1347 1985 scripserint.
1408 1936 1511 1973 Ete-

55 1992 137 2027 nim
171 1994 275 2041 part.
306 2002 414 2026 cum
448 1989 490 2026 h.
523 1987 551 2026 l.
585 1991 780 2040 temporis
813 1997 876 2028 est
898 1991 1032 2029 index.
1094 1992 1182 2028 Jam
1206 1992 1285 2028 etsi
1310 1993 1513 2029 sententia

54 2045 125 2083 illa
157 2044 399 2083 secundaria
432 2057 541 2081 cum
576 2046 780 2095 quidem
813 2045 897 2084 illi
931 2053 1010 2085 cet.
1052 2048 1283 2084 arctissime
1323 2060 1425 2085 nexa
1464 2060 1512 2085 ex

54 2103 246 2153 primaria
267 2102 325 2138 ita
349 2102 596 2138 conformari
620 2102 777 2151 potuit:
807 2115 911 2139 cum
946 2102 1147 2152 quidem
1179 2102 1265 2139 illi
1299 2125 1353 2130 ——
1383 2106 1511 2141 scri-

56 2159 261 2204 berent3
314 2160 450 2194 tamen
501 2168 577 2194 1166
616 2169 788 2194 11666556
828 2158 871 2195 id
916 2159 1020 2207 luit,
1076 2171 1150 2195 nec
1190 2158 1432 2196 Ciceronem
1471 2159 1511 2196 id

54 2215 193 2251 facere
235 2211 417 2250 uoluisse
456 2212 552 2249 inde
592 2217 787 2263 apparet,
823 2213 930 2264 quod
969 2214 1155 2265 perfeeto
1196 2218 1382 2265 tempore
1415 2228 1510 2252 usus

54 2274 132 2306 est.
203 2268 386 2305 Externo
426 2270 549 2318 igitur
589 2268 762 2318 quodam
813 2269 973 2308 uinculo
1019 2270 1260 2308 secundaria
1306 2273 1513 2309 sententia

54 2326 288 2362 continetur
319 2337 406 2361 611111
448 2326 654 2374 primaria,
695 2329 738 2361 ut
778 2325 830 2363 de
862 2326 941 2364 Off.
975 2322 1009 2375 I,
1043 2326 1114 2366 13.
1145 2325 1211 2366 40,
1246 2329 1423 2364 maxim
1440 2341 1509 2364 um

56 2379 352 2430 exemplum
414 2384 497 2417 est
542 2381 789 2418 iustitiae
835 2383 883 2418 in
927 2382 1115 2420 hostes
1159 2397 1181 2420 a
1225 2384 1510 2420 maioribus

53 2437 255 2473 nostris
288 2437 657 2485 constitutum,
690 2449 797 2474 cum
831 2451 851 2474 a
880 2438 1079 2487 Pyrrho
1110 2439 1336 2489 perfuga
1367 2452 1510 2476 sena-

53 2493 124 2529 tui
172 2498 255 2529 est
295 2490 601 2541 pollicitus,
643 2504 697 2528 se
741 2506 993 2532 uenenum
1029 2495 1140 2544 regi
1181 2494 1418 2532 daturum
1460 2500 1512 2531 et

54 2561 162 2585 eum
205 2551 528 2584 necaturum.
602 2548 690 2584 Jain
733 2550 796 2597 si,
843 2562 913 2586 cur
952 2550 1053 2589 haec
1095 2551 1240 2588 Cicero
1282 2550 1511 2600 addiderit,

56 2604 232 2653 quaeris,
266 2602 424 2640 addidit
455 2603 643 2640 nimirum
676 2610 913 2655 propterea,
946 2613 989 2643 ut
1019 2607 1098 2645 hoc
1124 2608 1379 2658 prooemium
1404 2605 1510 2656 legis

56 2672 134 2696 non
168 2658 296 2696 solum
331 2660 491 2696 ornatui
528 2671 636 2709 esse,
677 2660 746 2697 scd
789 2662 909 2699 etiam
948 2674 1063 2701 usum
1106 2662 1306 2713 quendam
1348 2661 1509 2701 ciuilem

55 2715 206 2751 habere
234 2713 552 2765 intelligeretur.

168 2782 289 2820 quos
332 2771 594 2821 imitatus]
668 2771 782 2810 llaec
827 2774 963 2812 omnia
1007 2787 1135 2825 quos
1180 2775 1415 2812 imitatus
1456 2796 1505 2799 —
