1781 3192
177 159 269 200 550
750 156 816 194 DE
850 155 1081 194 LEGIBUS

179 276 343 312 tatum
383 266 540 321 iure),
582 267 707 319 idque
747 281 820 320 pro
865 280 939 318 ea,
987 281 1104 320 quam
1155 269 1326 319 inierat,
1377 271 1533 309 ratione
1586 273 1645 310 sic

181 328 416 369 faciendum
448 336 558 363 esse.

296 392 418 445 quid
443 391 655 431 tandem
689 414 742 420 —-
775 390 1072 443 requiras?]
1134 394 1222 431 Non
1256 393 1333 431 hoc
1377 395 1539 444 quaeri,
1579 406 1650 432 cur

179 450 292 492 istud
338 462 445 488 nunc
482 450 667 500 requirat
708 447 773 497 (id
814 449 920 500 quod
960 450 1084 487 Bakio
1128 452 1257 488 uisum
1300 455 1364 488 est
1413 452 1648 489 coniicienti

181 506 302 561 quid
350 505 403 544 id
452 505 659 544 tandem
707 506 802 544 hoc
849 505 968 545 loco
1017 512 1122 556 est,
1170 506 1306 556 quod
1352 507 1650 560 requiras),

180 563 409 603 ostendunt
451 575 524 613 ea,
567 576 671 614 quae
711 569 959 614 sequuntur:
1001 563 1131 615 quod
1175 565 1409 613 ignorari
1451 587 1502 592 —
1544 570 1650 603 tur—

179 622 449 674 pissimum
484 625 617 671 puto,
680 621 850 669 Quaerit
873 621 950 658 hoc
973 621 1128 672 potius,
1163 620 1259 670 quid
1282 623 1488 671 requirat3
1522 633 1652 672 eaque

179 681 267 729 ipsa
299 678 505 716 sententia
538 675 724 714 codicum
759 678 964 727 scriptura
998 679 1247 726 continetur,
1284 691 1403 728 quam
1436 679 1494 716 sic
1525 690 1650 729 queas

182 733 438 773 dissoluere:
471 732 549 783 id,
578 732 717 783 quod
749 733 987 785 taleest,
1022 741 1073 771 ut
1096 735 1362 784 requiras,
1396 733 1516 785 quid
1540 731 1650 772 est?

181 791 324 842 ltaque
355 790 675 842 requirendi
707 792 948 840 notionem,
990 805 1106 841 quam
1150 790 1372 828 indicatiuo
1413 792 1649 841 requiris

181 850 318 900 posito
350 847 401 887 ad
431 849 564 899 ipsum
597 847 750 885 sactum
783 847 946 886 referre
976 849 1124 899 potuit,
1171 849 1405 886 uniuersam
1440 853 1482 886 et
1512 853 1652 886 mente

182 911 423 957 conceptam
457 903 699 942 declarauit.
761 904 877 941 Haec
907 906 1032 953 igitur
1065 910 1107 942 et
1131 905 1250 942 huius
1274 906 1522 943 coniunctiui
1549 906 1651 943 ratio

181 968 247 1000 est
278 968 321 1000 et
352 963 456 1010 eius,
488 974 561 1012 pro
591 974 669 1011 quo
696 959 802 999 male
828 961 975 999 Bakius
1007 960 1110 999 dixit
1137 974 1236 1012 opus
1261 974 1354 999 esse
1378 961 1601 1001 indicatiuo
1621 962 1650 1001 Ι.

182 1020 217 1070 ᾗ.
248 1017 317 1059 34.
350 1014 498 1072 (quid
531 1019 666 1057 enim
708 1022 813 1069 est,
855 1017 986 1070 quod
1019 1017 1268 1070 disserat,
1308 1032 1415 1058 cum
1462 1023 1652 1058 cuncta

182 1077 289 1115 sint
318 1072 541 1128 paria?).

296 1143 424 1196 peti]
485 1143 599 1180 Haec
622 1142 858 1180 Manutiana
882 1142 1022 1181 mendi
1053 1142 1171 1194 lego
1194 1145 1395 1182 correctio
1417 1146 1651 1183 necessaria

185 1206 251 1239 est
282 1213 411 1251 eaque
443 1213 464 1238 a
488 1199 619 1237 Lbino
651 1203 694 1236 et
717 1199 880 1237 Dauisio
905 1207 1070 1252 recepta
1096 1213 1174 1238 non
1198 1199 1410 1251 displicuit
1432 1201 1651 1252 Wagnero,

183 1256 519 1309 VVyttenbachio,
552 1255 735 1303 Mosen),
769 1257 979 1306 Zuinptio.
1043 1257 1186 1305 Gzius,
1229 1259 1293 1306 qui
1328 1270 1419 1294 cum
1451 1257 1539 1295 aliis
1582 1271 1650 1295 re-

183 1315 308 1354 tinuit
347 1312 566 1361 mendum,
610 1312 871 1361 ineptissime
913 1313 971 1349 sic
1009 1314 1332 1363 iuterpretatur:
1379 1327 1490 1362 „non
1531 1312 1652 1351 aliter

185 1383 304 1422 quam
337 1384 358 1407 a
388 1368 566 1407 librariis
589 1366 731 1417 legere
756 1369 969 1419 possum“.
1036 1369 1261 1406 l'etendi
1288 1369 1451 1417 quidem
1482 1372 1650 1409 uerbum

186 1427 400 1466 Ciceronis
423 1437 517 1464 esse
538 1422 774 1461 luculenter
798 1425 921 1461 uerba
940 1425 1183 1465 ostendunt:
1217 1430 1265 1462 ut
1285 1438 1320 1461 in
1337 1424 1430 1462 odo
1453 1425 1498 1463 di
1515 1430 1597 1463 ctu
1615 1439 1649 1462 ιιι
1700 1472 1704 1477 .
1765 1411 1770 1454 ἶ

187 1489 298 1532 est,
342 1487 386 1521 ut
416 1482 579 1534 probari
611 1479 724 1518 nullo
758 1480 879 1518 modo
922 1483 1054 1532 possit
1085 1482 1199 1519 Bruti
1241 1482 1479 1519 coniectura
1517 1481 1652 1532 legi3

186 1542 298 1579 necti
329 1543 464 1578 autem
498 1537 599 1576 illud
633 1550 681 1574 ex
715 1539 852 1575 uerbis
875 1539 940 1576 his
966 1539 1123 1576 eisdem
1150 1551 1323 1576 necesse
1348 1543 1413 1576 est
1442 1544 1652 1589 proptera,

186 1598 303 1648 quia,
355 1598 390 1635 si
428 1600 554 1647 peto
594 1596 871 1644 scriberetur,
922 1594 1183 1647 comparandi
1228 1594 1430 1646 particula
1471 1594 1654 1636 deesset.

184 1654 336 1693 Mirum
369 1657 434 1691 est
464 1666 486 1690 a
517 1651 642 1689 Bakio
676 1650 824 1689 Orellii
856 1653 1057 1690 rationem
1090 1653 1279 1702 probari,
1322 1653 1388 1702 qui
1419 1651 1543 1701 lego
1584 1665 1653 1690 ex·-

183 1709 427 1763 pellendum
455 1708 654 1747 iudicauit
679 1706 790 1745 nulla
812 1707 888 1745 alia
913 1710 953 1745 in
978 1710 1065 1746 eius
1089 1707 1224 1746 locum
1251 1707 1392 1746 uocula
1417 1710 1652 1748 substituta.

185 1768 302 1817 Quae
333 1764 496 1818 quidem
528 1766 633 1803 ratio
665 1766 722 1802 ita
753 1763 978 1816 probabilis
1010 1770 1146 1814 esset,
1188 1766 1222 1802 si
1260 1766 1299 1802 in
1342 1768 1513 1815 utraque
1555 1778 1653 1803 sen-

184 1825 317 1862 tentia
347 1824 518 1862 uerbum
549 1821 659 1859 idem
693 1825 820 1870 esset,
854 1820 1007 1862 ueluti:
1046 1827 1092 1860 ut
1120 1820 1243 1859 modo
1277 1834 1298 1859 a
1327 1825 1370 1859 te
1404 1821 1557 1860 dictum
1590 1826 1655 1860 est

185 1880 494 1933 imprudenteS,
529 1879 588 1917 sic
621 1890 698 1929 ego
729 1884 870 1916 cautos
903 1879 1028 1916 etiam
1061 1879 1288 1929 uituperari
1316 1877 1453 1918 uideo.

300 1945 602 2000 plerosque]
663 1946 777 1984 Haec
806 1945 947 1984 mendi
979 1947 1208 1995 correctio,
1249 1951 1418 1996 recepta
1449 1957 1470 1982 a
1502 1944 1652 1995 steph.

185 2003 298 2043 Man.
341 2004 472 2043 Lbino
512 2008 555 2042 et
595 2004 767 2054 probata
808 2016 827 2039 a
865 2002 1097 2053 VVagnero,
1144 2000 1328 2051 Orelli0,
1369 2003 1562 2052 Zumptio
1612 2006 1655 2038 et

167 2060 407 2114 ‘meliorum
439 2059 562 2100 codd.
600 2059 759 2104 mendo,
786 2059 1355 2109 animaduertorosque
1389 2059 1654 2096 confirmatur

184 2121 228 2155 et
256 2119 347 2169 ipsa
377 2118 598 2155 sententia.
660 2115 725 2153 Cf.
767 2114 820 2152 de
859 2115 938 2152 hoc
977 2115 1115 2152 mendi
1157 2128 1333 2164 genere,
1376 2114 1484 2163 quod
1516 2114 1652 2151 cerni-

185 2177 253 2211 tur
283 2174 325 2211 in
358 2171 540 2223 syllabae
573 2172 796 2208 omissione
828 2170 877 2207 ΙΙ.
912 2170 944 2220 ξ.
977 2170 1045 2209 28.
1107 2170 1238 2207 Praua
1278 2174 1343 2206 est
1383 2168 1487 2206 dett.
1529 2167 1649 2207 codd.

185 2230 390 2268 correctio
422 2242 444 2267 a
475 2226 684 2279 plerisque
715 2226 901 2278 probata,
935 2227 1027 2277 quia
1060 2226 1281 2276 quisque
1320 2238 1400 2262 non
1443 2226 1521 2262 nisi
1559 2237 1649 2262 cum

186 2283 322 2337 aliqua
363 2284 655 2323 distributione
695 2287 737 2321 et
775 2288 962 2334 separata
995 2282 1247 2332 singulorum
1282 2282 1489 2318 hominum
1523 2281 1653 2330 signi-

187 2343 378 2381 ficatione
410 2341 574 2380 dicitur.
637 2339 699 2380 Cf.
733 2352 853 2390 quem
883 2338 1032 2377 Bakius
1064 2338 1246 2376 laudauit
1284 2337 1422 2377 Madu.
1465 2336 1517 2375 de
1559 2337 1650 2376 Fin.

187 2413 227 2449 p.
256 2397 324 2440 28.
396 2398 540 2450 inepte
578 2396 726 2434 Bakius
764 2397 962 2434 coniecit:
1002 2394 1370 2434 animaduerto
1410 2407 1523 2442 eOS,
1566 2393 1651 2443 qui

186 2457 237 2493 in
268 2453 684 2506 magistratibus
715 2453 845 2503 sint,
879 2453 992 2504 quasi
1024 2464 1122 2491 uero
1155 2450 1208 2490 de
1233 2452 1422 2490 omnibus
1445 2449 1489 2489 id
1512 2450 1652 2489 dicere

184 2511 334 2563 liceat,
364 2514 559 2563 exceptus
590 2521 712 2548 nemo
744 2510 811 2550 sit.

300 2579 429 2631 cum]
489 2578 604 2628 Hoc,
646 2576 753 2629 quod
794 2575 890 2615 olim
929 2576 1040 2615 Uict.
1082 2575 1229 2615 Lami).
1270 2575 1370 2614 Dau.
1413 2571 1652 2622 ediderunt,

185 2636 336 2675 merito
374 2648 484 2674 nunc
510 2634 661 2674 Bakius
691 2635 797 2672 iusta
828 2631 950 2672 codd.
981 2634 1225 2672 auctoritate
1269 2631 1502 2681 reuocauit,
1541 2634 1652 2668 tem-

184 2691 386 2744 poralem,
416 2705 498 2731 non
531 2689 737 2732 causalem
771 2690 1100 2729 coniunctionem
1134 2690 1289 2740 requiri
1321 2687 1478 2725 dicens.

297 2758 357 2799 de
389 2771 657 2800 sacrorum
688 2756 1046 2809 alienatione]
1107 2756 1171 2799 Cf.
1205 2756 1251 2794 ΙΙ.
1285 2755 1319 2806 ᾗ.
1354 2753 1424 2795 50.
