1781 3192
261 195 349 234 122
832 198 901 237 DE
936 198 1164 241 LEGIBUS

270 311 460 348 notiones
504 310 680 348 oratorie
721 310 932 360 particulis
970 326 1061 352 nec
1100 338 1153 343 —
1193 327 1281 353 nec
1322 320 1504 368 separari
1547 319 1736 359 animad-

273 369 397 405 uertit
428 363 567 403 Mada.
600 364 651 404 de
681 366 772 405 Fin.
808 368 837 417 Ι,
871 367 935 409 16.
969 369 1038 409 50.

384 424 561 471 itaque
592 427 646 460 ut
677 423 928 475 facerem]
980 425 1168 478 ltaque
1191 431 1352 480 potiore.
1377 430 1565 468 codicum
1592 437 1733 470 aucto-

271 480 395 516 ritate
426 480 617 516 reuocaui
649 493 736 519 cum
772 482 881 520 Uict.
915 488 958 520 et
988 483 1136 532 Bakio;
1179 484 1327 537 reliqui
1367 486 1539 537 idque.
1604 488 1734 526 Recte

271 537 459 585 itaque
506 535 531 571 i.
577 548 610 574 e.
653 541 703 574 et
744 538 814 576 ita
855 538 950 588 dici,
993 539 1240 579 documento
1273 547 1368 580 sunt
1397 543 1521 580 haec:
1565 543 1648 582 Cic.
1683 543 1733 581 ad

271 592 384 630 Fam.
419 590 469 641 V,
503 587 542 629 9.
576 592 616 631 2.
647 594 826 644 itaque
857 595 1045 633 faciam
1082 611 1318 648 eamque,
1353 601 1395 636 si
1427 611 1554 650 opus
1589 599 1731 638 uide-

270 649 440 697 bitur,
472 648 585 697 ipse
618 652 934 689 conueniam.
969 652 1020 690 de
1052 654 1139 692 lnu.
1173 654 1221 702 ll,
1257 653 1326 694 24.
1359 655 1427 696 72.
1461 668 1534 706 pro
1565 655 1729 695 Cluent.

273 702 338 744 19.
370 703 439 745 51.
472 717 544 755 pro
578 705 715 744 Deiot.
750 706 789 757 7,
826 705 891 747 19.
923 709 1024 760 Nep.
1057 709 1147 748 Alc.
1181 709 1221 760 4,
1255 711 1291 751 2.

382 765 434 798 et
465 763 815 814 orationibus]
868 764 1093 815 Mosei-um,
1118 768 1182 816 qui
1208 780 1286 805 non
1308 769 1514 806 orationes
1538 770 1728 820 scriptas,

267 818 341 857 sed
382 830 594 856 sermones
634 825 876 871 praesentes
920 820 1081 861 dixerat
1124 822 1302 875 intelligi
1348 829 1564 876 oportere,
1617 830 1729 863 recte

267 876 416 913 Bakius
444 876 501 913 ita
530 876 742 927 refutauit,
776 882 822 916 ut
853 876 1048 928 singulari
1082 892 1271 930 numero,
1310 894 1390 919 non
1434 880 1582 932 plurali
1623 882 1729 919 hanc

269 934 347 970 uim
381 932 519 970 inesse
551 932 726 983 diceret,
756 946 834 972 nec
865 947 1053 972 uersus
1076 941 1188 986 tunc,
1222 936 1296 975 sed
1319 939 1483 975 omnino
1507 935 1727 976 litteras

264 989 415 1040 opponi
444 992 680 1039 oportuisse
713 990 1041 1040 demonstraret3
1074 992 1267 1043 idemque
1294 999 1438 1032 contra
1459 993 1606 1032 Gzium
1638 995 1728 1032 ani-

263 1045 502 1093 maduertit,
541 1046 609 1085 uel
641 1048 680 1085 in
714 1048 966 1085 orationibus
999 1049 1233 1087 etiamnunc
1263 1052 1436 1089 seruatis
1465 1063 1651 1102 asperam
1686 1055 1729 1088 et

262 1115 447 1140 saxosam
480 1103 621 1154 Arpini
653 1105 863 1154 regionem
896 1107 1222 1155 commemorari,
1256 1111 1299 1144 ut
1332 1120 1403 1158 pro
1428 1105 1566 1145 Plane.
1592 1106 1634 1156 8,
1659 1106 1725 1146 20.

261 1160 313 1197 ib.
347 1156 388 1207 9,
423 1158 489 1198 22.
520 1173 595 1210 pro
627 1160 735 1199 Sext.
770 1160 840 1210 22,
873 1159 942 1200 50.
1004 1161 1063 1199 De
1085 1163 1226 1212 Arpini
1260 1164 1484 1213 asperitate
1517 1163 1612 1200 uide
1636 1163 1723 1202 Cic.

260 1215 311 1253 ad
341 1215 503 1265 Att.11‚
542 1215 605 1257 11.
664 1217 845 1256 Futilem
888 1216 1191 1266 Wyttenbachii
1229 1220 1509 1257 coniecturam
1540 1231 1724 1256 narra-

259 1273 337 1310 tio
351 1272 507 1310 nibus
539 1273 754 1324 Zumptius
784 1274 988 1325 probauit.

373 1328 406 1377 ᾗ.
443 1327 483 1367 3.
555 1334 606 1368 et
645 1331 1026 1367 amoenitatem
1064 1334 1116 1368 et
1155 1330 1527 1369 salubritatem
1569 1330 1720 1382 hanc]

259 1384 328 1422 Sic
358 1383 586 1422 secundum
618 1385 813 1423 meliores
845 1385 969 1423 codd.
999 1388 1146 1437 scripsi
1178 1401 1268 1425 cum
1300 1387 1411 1427 Uict.
1444 1386 1557 1426 Man.
1582 1386 1722 1427 Lamb.

258 1440 382 1488 Dau.;
414 1438 563 1489 reliqui
595 1454 684 1479 cum
715 1441 991 1479 deterioribus
1022 1447 1073 1479 et
1104 1444 1484 1482 amoenitatem
1517 1444 1647 1481 hanc
1670 1448 1722 1481 et

259 1495 653 1535 salubritatem.
707 1498 797 1536 Hoc
820 1499 853 1536 si
879 1499 1104 1548 sequimur,
1138 1500 1258 1536 istius
1289 1498 1368 1537 loci
1401 1501 1530 1549 magis
1562 1499 1721 1538 attendi

259 1551 446 1591 uolumus
485 1555 804 1603 amoenitatem3
847 1555 888 1592 in
929 1554 1000 1592 illo
1040 1556 1330 1593 amoenitatem
1363 1561 1405 1594 et
1436 1554 1719 1595 salubritatem

255 1610 344 1661 pari
377 1608 499 1646 modo
528 1610 687 1649 attendi
718 1609 923 1649 uolumus.
986 1607 1142 1662 Ineptit
1173 1611 1345 1660 Bukius,
1387 1613 1454 1663 qui
1496 1611 1720 1650 salubri-

255 1669 418 1703 tatem
460 1666 591 1706 hanc
631 1672 755 1718 negat
795 1667 876 1705 dici
918 1668 1118 1718 potuisse,
1160 1670 1251 1719 quia
1281 1670 1443 1708 Atticus
1475 1672 1573 1707 tunc
1605 1674 1719 1707 certe

256 1734 345 1760 eam
377 1735 457 1759 non
482 1725 688 1773 potuisset
721 1725 954 1762 aestimare.

367 1791 464 1815 non
499 1781 724 1827 attingit
752 1781 840 1828 ita,
879 1792 936 1817 sc.
977 1783 1022 1817 ut
1054 1792 1134 1829 me,
1168 1778 1508 1829 quemadmodum
1543 1781 1619 1817 iam
1651 1782 1716 1818 in-
1780 1824 1781 1827 Ἰ

252 1836 469 1885 terpretati
504 1840 600 1874 sunt
629 1835 772 1886 VVagn.
802 1842 843 1872 et
874 1836 981 1873 Mos.
1015 1833 1107 1887 (die
1139 1835 1232 1872 dich
1263 1837 1378 1874 nicht
1405 1837 1446 1873 in
1478 1836 1583 1873 eben
1621 1834 1716 1873 dem
1779 1854 1781 1876 ι

251 1890 414 1928 Maasse
447 1889 659 1944 beriihrt).
720 1893 919 1930 Nimirum
943 1891 1109 1929 dicendi
1134 1891 1292 1941 pondus
1326 1896 1389 1929 est
1418 1892 1458 1929 in
1493 1893 1629 1929 uerbis
1668 1896 1717 1929 te

251 1950 293 1984 et
322 1947 421 1996 ita3
467 1953 716 2000 quapropter
747 1948 996 1986 dirimuntur
1027 1948 1164 1986 uerbis
1198 1948 1452 2000 interpositis
1490 1947 1715 1986 leuioribus

251 2015 348 2040 non
384 2005 673 2054 attingunt.
731 2005 922 2043 Pertinet
962 2009 1097 2042 autem
1141 2006 1305 2054 negatio
1337 2004 1387 2042 ad
1418 2009 1605 2057 cunctam
1637 2005 1715 2055 vita
1776 2039 1777 2042 ,

254 2060 563 2110 attingendi
594 2062 822 2111 notionem,
859 2065 902 2098 ut
927 2059 1033 2098 male
1065 2061 1142 2098 hoc
1174 2061 1299 2099 Gzius
1332 2066 1374 2099 et
1404 2060 1550 2098 Bakius
1581 2062 1714 2098 inter-
1774 2060 1775 2065 ’

250 2120 471 2165 pretentur
502 2122 549 2155 te
580 2130 675 2154 non
704 2116 967 2155 admodum
1002 2117 1248 2165 attingit.
1311 2114 1398 2155 Isto
1441 2117 1548 2153 enim
1592 2116 1713 2154 modo
1772 2110 1774 2157 ἶ

249 2171 417 2209 uoculas
452 2185 550 2210 non
595 2174 671 2209 ita
713 2173 848 2210 uerbis
886 2173 1117 2209 interiectis
1161 2171 1295 2210 dirimi
1337 2173 1484 2210 merito
1526 2172 1712 2210 Handius

249 2229 418 2278 negauit
455 2229 496 2266 in
538 2228 662 2266 'rm-s.
697 2229 762 2266 ΙΙΙ.
800 2241 841 2279 p.
873 2225 972 2268 498.
1033 2227 1116 2266 Sed
1161 2226 1268 2266 male
1299 2230 1332 2266 is
1365 2233 1500 2266 tamen
1533 2230 1713 2267 coniecit

247 2288 298 2322 te
336 2296 436 2321 non
480 2285 700 2335 attingit
739 2286 872 2323 item.
938 2282 1167 2322 Gulielmus
1200 2289 1295 2323 ante
1336 2286 1571 2322 coniecerat
1611 2297 1712 2324 non

250 2341 488 2391 attingit,
521 2341 659 2379 Tite.
721 2341 895 2379 Rathius
936 2339 1240 2378 commendauit
1271 2341 1486 2378 uerborum
1518 2347 1711 2392 transpo-

246 2398 441 2434 sitionem
472 2410 574 2435 non
610 2398 683 2434 ita
716 2398 947 2448 attingit.
1009 2396 1174 2435 Dauisio
1218 2395 1394 2447 denique
1435 2404 1479 2434 et
1515 2396 1709 2436 Ernestio

245 2457 352 2505 part.
395 2454 467 2491 ita
506 2455 596 2491 uisa
638 2458 702 2491 est
732 2452 974 2505 expellenda
1009 2466 1117 2502 esse,
1161 2466 1277 2504 quam
1317 2452 1527 2505 illepidam
1567 2455 1709 2493 conie-

246 2514 401 2547 cturam
447 2509 664 2561 Zumptius
720 2512 838 2560 sequi
888 2509 1053 2547 uidetur
1104 2511 1163 2549 sic
1206 2514 1409 2548 uertens:
1453 2521 1523 2548 aus
1572 2511 1706 2548 einem

245 2564 401 2603 andern
434 2564 679 2616 Umstande,
714 2567 788 2605 der
819 2566 914 2604 dich
944 2566 1079 2603 nichts
1112 2566 1282 2616 angelit.

357 2621 478 2660 hinc
512 2622 643 2660 enim
677 2622 798 2674 orti]
867 2623 971 2672 Quia
1000 2635 1082 2660 non
1113 2633 1364 2674 magnopere
1390 2620 1538 2670 refert,
1570 2624 1706 2659 utrum
1754 2640 1761 2675 3

242 2681 373 2715 ortum
415 2678 570 2716 habere
607 2678 751 2718 Cicero
795 2679 955 2717 dicatur
996 2691 1044 2717 ex
1082 2680 1264 2730 Arpin0,
1308 2691 1356 2715 an
1399 2677 1545 2728 Arpini
1584 2682 1705 2715 natus
1754 2675 1760 2737 ξ

239 2745 334 2771 esse
382 2747 472 2772 cum
525 2734 735 2786 plerisque
786 2735 1015 2774 editoribus
1062 2735 1288 2773 secundum
1338 2732 1533 2771 meliores
1582 2732 1704 2771 codd.
1750 2741 1759 2835 j

1750 2841 1754 2860 l

1748 2881 1752 2911 l

233 2791 379 2842 scripsi
410 2791 554 2840 hinc3
588 2791 673 2830 hic
705 2793 849 2832 Lamb.
872 2793 1041 2842 Zumpt.
1064 2790 1231 2830 Bakius.
1293 2788 1453 2828 Deinde
1474 2790 1542 2828 hic
1575 2788 1702 2839 idem,
