1781 3192
259 201 350 239 206
825 200 896 239 DE
928 199 1159 240 LEGlBUS

259 312 381 353 dubio
415 325 578 364 prauam
606 310 855 363 reliquorum
888 308 1301 365 interpretationem:
1332 315 1569 365 „tamquam
1598 315 1716 355 focus

258 368 454 408 domicilii
504 368 724 408 deorum“.
793 370 843 407 At
897 370 1129 418 sententia,
1173 381 1292 418 quam
1340 373 1456 407 recte
1500 370 1714 421 Zumptius

258 425 465 474 reddidit,
515 425 618 463 haec
658 430 744 463 est:
787 430 830 463 ut
877 425 992 463 focus
1040 424 1339 463 domiciliorum
1389 423 1441 477 (i.
1475 438 1514 464 e.
1558 426 1718 465 aedium

255 479 530 533 priuatarum)
570 481 741 520 deorum
783 494 897 520 sacra
936 487 1002 519 est
1043 479 1157 535 (nam
1200 481 1303 519 haec
1344 483 1458 520 notio
1506 479 1718 532 generalis

258 550 307 575 ex
338 536 537 590 speciali,
570 550 672 589 quae
705 539 905 588 sequitur,
940 537 1061 576 facile
1103 534 1316 591 auditur),
1356 542 1414 576 ita
1454 543 1565 576 terra
1604 550 1721 576 sacra

257 593 427 632 deorum
460 596 637 633 omnium
673 598 738 632 est
759 592 819 649 7⁸).
880 594 1011 632 Focos
1045 593 1343 632 domiciliorum
1377 594 1548 633 deorum
1582 607 1720 633 sacros

256 650 388 689 fuisse
420 652 519 689 satis
553 655 730 689 constat.
791 653 979 689 Focum
1013 656 1176 700 autem,
1210 663 1289 702 quo
1320 663 1401 689 non
1430 664 1532 690 unus
1555 650 1721 702 aliquis,

257 706 333 745 sed
364 719 493 758 genus
527 707 711 746 focorum
745 706 965 757 indicatur,
996 720 1075 745 non
1109 707 1254 746 rocos
1287 707 1409 757 dixit,
1449 720 1540 746 cum
1583 711 1719 746 tamen

257 763 531 802 domicilia
561 763 737 813 diceret,
767 768 942 815 propter
963 763 1282 816 praecedentem
1305 762 1553 815 singularem
1577 776 1727 802 nume-

259 833 350 858 rum
381 825 540 859 terra.
602 819 806 859 Similiter
836 821 1008 859 dicimus
1051 822 1245 870 cibum,
1282 833 1362 859 non
1404 819 1537 859 solum
1577 821 1722 859 cibos

256 881 622 928 aegrotorum,
664 884 709 915 ut
746 890 826 915 non
868 890 991 915 unum
1041 875 1217 927 aliquem
1272 878 1434 928 cibum,
1473 875 1550 915 sed
1593 889 1723 928 genus

256 945 439 983 ciborum
492 946 786 998 significemus.
853 947 1010 985 Uocem
1049 935 1178 981 πᾶσῑ
1223 941 1273 998 (ἰ.
1307 958 1346 984 e.
1387 944 1495 996 apud
1530 943 1725 999 omnes),

257 1013 360 1051 quae
401 1001 509 1053 apud
540 1001 756 1041 Platonem
791 1007 882 1053 est,
924 1001 1031 1054 quod
1071 1002 1216 1040 Cicero
1261 1002 1464 1040 uertendo
1505 1015 1585 1040 non
1625 1002 1724 1040 red-

256 1056 380 1107 didit,
411 1058 454 1096 id
485 1072 565 1097 non
599 1060 727 1107 magis
758 1058 884 1098 debet
915 1058 1142 1108 offendere,
1177 1071 1295 1110 quam
1326 1058 1436 1110 quod
1468 1058 1620 1097 deinde
1643 1071 1723 1097 non

254 1124 438 1164 reddidit
468 1139 611 1165 uocem
643 1112 847 1162 ἄλλαῖς.
903 1125 1260 1177 Quemadmodum
1301 1126 1379 1164 hoc
1419 1126 1561 1164 omisit
1597 1128 1642 1163 ut
1673 1124 1724 1164 ad

255 1204 368 1230 suam
399 1206 485 1231 rem
518 1194 626 1232 nihil
656 1195 814 1232 faciens
847 1192 990 1247 (Plato
1014 1192 1179 1245 quidem
1217 1178 1410 1228 ἄλλαῖς
1443 1191 1603 1231 addidit
1627 1190 1724 1230 alias

256 1250 448 1288 ciuitates
480 1264 500 1287 a
531 1263 602 1289 sua
637 1251 920 1301 distinguens,
953 1251 1099 1289 Cicero
1144 1251 1331 1289 omnibus
1364 1251 1481 1289 bonis
1513 1249 1726 1299 firmisque

254 1304 421 1357 populis
468 1304 583 1357 leges
623 1305 838 1360 scripsit),
890 1309 948 1345 ita
987 1305 1092 1344 illud
1128 1308 1290 1357 omisit,
1342 1309 1434 1358 quia
1484 1304 1722 1356 generalem

255 1363 502 1400 sententiam
536 1362 639 1400 nihil
673 1364 872 1400 attinebat
903 1362 1064 1400 adiecta
1095 1362 1166 1401 illa
1190 1376 1292 1402 uoce
1314 1363 1443 1413 magis
1464 1362 1723 1402 confirmare.

253 1418 371 1455 Justo
403 1417 565 1469 longius
598 1419 747 1456 Bakius
779 1418 1063 1470 progreditur,
1096 1421 1163 1469 qui
1193 1421 1316 1456 etiam
1346 1419 1471 1457 uerba
1506 1420 1554 1456 in
1588 1420 1724 1456 urbi·-

254 1475 347 1512 bus
380 1475 428 1513 ab
458 1475 623 1514 homine
654 1476 847 1527 imperito
879 1488 927 1513 ex
957 1474 1131 1513 Platone
1169 1474 1309 1514 addita
1346 1487 1439 1513 esse
1479 1475 1725 1526 suspicatur.

367 1541 504 1580 idem
539 1543 874 1593 consecrato]
936 1543 1026 1581 Non
1062 1541 1275 1581 eandem
1309 1542 1426 1593 dixit,
1461 1554 1521 1580 sc.
1553 1546 1724 1592 terram,

255 1597 330 1635 sed
362 1598 594 1649 generalius
624 1598 796 1649 loquens
827 1604 975 1638 neutro
1008 1601 1262 1651 pronominis
1297 1601 1422 1638 utitur
1452 1598 1605 1649 idem,
1638 1600 1665 1637 i.
1687 1611 1722 1639 e.

254 1654 329 1705 id,
363 1656 496 1706 quod
527 1657 620 1694 iam
654 1668 853 1694 sacrum
888 1662 993 1706 est,
1034 1656 1375 1707 quemadmodum
1405 1655 1523 1693 Plato
1565 1667 1724 1705 quoque

254 1734 333 1759 non
367 1713 499 1772 γῆν,
534 1723 604 1761 sed
638 1708 754 1772 ἱερά
775 1724 926 1761 obiecti
947 1722 1037 1761 loco
1061 1724 1212 1774 posuit.
1259 1724 1411 1774 ineptit
1432 1722 1557 1772 igitur
1579 1721 1722 1771 Gzius,

255 1780 320 1829 qui
354 1781 446 1830 quia
480 1793 530 1817 ne
563 1780 666 1831 apud
698 1779 912 1818 Platonem
948 1778 1112 1830 quidem
1140 1792 1368 1830 pronomen
1392 1781 1508 1816 esset
1528 1776 1722 1827 idemque

255 1837 420 1874 abesset
448 1850 468 1874 a
498 1838 563 1877 ΒΓ.
602 1836 678 1874 Gd.
721 1838 757 1875 1.
791 1835 832 1875 2.
880 1833 947 1889 (et
989 1837 1029 1872 in
1077 1835 1155 1873 hoc
1199 1835 1362 1886 quidem
1411 1837 1475 1872 est
1524 1833 1721 1872 iterum

254 1894 337 1942 qui
371 1893 433 1931 de
464 1907 556 1932 con
571 1890 628 1946 s.)
662 1905 887 1944 pronomen
921 1904 1219 1943 superuacuum
1248 1904 1343 1929 esse
1372 1889 1548 1943 putauit.

370 1984 426 2010 ex
456 1973 603 2010 inani
633 1973 659 2012 i.
694 1985 732 2011 e.
765 1973 897 2009 anima
929 1984 1071 2012 uacuo.
1146 1971 1416 2009 Confirmauit
1453 1969 1560 2007 hanc
1599 1969 1722 2008 huius

255 2026 450 2068 adiectiui
490 2030 571 2067 uim
611 2030 711 2068 nau.
752 2027 853 2067 locis
895 2027 983 2066 his:
1025 2029 1102 2066 Ou.
1144 2028 1249 2066 Met.
1283 2023 1350 2077 II,
1392 2025 1487 2067 611.
1530 2038 1722 2078 corpus

252 2085 419 2123 inane
451 2086 654 2123 animae
682 2086 853 2134 frigus
885 2082 1051 2121 letale
1084 2090 1322 2122 secutum
1357 2087 1452 2121 est.
1485 2082 1562 2122 Οιι.
1586 2084 1627 2120 in
1654 2095 1721 2134 ep.

254 2140 405 2192 Sapph.
437 2141 596 2178 Phaoni
634 2139 722 2181 116.
754 2144 935 2191 portet
965 2139 1021 2177 ad
1063 2144 1372 2178 exstructos
1417 2150 1604 2189 corpus
1645 2139 1721 2176 in-

253 2209 349 2235 ane
382 2210 551 2247 rogos·
585 2197 706 2247 Prop.
741 2196 808 2246 111,
847 2194 916 2236 16.’
942 2194 1011 2235 30.
1044 2196 1148 2235 Ped.
1179 2195 1272 2234 Alb.
1304 2193 1370 2236 El.
1402 2194 1431 2244 Ι,
1465 2193 1560 2234 315.
1602 2193 1722 2233 Adde

257 2252 331 2292 Ou.
365 2254 455 2292 Am.
489 2249 571 2303 lll,
603 2252 670 2294 60.
707 2251 748 2293 6.
809 2251 1076 2303 Eandemque
1108 2251 1336 2301 analogiam
1370 2253 1569 2301 sequitur,
1603 2252 1720 2301 quic-

257 2309 354 2359 quid
385 2309 536 2348 Bakius
567 2314 609 2348 et
638 2310 835 2347 Krausius
865 2308 1169 2359 obloquuntur,
1218 2307 1320 2346 illud
1359 2307 1572 2345 Ciceronis
1613 2305 1723 2358 quod

256 2366 383 2406 Goer.
412 2365 595 2404 laudauit
625 2367 667 2404 in
700 2366 819 2405 Verr.
852 2361 912 2415 II,
944 2364 1014 2406 66.
1051 2365 1145 2407 160.
1180 2362 1359 2419 (equus
1390 2364 1587 2414 inanis,
1619 2365 1646 2404 i.
1685 2375 1721 2402 e.

256 2435 422 2462 sessore
453 2419 643 2475 uacuus).
705 2422 990 2460 coniecturam
1021 2435 1043 2459 a
1074 2423 1218 2474 Steph.
1252 2422 1363 2459 Man.
1400 2421 1528 2458 Lbino
1569 2432 1720 2472 recep-

255 2485 338 2517 tam
392 2481 622 2517 inanimo
670 2480 876 2516 immerito
924 2479 1149 2529 probarunt
1199 2477 1449 2528 lVagnerus,
1495 2476 1718 2524 Krausius,
1768 2523 1769 2526 Ἰ

254 2537 471 2587 Zumptius
495 2534 586 2589 (hic
608 2533 870 2587 inanimi).
930 2535 1031 2572 Nam
1056 2547 1243 2586 corpus
1275 2534 1581 2581 inanimum,
1611 2531 1719 2582 quod

257 2594 503 2640 contrarium
536 2597 600 2631 est
630 2593 841 2644 corpori
874 2590 1110 2642 animali,
1142 2595 1186 2629 ut
1216 2602 1314 2629 uere
1346 2589 1493 2627 Bakius
1533 2587 1718 2625 animad-

349 2761 380 2803 ')
409 2761 532 2805 steph.
568 2767 604 2796 et
638 2763 767 2795 Lamb.
806 2774 955 2805 prauam
992 2763 1077 2796 dett.
1115 2763 1213 2797 codd.
1241 2760 1498 2794 correctionem
1524 2758 1720 2793 domici-
1767 2807 1772 2816 x

253 2805 370 2839 lium
399 2819 415 2840 s
427 2818 446 2840 ιι
461 2819 478 2840 c
492 2820 507 2839 r
520 2820 588 2841 um
615 2815 878 2851 expresserunt.
