1781 3192
214 169 302 209 152
784 171 854 208 DE
885 171 1119 224 LEGIBUS

220 292 468 330 Graecorum
509 290 846 328 consuetudinem
888 293 1072 329 imitatus
1121 282 1205 333 (ἕέ
1250 282 1314 327 Οὐ
1363 282 1557 330 ἐκεῖνος
1602 280 1679 330 οὖν

221 344 329 400 cet.)
368 360 469 398 quae
501 346 605 383 duae
638 345 842 384 debebant
873 359 966 384 esse
1008 350 1238 386 sententiae
1270 353 1337 397 (ex
1378 363 1453 400 qua
1491 353 1678 401 quoniam

220 402 286 440 lex
316 401 402 451 illa,
435 414 551 452 quam
584 400 639 439 dii
669 404 813 451 generi
841 403 1017 441 humano
1051 403 1272 454 dederunt,
1304 410 1400 443 nata
1440 411 1521 455 est,
1566 411 1682 444 recte

221 458 384 495 laudata
416 462 525 506 est),
557 470 625 494 eas
658 459 861 496 contraxit
890 460 929 496 in
964 472 1099 498 unam.
1160 461 1320 498 Dictum
1346 462 1422 498 hoc
1452 466 1517 499 est
1546 461 1683 512 paullo

223 512 483 562 insolentius,
522 526 598 551 nec
638 515 770 551 minus
810 520 946 552 tamen
984 516 1213 553 insolenter
1245 516 1296 553 de
1328 518 1421 555 Fin.
1456 519 1484 567 Ι,
1524 516 1585 557 14.
1619 516 1686 557 47.

223 568 397 607 eandem
439 570 687 607 Graecorum
740 576 983 608 structuram
1038 573 1220 609 imitatus
1271 572 1400 611 dixit:
1451 578 1685 624 quartum

223 629 459 675 sequitur
490 627 618 664 etin
656 625 835 663 eadem
883 626 1287 677 pulchritudine
1329 626 1377 682 (i.
1424 642 1457 667 e.
1499 629 1605 680 quod
1644 630 1686 666 in

223 681 366 719 eadem
400 682 560 733 pulchr.
594 679 671 731 sit)
705 688 757 719 et
790 688 958 732 aptum
987 696 1041 720 ex
1072 683 1194 721 illis
1226 687 1420 733 tribus3
1455 690 1496 723 et
1519 697 1686 736 prorsus

224 738 368 775 eodem
409 738 530 776 modo
571 738 623 775 de
661 738 755 778 Nat.
796 738 915 778 Deor.
958 739 1005 788 ll,
1048 739 1112 778 20.
1146 740 1214 779 51.
1259 754 1465 791 quarum
1499 753 1559 778 ex
1589 740 1689 777 dis-

224 795 441 844 paribus
498 795 724 832 motibus
778 807 1009 845 magnum
1071 809 1252 834 annum
1312 798 1687 835 mathematici

223 849 420 887 dicunt.

340 906 376 956 ᾗ.
410 904 450 944 9.
511 907 557 943 si
586 908 636 944 in
670 907 746 943 ius
778 912 947 956 uocat,
978 907 1073 957 ito]
1136 908 1299 946 Codicis
1343 908 1454 947 arch.
1494 907 1689 945 mendum

224 961 326 999 hoc:
359 963 402 999 si
434 963 486 999 in
519 963 599 999 ius
636 967 791 999 uocat
823 968 980 1013 atque
1014 970 1063 1001 at
1094 961 1185 1015 (uel
1221 961 1307 1016 ad)
1339 964 1532 1014 quosdam
1558 963 1690 1015 (Uict.

225 1018 371 1068 Steph.
403 1019 543 1058 Lamb.
577 1018 679 1056 Dan.
707 1016 857 1070 Goer)
889 1019 1068 1069 impulit,
1102 1025 1145 1056 ut
1169 1020 1218 1057 ad
1245 1020 1530 1071 complendam
1555 1019 1692 1069 legem

224 1075 505 1112 coniicerent:
548 1076 588 1112 si
627 1076 675 1111 in
719 1076 798 1111 ius
843 1082 997 1113 uocat
1035 1082 1193 1125 atque
1235 1082 1329 1116 eat,
1391 1077 1475 1113 Sed
1513 1077 1689 1126 primum

225 1129 295 1168 illa
329 1131 399 1168 xl!
430 1130 657 1168 tabularum
695 1129 760 1167 lex
803 1130 905 1168 haec
947 1138 1060 1170 erat:
1100 1133 1142 1168 si
1183 1134 1229 1169 in
1275 1134 1354 1170 ius
1387 1138 1560 1181 uocat,
1594 1133 1692 1177 ito3

225 1189 274 1224 ni
318 1187 392 1236 id,
442 1189 752 1234 testamino3
803 1187 972 1236 igitur
1020 1200 1093 1224 em
1143 1190 1339 1238 capito.
1410 1187 1570 1224 Deinde
1617 1198 1693 1223 nec

226 1243 424 1281 serendus
468 1248 531 1280 est
572 1245 612 1280 in
645 1241 718 1281 ΧΙΙ
756 1243 838 1281 tab.
879 1242 990 1293 lege,
1031 1256 1134 1293 quae
1178 1245 1464 1294 imper-atinum
1516 1243 1693 1291 flagitat,

226 1300 372 1337 modus
405 1300 706 1348 subiunctiuus,
739 1312 815 1336 nec
843 1301 1005 1348 probari
1038 1306 1177 1348 potest
1209 1306 1389 1350 atque,
1422 1298 1527 1349 quod
1553 1298 1694 1335 dicunt

227 1356 509 1393 confestim
545 1368 653 1392 esse.
725 1356 857 1403 Quare
906 1354 1054 1404 reliqui
1104 1356 1254 1392 mendo
1304 1362 1351 1393 at
1393 1357 1545 1392 omisso
1593 1354 1696 1390 haee

227 1413 506 1462 scripserunt:
548 1412 586 1446 si
619 1412 668 1447 in
702 1411 777 1447 ius
812 1417 960 1447 uocat
992 1417 1149 1459 atque
1175 1410 1431 1448 eiusmodi
1461 1433 1510 1438 —
1537 1412 1696 1447 nomi-

230 1480 365 1504 nare.
429 1464 489 1504 lta
531 1464 642 1503 illam
684 1465 751 1503 ΧΙΙ
794 1466 927 1514 legem
980 1466 1178 1515 indicari,
1230 1480 1309 1504 non
1358 1466 1514 1504 absolui
1565 1472 1696 1516 patet,

230 1522 571 1574 quemadmodum
603 1522 714 1560 idem
758 1523 846 1559 fieri
891 1522 1077 1559 uidemus
1119 1522 1204 1560 (tic.
1235 1524 1346 1560 Brut.
1388 1524 1450 1572 12,
1483 1521 1550 1562 43.
1611 1522 1695 1559 Nec

231 1586 385 1628 tamen,
425 1592 515 1617 cum
555 1591 632 1616 uno
677 1580 800 1616 uerbo
845 1578 985 1616 addito
1029 1577 1187 1617 absolui
1220 1582 1354 1630 possit
1385 1579 1611 1627 sententia,
1654 1576 1695 1614 id

232 1635 383 1673 factum
418 1648 511 1673 esse
543 1635 760 1674 admodum
796 1636 879 1672 ueri
913 1635 1051 1673 simile
1085 1642 1164 1672 est.
1225 1636 1314 1673 Huc
1342 1634 1519 1684 accedit,
1554 1639 1596 1671 ut
1622 1637 1695 1681 ita,

233 1692 437 1743 quomodo
489 1699 621 1729 ortum
670 1693 723 1729 sit
771 1691 987 1738 mendum,
1036 1704 1177 1741 parum
1226 1693 1509 1742 perspiciatur.
1579 1689 1692 1737 Quod

232 1748 386 1797 elucet,
419 1750 453 1786 si
486 1750 731 1798 scripseris:
764 1749 805 1785 si
840 1747 887 1784 in
922 1748 1002 1784 ius
1037 1752 1215 1796 uocat,
1248 1749 1325 1784 ito
1358 1754 1409 1784 et
1434 1745 1693 1783 eiusmodi

232 1811 309 1844 eet.
371 1807 470 1842 Nam
503 1804 638 1842 facilis
672 1817 767 1842 sane
800 1804 944 1840 harum
979 1803 1211 1841 litterarum
1240 1804 1414 1840 {TOET
1448 1808 1489 1839 et
1511 1800 1697 1849 ATQAT

231 1861 311 1899 fuit
342 1862 599 1912 permutatio
661 1861 766 1898 'l‘um
809 1873 897 1897 cum
939 1859 1047 1896 Uict.
1083 1865 1124 1896 et
1155 1859 1300 1910 Steph.
1335 1873 1382 1896 ex
1414 1858 1533 1897 codd.
1567 1869 1697 1908 paene

234 1918 422 1956 omnibus
463 1916 541 1971 (de
580 1916 672 1955 cod.
714 1920 740 1961 δ
784 1916 930 1954 Bakius
972 1915 1154 1954 fortasse
1195 1913 1370 1968 errauit)
1413 1914 1551 1964 recepi
1591 1914 1698 1950 hune

237 1975 452 2012 uerborum
493 1972 679 2012 ordinem
725 1972 985 2010 eiusmodi
1025 1971 1176 2022 leges
1218 1972 1359 2010 alias
1397 1972 1697 2017 nominare:

234 2030 380 2080 reliqui
415 2033 591 2068 eiusm.
626 2029 760 2071 alias
791 2028 939 2077 leges
974 2041 1096 2066 nom.
1158 2029 1356 2065 Nimirum
1400 2028 1521 2065 uerba
1561 2027 1699 2064 eius-

235 2086 375 2124 modi
410 2092 451 2123 et
484 2086 646 2134 alias,
692 2090 737 2122 ut
774 2087 902 2134 magis
944 2090 1167 2132 actuintur,
1208 2084 1365 2121 leuiore
1405 2084 1528 2120 uerbo
1568 2084 1698 2120 inter-

237 2144 373 2193 posito
407 2142 710 2189 disiunguntur.
761 2140 826 2178 Cf.
860 2140 943 2177 (tic.
975 2152 1048 2189 pro
1081 2140 1192 2177 Sest.
1215 2141 1282 2188 55,
1316 2139 1391 2179 124
1435 2140 1697 2192 maximum

235 2211 354 2236 uero
384 2196 544 2249 populi
574 2196 747 2235 romani
778 2196 1021 2234 iudicium
1059 2195 1257 2234 uniuersi
1295 2208 1550 2234 consessu
1592 2193 1697 2245 gla-

236 2254 470 2293 diatorio
510 2252 837 2291 declaratum
880 2259 973 2291 est.
1018 2251 1070 2289 de
1109 2253 1207 2301 hog.
1258 2249 1321 2301 ll,
1366 2253 1406 2292 7.
1452 2253 1515 2291 18.
1560 2250 1699 2304 legum

236 2310 380 2357 leges
415 2321 527 2350 uoce
563 2321 864 2360 proponam.
903 2305 983 2358 ΙΙΙ,
1023 2308 1085 2347 10.
1119 2308 1184 2348 24.
1213 2308 1412 2360 periculi
1444 2310 1699 2346 rationem

237 2369 307 2408 sui
360 2381 455 2405 non
504 2366 681 2404 habet.
731 2366 782 2402 de
825 2366 896 2403 Or.
939 2361 980 2413 l,
1022 2363 1087 2404 4'5').
1138 2364 1223 2404 199.
1272 2376 1507 2404 causarum
1555 2377 1695 2402 usum

235 2424 489 2478 sorensium.
520 2424 574 2460 ib.
609 2418 641 2470 Ι,
674 2421 740 2461 -15,
771 2423 866 2461 201).
912 2429 995 2459 est
1036 2423 1170 2459 enim
1210 2421 1392 2458 domus
1425 2422 1554 2458 iuris
1586 2433 1702 2458 cou-

238 2481 371 2520 ιηιιΙιί
414 2480 549 2519 lolius
581 2477 850 2516 oraculum
883 2477 1096 2517 ciuitatis.
1156 2480 1354 2516 Manis-um
1381 2490 1501 2515 causa
1533 2478 1618 2514 eius
1642 2477 1702 2513 rei

239 2539 338 2575 haec
371 2542 450 2585 est,
485 2534 590 2586 quod
624 2536 682 2571 rei
715 2535 913 2584 grauioris
952 2536 1153 2572 nominari
1196 2540 1368 2584 coeptae
1413 2531 1490 2570 alla
1529 2531 1701 2582 quadam

239 2593 289 2631 ad
321 2597 571 2630 sententiam
604 2590 758 2628 leuiore
791 2592 960 2628 notione
991 2592 1209 2628 interiecta
1236 2590 1485 2640 exspectatio
1515 2588 1699 2626 intendi-

238 2657 327 2692 tur:
361 2662 463 2699 quae
493 2649 582 2701 ipsa
615 2647 760 2696 eflicit,
794 2652 836 2684 ut
867 2648 1083 2685 disiunctis
1117 2649 1349 2684 notionibus
1381 2646 1538 2684 animus
1573 2646 1700 2695 magis

241 2707 491 2744 aduertatur.
553 2704 605 2741 At
645 2705 677 2740 si
716 2703 862 2742 leuiori
901 2706 960 2742 rei
1001 2705 1200 2742 nominari
1241 2707 1426 2753 coeptae,
1464 2703 1701 2753 priusquam

241 2761 360 2813 plena
397 2761 606 2810 reddatur,
641 2763 803 2812 grauior
837 2759 965 2812 aliqua
1001 2773 1074 2799 uox
1110 2762 1354 2798 interiit-itur
1394 2759 1578 2809 legitimo
1611 2772 1702 2797 ora-

1774 2614 1781 3192 ffl——sskmssss—
1778 2542 1781 2603 ——„
1779 2505 1781 2529 <e
