1781 3192
255 200 341 236 198
820 197 889 234 DE
923 197 1153 235 Lucrinus

255 312 333 348 sibi
363 322 497 348 sermo
528 309 583 345 sit
614 306 721 358 apud
753 305 994 356 familiares,
1026 321 1160 346 coram
1193 308 1337 357 quibus
1370 320 1448 345 non
1489 313 1568 346 tam
1602 310 1716 348 inso-

254 365 390 404 lenter
419 364 602 414 gloriari,
641 376 758 414 quam
792 376 878 401 rem
909 365 1035 415 ipsam
1069 365 1255 401 contueri
1290 369 1333 401 et
1364 368 1543 402 tractare
1576 366 1716 403 uidea-

254 428 342 469 tur3
374 420 549 470 ideoque
581 421 658 458 hoc
689 426 885 469 gratum
921 423 1057 470 potius
1091 420 1222 457 uideri
1257 421 1371 471 cupit
1409 420 1504 470 diis,
1545 434 1715 470 quorum

253 477 475 526 religiones
509 475 722 525 defendat,
757 489 873 527 quam
905 489 1059 526 graue
1086 478 1116 514 i.
1139 489 1176 514 e.
1199 476 1416 513 molestum
1440 474 1718 530 (anstossig);

254 532 362 583 quod
401 533 534 583 ipsum
576 534 616 569 in
660 531 872 570 simillima
911 545 957 569 re
999 534 1116 583 ponit
1158 533 1198 569 in
1243 533 1342 582 Leg.
1382 533 1476 582 Agr.
1511 533 1570 582 ΙΙ,
1608 533 1644 572 1.
1679 534 1718 573 2.

253 587 366 628 Male
415 590 572 639 igitur,
621 601 711 625 cum
760 590 837 626 iam
884 593 978 625 ante
1023 590 1062 625 in
1112 587 1319 640 plerisque
1370 588 1494 627 editt.
1553 588 1720 627 lacunae

254 646 413 695 signum
447 650 563 682 esset
593 645 770 695 positum
805 644 1017 692 (delerunt
1046 645 1169 684 Goer.
1202 650 1244 682 et
1267 643 1505 697 Schuetz),
1538 650 1580 683 et
1605 645 1719 696 wyt-

254 701 472 739 tenbachio
502 705 596 752 post
628 713 786 751 graue
819 700 1025 739 excidisse
1058 702 1186 738 uisum
1228 706 1293 738 est
1330 700 1636 739 hominibus
1679 706 1722 739 et
1768 718 1779 724 ·-

252 757 464 808 Maduigio
504 758 545 794 in
585 769 720 808 progr.
760 770 801 807 p.
844 756 911 796 20.
954 770 999 794 ac
1038 758 1210 795 Krausio
1251 756 1278 796 l.
1310 756 1336 796 l.
1379 770 1419 807 p.
1462 756 1557 797 471.
1607 758 1718 796 idem

253 812 384 851 latere
428 815 468 850 in
517 825 617 850 uoce
663 815 860 863 omnia,
907 814 940 850 si
988 813 1151 863 quidem
1196 811 1270 850 ille
1314 814 1513 851 coniecit:
1558 826 1720 865 graue

253 870 569 908 hominibus.
633 869 750 906 Cum
783 869 1466 920 perditorum-—seruarass
1498 871 1721 908 circum-

255 927 456 977 spicite
503 924 789 976 celeriter,
835 926 902 963 hic
944 938 1103 976 graue
1148 926 1460 966 hominibus.
1534 925 1719 965 Perdi-

258 988 424 1020 torum
456 983 641 1020 ciuium
674 985 752 1020 cet.

369 1039 566 1082 ΧῙΊΙ.
629 1038 660 1088 §.
692 1033 758 1076 42.
819 1037 1001 1076 Omnia
1033 1042 1131 1076 tum
1164 1039 1264 1090 cet]
1326 1039 1369 1077 ln
1409 1039 1474 1077 liis
1507 1039 1609 1077 nihil
1642 1044 1720 1088 est,

253 1096 295 1132 in
342 1106 418 1145 quo
465 1094 553 1131 iure
592 1107 683 1132 cum
728 1094 958 1144 Wagnero,
1011 1094 1246 1146 Maduigio,
1296 1096 1466 1133 Krausio
1518 1095 1719 1133 offendas.

256 1152 382 1189 'l‘um
425 1150 607 1188 refertur
644 1149 695 1187 ad
737 1154 925 1202 tempus,
967 1165 1044 1201 quo
1076 1151 1244 1189 Clodius
1277 1151 1468 1189 Ciceroni
1506 1153 1720 1189 interitum

255 1208 438 1259 parabat,
472 1205 578 1256 quod
610 1207 746 1244 uerbis
776 1220 899 1256 quae
921 1212 1040 1245 ante
1064 1206 1245 1246 oculos
1271 1212 1422 1256 sunt,
1457 1220 1512 1244 ea
1541 1209 1721 1258 potius

257 1264 516 1312 attingam
550 1264 606 1301 ita
636 1263 712 1300 iam
749 1263 974 1301 indicatum
1009 1269 1090 1313 est,
1135 1269 1177 1301 ut
1214 1277 1336 1302 nemo
1382 1264 1514 1315 possit
1552 1263 1603 1301 de
1642 1262 1720 1301 alio

257 1319 340 1357 ullo
364 1319 559 1368 cogitare.
618 1318 779 1356 Deinde
803 1321 928 1357 uerba
948 1320 1191 1357 discessu
1225 1334 1260 1358 m
1277 1334 1332 1358 eo
1354 1321 1601 1371 epexegesin
1627 1333 1723 1357 con-

257 1377 391 1413 tinent
433 1376 634 1425 temporis
664 1387 740 1425 per
768 1380 871 1424 part.
904 1381 1006 1412 tum
1043 1377 1234 1413 uniuerse
1273 1376 1453 1415 indicati.
1516 1377 1578 1415 Cf.
1620 1388 1722 1427 quae

256 1432 338 1469 dixi
374 1426 430 1479 II,
463 1430 494 1480 §-
528 1430 594 1469 38.
661 1431 816 1479 Quibus
848 1431 953 1468 adde
985 1432 1087 1469 haec
1118 1431 1305 1484 exempla
1336 1433 1502 1482 generis
1534 1433 1719 1470 eiusdem

258 1489 378 1527 'l‘usc
412 1484 446 1537 l,
478 1484 547 1526 29.
582 1487 650 1526 71.
689 1491 741 1524 et
782 1492 879 1524 tum
920 1501 1087 1538 paene
1127 1489 1176 1525 in
1219 1501 1360 1526 manu
1401 1491 1497 1526 iam
1541 1490 1720 1526 morti-

259 1545 428 1582 ferum
467 1542 608 1580 illud
638 1548 826 1580 tenens
856 1543 1093 1595 poculum
1127 1543 1336 1582 locutus
1369 1546 1444 1582 ita
1475 1550 1567 1585 est.
1608 1545 1722 1585 Lael.

261 1601 335 1651 15,
377 1598 446 1640 53.
518 1600 577 1637 Ac
615 1598 824 1637 simillima
866 1602 1107 1651 epexegesis
1144 1600 1222 1639 loci
1264 1600 1457 1639 aduerbio
1501 1601 1640 1639 addita
1681 1603 1720 1639 in

256 1659 376 1696 Verr.
411 1651 501 1705 ΙΙΙ,
533 1654 571 1695 6.
619 1655 681 1695 14.
722 1662 774 1693 ut
813 1663 956 1694 certo
997 1663 1266 1708 tempore,
1308 1663 1360 1695 ut
1398 1657 1631 1705 ibidem,
1673 1659 1720 1695 in

257 1713 467 1760 Sicilia,
515 1711 748 1762 denique
798 1718 851 1750 ut
895 1711 1016 1763 lege
1062 1714 1358 1751 Hieronica
1406 1713 1720 1751 uenderent.
1780 1719 1781 1763 ]

257 1783 330 1822 pro
361 1770 446 1807 Dei.
481 1768 521 1817 6,
562 1767 623 1806 17.
688 1769 938 1806 Discessu
972 1775 1106 1806 autem
1142 1782 1273 1818 meo,
1316 1775 1360 1806 ut
1392 1769 1478 1806 Cic.
1511 1770 1602 1808 Par.
1638 1766 1722 1816 lV,
1780 1766 1781 1794 ἶ

257 1828 295 1866 2.
327 1826 397 1875 30,
436 1824 602 1877 (Wagn.
646 1824 754 1861 male
792 1826 1029 1874 requirebat
1067 1838 1140 1862 me
1179 1823 1423 1877 expulso)
1464 1823 1590 1874 dixit,
1641 1837 1721 1862 non
1779 1825 1781 1838 ²

257 1881 442 1930 exilio,
491 1882 583 1930 quia
635 1880 845 1918 discessus
887 1883 999 1929 eius,
1047 1894 1290 1932 quamquam
1330 1894 1410 1918 non
1455 1879 1722 1930 uoluntarius,
1778 1921 1781 1932 Ι

257 1945 396 1977 tamen
430 1939 467 1975 ei
498 1949 577 1974 non
613 1936 778 1974 exilium
812 1950 905 1974 esse
935 1938 1175 1987 uidebatur,
1217 1950 1333 1988 quam
1372 1950 1545 1989 poenam
1586 1937 1721 1975 scele-

258 2009 344 2034 rum
381 2006 474 2031 esse
507 1992 608 2030 dicit
645 1993 736 2032 Par.
770 1993 839 2043 lv,
871 1994 909 2033 2.
943 1994 1009 2033 30.
1078 1994 1182 2031 Tum
1224 1995 1348 2031 uerba
1386 1995 1474 2044 ipsa
1511 1993 1721 2044 praeclare

256 2055 315 2089 ita
355 2055 449 2089 sunt
487 2049 716 2099 collocata,
767 2055 810 2087 ut
855 2052 980 2087 uerba
1022 2052 1188 2087 omnia
1231 2056 1330 2087 tum
1372 2052 1536 2087 inuerso
1577 2049 1722 2088 ordine

257 2109 455 2157 deinceps
495 2112 720 2155 sequantur
760 2118 831 2155 ea,
872 2119 974 2156 quae
1014 2106 1064 2143 ad
1105 2106 1175 2143 illa
1220 2108 1433 2157 pertinent
1464 2106 1719 2144 discessu

260 2177 370 2202 meo
401 2161 722 2211 religionum
765 2163 893 2198 iura.
957 2163 1141 2212 Denique
1183 2175 1234 2199 ne
1274 2162 1345 2199 illa
1386 2161 1574 2212 quidem,
1618 2176 1722 2213 quae

257 2224 352 2272 post
373 2218 516 2269 Steph.
545 2217 711 2267 uulgata
734 2216 946 2255 meliorum
967 2218 1086 2257 codd.
1107 2218 1257 2256 mendo
1280 2220 1480 2267 nituntur,
1506 2220 1719 2269 quicquam

261 2275 476 2314 molestiae
509 2275 685 2311 habent:
718 2275 1119 2326 circumspicite
1160 2274 1429 2312 celeriter
1469 2276 1636 2313 animo
1662 2278 1721 2324 ἦ),

257 2345 331 2384 pro
373 2332 516 2382 quibus
551 2330 698 2368 Bakius
737 2330 934 2381 Maduigii
972 2331 1251 2381 disputatione
1300 2331 1500 2382 deceptus
1549 2332 1724 2370 coniecit·

259 2387 659 2439 circumspicite
692 2400 818 2424 nunc
849 2387 1134 2436 celeriter,
1170 2388 1361 2425 Krausius
1384 2386 1458 2424 l.l.
1495 2388 1718 2425 circuni-

259 2446 458 2495 spicite
498 2445 626 2481 haec
664 2444 923 2481 citeriora
967 2445 1159 2481 animis
1200 2451 1242 2481 et
1286 2444 1420 2482 uerbis
1463 2445 1723 2495 transpositis

258 2501 460 2539 Rathius:
503 2501 914 2550 circumspicite
959 2503 1133 2538 animo
1172 2523 1223 2528 -
1264 2501 1348 2551 qui
1390 2505 1514 2537 sunt
1555 2512 1719 2537 rerum

258 2559 434 2595 exitus
466 2556 735 2595 celeriter
766 2558 1076 2604 consecuti3
1109 2556 1218 2608 quod
1248 2558 1378 2609 ipsum
1406 2556 1532 2606 Wytt.
1565 2554 1721 2606 placuit

352 2704 383 2745 ⁸)
408 2704 550 2737 Dauisii
578 2703 785 2738 coniectura
811 2705 986 2738 animis
1014 2717 1035 2738 a
1062 2705 1225 2738 Manutio
1252 2704 1323 2736 iam
1359 2715 1530 2747 expressa
1561 2716 1625 2737 nec
1660 2715 1722 2737 ne-

263 2749 423 2785 cessaria
449 2756 505 2782 cst
529 2762 594 2782 nei:
631 2751 978 2784 commendationem
1008 2763 1029 2783 a
1053 2751 1154 2783 codd.
1189 2749 1399 2782 melioribus
1432 2751 1563 2791 habet,
1597 2761 1722 2793 quam-

259 2807 366 2840 quam
394 2796 521 2828 vadem
551 2796 741 2839 Maduigiu
770 2797 915 2839 placuit.
966 2797 1022 2829 Cf.
1050 2809 1112 2839 pru
1139 2797 1279 2829 Clucnt.
1307 2794 1338 2826 ⁵2.
1366 2794 1397 2829 45,
