1791 3192
676 193 961 227 PRAEFATIO.
1512 193 1559 226 XI

92 299 187 338 tulit
218 297 356 351 plures
388 297 551 337 codices
592 295 862 335 bibliothecae
899 297 1322 347 Lugduno-Batauae:
1368 304 1452 336 tres
1490 310 1560 335 co-

94 368 208 406 dices
240 367 488 414 Uossianos,
535 364 718 402 codicem
760 365 1071 403 Perizonianum
1114 370 1156 403 et
1195 364 1315 404 alium
1359 364 1558 416 quendam

97 435 284 473 eiusdem
327 432 604 472 bibliothecae
647 432 858 483 codicem,
902 445 1021 483 quem
1065 432 1206 471 littera
1247 434 1278 471 C
1313 432 1559 483 designauit,

94 516 215 541 unum
246 500 394 539 deinde
426 499 610 538 codicem
645 501 944 538 ambrosianum
978 496 1063 553 (a)
1088 505 1130 538 et
1152 499 1243 539 cod.
1270 501 1558 539 Burneianum.

97 573 384 622 Discrepantes
414 572 548 605 autem
582 568 805 618 scripturas
839 568 885 605 ab
919 567 1009 605 aliis
1037 572 1181 606 nactus
1202 573 1266 606 est
1287 569 1462 607 duorum
1489 580 1560 605 co·
1583 564 1587 568 ’

94 639 226 677 «licum
267 636 616 675 ambrosianorum
657 640 700 673 et
739 637 855 674 unius
892 636 1158 684 Parisiensis,
1193 637 1372 686 itemque
1404 635 1563 673 discre-

95 707 252 757 pantias
292 718 312 742 a
346 703 681 754 Lago-Marsinio
726 717 748 741 e
788 702 972 754 pluribus
1013 701 1078 741 uel
1118 703 1325 742 codjcibus
1367 701 1432 741 uel
1464 703 1556 741 edi-

95 774 270 811 tionibus
298 771 518 821 diligenter
549 774 774 822 excerptas.

214 840 248 880 l.
288 839 376 877 eod.
420 839 712 876 cossianus
751 836 805 892 (A
844 861 890 866 —
919 838 1025 876 Mss.
1070 839 1191 877 [OSS.
1234 836 1306 877 lat.
1339 837 1412 877 fol.
1447 836 1561 892 84¹.)‚

96 909 454 955 membranaceus,
495 907 626 943 forma
658 908 852 956 maxima,
886 907 1088 957 scriptura
1128 908 1227 944 satis
1267 908 1448 956 minuta,
1489 905 1564 944 sed

101 975 301 1026 eleganti,
343 975 409 1012 hic
442 974 528 1012 illic
566 973 747 1025 paullum
790 972 979 1012 euanida.
1040 974 1226 1025 ScrIptus
1261 979 1324 1013 est
1356 980 1563 1024 accurate,

95 1048 138 1079 ut
167 1042 288 1092 periti
325 1041 466 1078 harum
504 1054 642 1079 rerum
684 1041 987 1078 existimatores
1031 1041 1239 1093 iudicant,
1282 1042 1448 1080 saeculo
1493 1042 1565 1080 ΧΙ.

94 1111 258 1160 antiqua
288 1110 389 1146 item
421 1121 543 1146 manu
585 1108 758 1145 subinde
797 1111 1034 1157 correctus,
1079 1108 1283 1159 neglectis
1323 1107 1562 1159 colloquen-

95 1179 197 1215 tium
228 1175 404 1215 indiciis.
466 1175 663 1214 Continet
700 1178 868 1227 praeter
906 1174 982 1212 hos
1019 1173 1161 1228 plures
1201 1178 1327 1215 etiam
1360 1174 1460 1214 alios
1493 1175 1564 1214 Ci-

95 1244 253 1283 ceronis
282 1242 425 1283 libros.

205 1311 247 1351 2.
295 1310 384 1350 cod.
426 1310 726 1349 Uossianns
770 1310 816 1358 (B
848 1334 900 1338 -—
933 1310 1038 1349 Mss.
1079 1311 1199 1351 Uoss.
1240 1311 1315 1351 lat.
1348 1311 1422 1350 fol.
1454 1309 1564 1361 863,

94 1380 443 1427 membranaceus,
476 1375 608 1416 forma
639 1379 828 1427 maxima,
861 1379 1063 1429 scriptura
1095 1379 1302 1431 aliquanto
1328 1380 1563 1432 grandiore,

96 1459 213 1497 quam
244 1447 294 1496 A,
326 1445 400 1484 sed
426 1447 527 1483 item
558 1458 658 1497 prae
690 1449 897 1483 uetustate
927 1459 1232 1498 nonnumquam
1264 1448 1454 1498 euanida,
1488 1461 1565 1486 nec

95 1513 186 1566 plus
217 1527 295 1552 uno
327 1512 491 1551 saeculo
516 1511 586 1550 illo
615 1515 839 1552 recentior.
900 1515 1088 1566 Scriptus
1116 1520 1180 1554 est
1202 1518 1335 1555 minus
1358 1520 1563 1564 accurate,

100 1593 225 1632 saepe
265 1580 373 1618 male
422 1582 575 1619 iunctis
615 1585 683 1619 aut
724 1581 941 1619 disiunctis
982 1581 1218 1632 uocabulis,
1270 1590 1357 1622 tum
1399 1584 1565 1633 antiqua

97 1661 216 1686 manu
248 1652 474 1687 correctns.
534 1648 732 1699 Neglecta
765 1654 860 1687 sunt
890 1648 1213 1700 colloquentium
1252 1652 1419 1689 indicia.
1481 1651 1563 1689 Sub

97 1716 218 1752 finem
250 1718 416 1753 truncus
451 1721 539 1766 est,
582 1718 615 1755 si
647 1715 810 1767 quidem
843 1720 1027 1756 extrema
1058 1719 1145 1756 eius
1179 1720 1303 1756 uerba
1335 1718 1439 1755 haec
1470 1723 1567 1755 sunt

101 1780 181 1833 ΙΙΙ,
212 1780 285 1824 401
325 1789 582 1835 peccante
620 1790 838 1835 senatu,
881 1786 1012 1836 quod
1052 1786 1123 1823 fit
1154 1787 1461 1825 ambitione.
1524 1780 1565 1822 Is

98 1866 257 1906 quoque
286 1853 426 1905 plures
457 1852 559 1891 alios
590 1851 716 1891 libros
750 1854 1056 1905 complectitur.

211 1932 251 1973 3.
283 1932 371 1970 cod.
400 1932 686 1971 Uossianus
717 1933 769 1979 (D
793 1955 849 1960 —
871 1931 989 1970 catal.
1014 1946 1054 1984 p.
1076 1930 1174 1972 384.
1197 1945 1236 1971 n.
1266 1931 1403 1985 10¹0),
1433 1946 1563 1970 mem-

100 2001 337 2048 branaceuS,
368 2000 501 2037 forma
525 2007 681 2050 quarta,
713 1998 977 2051 nitidissime,
1011 1999 1084 2038 sed
1106 2001 1264 2038 recenti
1288 2014 1410 2038 manu
1434 2001 1566 2051 scrip-

99 2073 188 2118 tus,
221 2066 371 2105 additis
404 2067 724 2118 colloquentium
754 2068 936 2106 indiciis.

209 2133 248 2175 4.
282 2136 373 2174 cod.
407 2136 684 2174 bibliothecae
716 2134 827 2187 publ.
860 2136 908 2183 (C
926 2159 982 2163 ——
1006 2138 1084 2173 cat.
1102 2148 1144 2186 p.
1163 2133 1261 2175 330.
1281 2150 1318 2175 n.
1340 2135 1466 2184 1180,
1500 2138 1564 2186 qui

99 2200 195 2241 olim
226 2204 333 2242 Nic.
361 2204 492 2244 Hcin
511 2206 577 2244 sii
616 2204 696 2243 fuit
734 2207 776 2241 et
816 2216 935 2254 quem
965 2202 1106 2241 littera
1138 2203 1169 2240 C
1202 2204 1398 2254 signauit,
1429 2216 1560 2242 mem-

99 2271 337 2321 branaceus,
370 2272 503 2311 forma
533 2276 690 2325 quarta,
724 2272 926 2324 scriptura
970 2270 1262 2322 longobardica
1308 2276 1495 2310 accurata
1525 2277 1567 2310 et

103 2341 324 2390 constanti,
343 2339 420 2378 sed
438 2341 505 2378 hic
521 2340 606 2380 illic
627 2339 1030 2391 enanida,neglectis
1043 2338 1364 2390 colloquentium
1384 2339 1565 2388 indiciis,

100 2405 270 2455 saeculi,
298 2411 343 2444 ut
369 2407 551 2459 uidetur,
581 2405 678 2447 XII'
706 2407 773 2446 uel
794 2404 923 2458 XIII3
957 2411 1167 2446 correctus
1202 2408 1377 2446 subinde
1409 2412 1471 2446 cst
1497 2406 1565 2446 uel

102 2473 452 2524 suprascriptione
482 2475 550 2513 uel
576 2477 619 2514 in
649 2477 847 2527 margine.
909 2477 991 2515 Sub
1033 2477 1157 2514 finem
1189 2481 1231 2513 et
1262 2476 1328 2514 hic
1352 2480 1566 2513 truncatus

98 2544 178 2590 est,
211 2542 245 2578 si
279 2541 443 2592 quidem
476 2544 563 2581 eius
591 2544 716 2581 uerba
748 2549 930 2584 extrema
952 2546 1054 2584 haec
1077 2552 1197 2584 sunt:
1231 2559 1252 2583 a
1282 2544 1567 2582 maioribus

98 2609 293 2646 nostris
332 2608 467 2648 nihil
505 2607 594 2661 ΙΙΙ,
627 2610 668 2651 5.
704 2611 766 2654 12.
829 2613 1027 2653 Continet
1066 2615 1190 2653 etiam
1228 2613 1358 2652 libros
1397 2611 1449 2650 de
1482 2618 1565 2650 nat.

101 2675 217 2715 deor.
250 2683 291 2716 et
323 2677 375 2715 dc
407 2679 583 2718 diuinat.

211 2743 248 2785 5.
282 2743 371 2783 cod.
402 2742 787 2787 Perizonianus
819 2750 870 2798 (E
892 2773 942 2779 —
964 2758 1042 2791 cat.
1064 2751 1207 2791 XVIII.
1234 2766 1273 2790 n.
1298 2749 1403 2801 25.),
1436 2762 1566 2787 mem-

102 2809 341 2864 branaceus,
373 2814 504 2854 forma
534 2818 720 2867 maxima,
753 2831 872 2858 manu
902 2822 1001 2859 satis
1025 2822 1185 2860 recenti
1208 2821 1404 2871 scriptus,
1439 2816 1568 2855 collo-
