1781 3192
421 198 579 237 [ABER
612 196 869 236 TERTIUS.
918 195 1019 236 CAP.
1053 195 1178 236 xvu.
1445 191 1536 232 517

83 308 275 362 ultroque
315 311 525 348 offeratur.
587 309 756 348 Transit
793 311 917 356 igitur
955 310 1002 346 ab
1043 322 1115 358 eo,
1161 306 1267 360 qnod
1304 308 1345 344 ln
1383 304 1539 355 legibus

78 367 262 406 serendis
303 369 566 417 spectabant,
605 365 656 404 ad
696 366 775 403 uim
818 365 977 416 legum,
1009 378 1125 416 quam
1157 367 1272 416 ipsae
1304 363 1537 409 habuerint,

79 437 160 462 non
200 425 443 475 quaesitam.
515 424 621 460 Hinc
666 422 841 473 primum
894 423 972 460 uis
1012 421 1177 470 legum
1219 420 1324 472 (sin
1367 417 1539 456 ualue-

81 482 158 518 rin
175 478 215 532 t)
248 481 469 531 opponitur
499 478 764 516 uoluntati
800 479 1054 515 hominum
1090 479 1311 515 serentium
1354 473 1418 527 (si
1459 487 1540 525 op-

79 538 256 587 posita
287 534 431 588 sunt)
466 541 585 586 atque
618 533 816 586 particula
851 541 1021 572 tamen
1053 535 1321 583 restringitur
1353 529 1539 568 uoluntas

81 590 184 646 (etsi
224 591 265 629 id
308 604 387 628 non
430 590 645 641 uolebant,
682 595 817 628 tamen
855 589 1114 642 ualuerunt).
1176 591 1433 640 Quapropter
1474 599 1541 624 me

81 650 159 686 iam
209 649 399 699 poenitet
446 650 707 685 coniecturae
766 653 958 684 tantum
1006 661 1093 684 cum
1143 647 1331 683 omnibus
1385 642 1480 680 inde
1520 656 1542 680 a

82 703 291 755 Stephano
317 702 543 741 editoribus
568 708 774 753 receptae.
838 704 953 741 Unus
979 704 1125 740 Belius
1159 708 1322 740 tamen
1357 700 1540 746 retinuit,

80 774 160 798 non
203 758 404 799 defendit.
468 759 626 797 Deinde
666 759 837 809 leges,
881 760 987 810 quod
1030 760 1156 796 Gzius
1202 758 1332 796 deleri
1386 755 1541 803 uoluit,

83 818 253 854 retineri
293 828 465 853 necesse
498 822 563 854 est
596 822 830 868 propterea,
863 818 953 866 quia
984 817 1031 853 ab
1066 816 1152 852 his:
1193 827 1254 852 ne
1286 813 1544 863 inspiciat

83 877 162 913 cet.
202 874 281 910 iam
324 874 473 910 transit
512 872 562 910 ad
603 872 718 923 leges
758 885 899 910 omnes
930 873 1092 922 generis
1126 871 1336 918 eiusdem,
1369 881 1468 919 quae
1501 867 1542 904 in

81 941 129 967 re
159 927 321 981 publica
352 942 519 966 romana
552 927 757 966 ualebant.
822 929 970 966 Bakius
1005 927 1110 965 male
1141 931 1200 965 sic
1223 929 1541 977 interpretatur:

82 987 151 1036 „si
195 984 335 1034 leges,
379 999 479 1035 quae
512 985 745 1037 complures
788 985 841 1023 de
884 986 1037 1022 ambitu
1075 983 1185 1021 latae
1228 988 1323 1020 sunt
1361 992 1546 1032 quaeque

82 1042 344 1092 largitionem
379 1043 494 1079 uerbi
531 1055 651 1079 causa
693 1041 851 1091 aliaque
894 1054 1041 1079 seuere
1084 1043 1297 1088 sanciunt,
1339 1037 1546 1075 ualuerint

82 1100 113 1138 i.
145 1112 183 1136 e.
223 1100 334 1149 ipsae
377 1111 452 1149 per
494 1112 537 1136 se
577 1097 842 1149 impedierint
883 1098 1102 1145 ambitum,
1153 1109 1232 1133 non
1286 1099 1405 1131 erunt
1451 1091 1545 1129 illae

83 1153 136 1192 de
177 1153 356 1204 tegendo
396 1156 503 1191 omni
543 1157 702 1191 ratione
742 1155 955 1202 suffragio,
998 1159 1188 1201 ceterae,
1231 1149 1545 1194 necessariae“;

82 1224 160 1249 nec
202 1211 350 1248 melius
393 1210 529 1250 Madu‚
575 1212 614 1246 in
659 1209 896 1248 Emendatt.
939 1221 980 1259 p.
1020 1208 1112 1247 102.
1155 1208 1406 1244 sententiam
1447 1204 1548 1241 dicit

84 1269 189 1305 hanc
231 1278 349 1303 esse:
389 1265 536 1314 „Haec
575 1278 654 1302 non
694 1263 978 1315 reprehendo,
1012 1265 1044 1301 si
1079 1264 1252 1300 ambitus
1285 1259 1547 1313 opprimendi

81 1335 198 1362 causa
230 1325 325 1359 sunt
356 1323 601 1370 constituta3
634 1321 695 1358 sin
728 1320 843 1370 leges
876 1320 928 1358 de
962 1321 1115 1358 ambitu
1140 1324 1308 1356 sanetae
1332 1321 1547 1355 seruantur

84 1384 322 1427 tantumque
355 1377 517 1426 ualent,
550 1384 595 1415 ut
627 1378 800 1414 ambitus
833 1380 998 1415 omnino
1030 1375 1165 1414 nullus
1197 1376 1272 1423 sit,
1306 1375 1394 1411 istis
1427 1373 1547 1409 insti-

18 1437 21 1440 “
84 1436 184 1472 tutis
216 1446 317 1482 opus
350 1445 428 1470 non
466 1438 553 1480 est3
587 1445 709 1482 quare
743 1434 779 1469 in
821 1446 890 1481 ea,
935 1446 1051 1484 quam
1086 1444 1160 1479 ego
1202 1430 1361 1480 legibus
1399 1430 1547 1476 formo,

84 1503 129 1527 re
161 1488 336 1540 publiea,
368 1488 557 1526 tabellam
592 1488 754 1538 quidem
789 1488 908 1538 dabo,
949 1488 1020 1526 sed
1052 1490 1109 1525 ita
1142 1492 1185 1524 ut
1216 1488 1370 1537 optimo
1403 1487 1548 1534 cuique

85 1545 380 1583 ostemlatur“.
441 1546 591 1583 Iniuria
631 1545 778 1582 Bakius
820 1558 893 1595 pro
937 1545 1028 1583 cod.
1063 1544 1170 1582 arch.
1204 1545 1407 1594 scriptura
1439 1544 1549 1578 sint

85 1602 312 1640 ambitus
355 1613 404 1638 ex
442 1615 521 1639 uno
563 1601 652 1640 cod.
699 1602 764 1640 10.
810 1603 972 1639 restitui
1015 1601 1134 1639 iussit
1184 1602 1255 1637 sit
1304 1599 1548 1636 ambitus.

86 1656 310 1708 Singularis
342 1670 537 1695 numerus
567 1658 615 1695 ad
649 1670 778 1707 genus
802 1660 861 1695 rei
889 1663 1063 1710 spectat,
1095 1655 1266 1708 pluralis
1290 1654 1341 1693 ad
1366 1653 1546 1705 singulas

87 1717 176 1754 eius
209 1712 520 1754 declarationes.
569 1714 630 1752 Cf.
666 1710 698 1753 Ι.
731 1714 762 1763 ξ.
796 1713 863 1754 33.

201 1775 251 1807 ut
294 1771 344 1806 in
387 1783 445 1807 eo
488 1772 697 1820 sitipso
729 1769 981 1819 libertas,
1025 1771 1073 1807 in
1112 1768 1228 1819 quo]
1290 1769 1357 1807 Sic
1388 1766 1548 1818 pridem

85 1827 216 1865 Turn.
250 1826 381 1865 Gebh.
416 1827 512 1866 Dau.
555 1824 820 1877 (quamquam
863 1827 930 1863 hic
969 1838 1165 1876 peruerse
1203 1825 1378 1862 coniecit
1410 1825 1454 1860 in
1489 1834 1548 1859 eo

86 1886 226 1935 ipso,
261 1880 404 1936 quia)
430 1883 529 1921 Ern.
552 1884 695 1932 Wagn.
721 1880 822 1934 (sed
850 1883 891 1920 hi
925 1882 1004 1920 duo
1038 1883 1111 1920 uti
1144 1894 1217 1933 pro
1246 1879 1343 1933 ut);
1378 1891 1550 1928 eamque

86 1942 353 1990 scripturam,
399 1953 419 1976 a
461 1940 582 1978 Bakio
621 1951 779 1989 quoque
820 1940 1058 1990 probatam,
1103 1945 1145 1975 et
1176 1936 1391 1975 meliorum
1426 1934 1549 1973 codd.

88 1998 301 2035 confirmat
343 1998 563 2034 auctoritas
606 1997 720 2048 (nam
763 1996 902 2033 mendi
943 1997 1030 2033 ine
1061 1996 1164 2032 haec
1195 1993 1330 2031 facilis
1364 1997 1405 2031 et
1437 1997 1550 2029 certa

86 2059 150 2091 est
190 2052 413 2104 correctio)
455 2058 496 2090 et
534 2053 756 2090 sententia.
824 2053 1024 2090 Nimirum
1077 2053 1115 2088 in
1159 2051 1340 2101 suffragii
1384 2048 1547 2086 ferendi

85 2110 260 2157 ratione,
302 2110 340 2144 in
381 2122 455 2159 qua
494 2108 646 2160 populo
686 2113 870 2158 potestas
911 2109 1090 2146 honeste
1130 2108 1245 2144 bonis
1291 2104 1550 2157 gratificandi

86 2165 220 2213 datur,
262 2166 386 2201 etiam
428 2164 664 2202 libertatem
710 2177 803 2201 esse
840 2163 940 2204 uult.
1010 2165 1266 2201 Sententiam
1309 2176 1396 2201 cum
1436 2167 1550 2198 ret-te

86 2221 316 2269 Maduigius
349 2220 575 2271 explicaret
605 2224 645 2258 in
676 2221 912 2260 Emendatt.
947 2234 987 2271 p.
1013 2220 1130 2268 10⁴2„
1167 2232 1246 2257 non
1272 2224 1386 2257 recte
1411 2223 1547 2255 tamen

87 2277 190 2314 dett.
224 2276 344 2315 codd.
378 2279 675 2315 correctionem
710 2279 827 2328 ipsa
859 2279 1064 2328 probauit.
1126 2275 1358 2313 Manutius:
1392 2278 1444 2312 ut
1477 2274 1549 2310 sit

87 2335 134 2371 in
168 2344 224 2369 eo
257 2332 396 2381 ipso,
426 2333 475 2369 in
510 2346 625 2382 qna3
660 2333 770 2373 Uict.
796 2339 838 2370 et
859 2335 1035 2370 Lbinus:
1063 2334 1137 2370 uti
1169 2333 1364 2382 sitipsa
1387 2329 1549 2367 liber-

86 2394 196 2438 tas,
238 2388 283 2424 in
338 2400 458 2437 qua;
510 2390 636 2427 Goer.
686 2390 783 2428 sch,
829 2389 960 2428 Mos.:
1010 2390 1179 2427 ut'sit
1224 2390 1339 2439 ipsa
1386 2385 1550 2424 liber-

86 2451 192 2495 tas,
223 2445 270 2481 in
304 2457 415 2494 quo.

202 2513 367 2550 eoque
405 2513 537 2539 nunc
576 2500 664 2551 fit]
728 2500 889 2539 Marcus
930 2502 976 2538 ab
1017 2501 1092 2539 hac
1134 2501 1251 2541 bonis
1290 2497 1547 2550 gratificandi

86 2561 297 2610 potestate
329 2557 517 2594 defertur
547 2557 595 2594 ad
630 2570 717 2595 eam
752 2571 865 2606 rem,
899 2571 1014 2608 quam
1049 2559 1224 2607 Quintus
1257 2569 1377 2609 supra
1410 2556 1444 2606 §-
1477 2554 1546 2594 34'.

89 2615 298 2664 attigerat,
330 2616 515 2664 grauiora
547 2613 694 2651 indicia
728 2612 779 2651 de
809 2614 1042 2652 hominibus
1063 2614 1360 2665 potentissimis
1385 2617 1547 2650 exstare

89 2673 201 2708 uocis
243 2683 359 2721 quam
403 2669 602 2719 tabellae,
644 2672 985 2721 interpretatione
1026 2676 1162 2708 tamen
1195 2674 1314 2708 utens
1347 2681 1548 2707 uerecun-

90 2726 216 2766 diore.
278 2728 481 2764 Peruerse
514 2728 639 2777 igitur
668 2726 816 2764 Bakius
847 2739 921 2777 pro
953 2728 1021 2764 sit
1052 2731 1236 2765 ueterem
1268 2725 1379 2764 illam
1404 2724 1548 2775 Steph.

91 2788 133 2821 et
163 2783 272 2822 Man.
306 2786 602 2822 correctionem
637 2783 740 2821 siet
771 2784 1092 2835 commendauit,
1125 2784 1237 2834 quasi
1271 2796 1366 2821 uero
1410 2780 1462 2819 de
1503 2793 1549 2819 re
