<?xml version="1.0" encoding="UTF-8"?>
<!DOCTYPE html PUBLIC "-//W3C//DTD XHTML 1.0 Transitional//EN"
    "http://www.w3.org/TR/xhtml1/DTD/xhtml1-transitional.dtd">
<html xmlns="http://www.w3.org/1999/xhtml" xml:lang="en" lang="en">
 <head>
  <title>
</title>
<meta http-equiv="Content-Type" content="text/html;charset=utf-8" />
  <meta name='ocr-system' content='tesseract 3.04.00' />
  <meta name='ocr-capabilities' content='ocr_page ocr_carea ocr_par ocr_line ocrx_word'/>
</head>
<body>
  <div class='ocr_page' id='page_1' title='image "./delegibuslibritr0102ciceuoft_0503.png"; bbox 0 0 1781 3192; ppageno 0'>
   <div class='ocr_carea' id='block_1_1' title="bbox 0 0 10 882">
    <p class='ocr_par' dir='ltr' id='par_1_1' title="bbox 0 0 10 882">
     <span class='ocr_line' id='line_1_1' title="bbox 0 0 10 882; baseline 0 0"><span class='ocrx_word' id='word_1_1' title='bbox 0 0 10 882; x_wconf 95' lang='lat' dir='ltr'> </span> 
     </span>
    </p>
   </div>
   <div class='ocr_carea' id='block_1_2' title="bbox 0 878 57 3192">
    <p class='ocr_par' dir='ltr' id='par_1_2' title="bbox 0 878 57 3192">
     <span class='ocr_line' id='line_1_2' title="bbox 0 878 57 3192; baseline 0 0"><span class='ocrx_word' id='word_1_2' title='bbox 0 878 57 3192; x_wconf 95' lang='lat' dir='ltr'> </span> 
     </span>
    </p>
   </div>
   <div class='ocr_carea' id='block_1_3' title="bbox 471 175 1559 217">
    <p class='ocr_par' dir='ltr' id='par_1_3' title="bbox 471 175 1559 217">
     <span class='ocr_line' id='line_1_3' title="bbox 471 175 1559 217; baseline -0.004 0"><span class='ocrx_word' id='word_1_3' title='bbox 471 180 630 217; x_wconf 66' lang='lat' dir='ltr'><strong>{ABER</strong></span> <span class='ocrx_word' id='word_1_4' title='bbox 662 179 902 217; x_wconf 64' lang='lat' dir='ltr'>&#39;t&#39;ER&#39;t‘ws</span> <span class='ocrx_word' id='word_1_5' title='bbox 975 178 1074 215; x_wconf 61' lang='grc' dir='ltr'>(Ἂν.</span> <span class='ocrx_word' id='word_1_6' title='bbox 1112 178 1177 216; x_wconf 71' lang='lat' dir='ltr'>XI.</span> <span class='ocrx_word' id='word_1_7' title='bbox 1471 175 1559 214; x_wconf 77' lang='lat'>297</span> 
     </span>
    </p>
   </div>
   <div class='ocr_carea' id='block_1_4' title="bbox 94 288 1578 2824">
    <p class='ocr_par' dir='ltr' id='par_1_4' title="bbox 94 288 1554 853">
     <span class='ocr_line' id='line_1_4' title="bbox 95 288 1550 346; baseline -0.004 -14"><span class='ocrx_word' id='word_1_8' title='bbox 95 307 196 346; x_wconf 85' lang='lat' dir='ltr'>quae</span> <span class='ocrx_word' id='word_1_9' title='bbox 230 294 395 332; x_wconf 78' lang='lat' dir='ltr'>Musero</span> <span class='ocrx_word' id='word_1_10' title='bbox 426 298 468 330; x_wconf 87' lang='lat' dir='ltr'>et</span> <span class='ocrx_word' id='word_1_11' title='bbox 503 293 710 330; x_wconf 76' lang='lat' dir='ltr'>Creuzero</span> <span class='ocrx_word' id='word_1_12' title='bbox 743 290 908 343; x_wconf 70' lang='lat' dir='ltr'>plac-uit,</span> <span class='ocrx_word' id='word_1_13' title='bbox 954 293 1051 327; x_wconf 70' lang='lat' dir='ltr'>satis</span> <span class='ocrx_word' id='word_1_14' title='bbox 1091 290 1289 327; x_wconf 79' lang='lat' dir='ltr'>refutauit</span> <span class='ocrx_word' id='word_1_15' title='bbox 1321 288 1550 339; x_wconf 70' lang='lat' dir='ltr'>Mnduigiun</span> 
     </span>
     <span class='ocr_line' id='line_1_5' title="bbox 94 344 1549 401; baseline -0.005 -11"><span class='ocrx_word' id='word_1_16' title='bbox 94 353 134 390; x_wconf 87' lang='lat' dir='ltr'>in</span> <span class='ocrx_word' id='word_1_17' title='bbox 169 350 404 389; x_wconf 75' lang='lat' dir='ltr'>Emendatt.</span> <span class='ocrx_word' id='word_1_18' title='bbox 436 363 460 401; x_wconf 87' lang='lat' dir='ltr'>p</span> <span class='ocrx_word' id='word_1_19' title='bbox 509 348 577 388; x_wconf 74' lang='lat'>99.</span> <span class='ocrx_word' id='word_1_20' title='bbox 640 350 674 386; x_wconf 90' lang='lat' dir='ltr'>ls</span> <span class='ocrx_word' id='word_1_21' title='bbox 706 351 795 399; x_wconf 83' lang='lat' dir='ltr'>quia</span> <span class='ocrx_word' id='word_1_22' title='bbox 831 362 1000 385; x_wconf 84' lang='lat' dir='ltr'>casum</span> <span class='ocrx_word' id='word_1_23' title='bbox 1036 348 1204 397; x_wconf 84' lang='lat' dir='ltr'>putabat</span> <span class='ocrx_word' id='word_1_24' title='bbox 1228 358 1321 384; x_wconf 76' lang='lat' dir='ltr'>esse</span> <span class='ocrx_word' id='word_1_25' title='bbox 1344 344 1549 397; x_wconf 79' lang='lat' dir='ltr'>lapsum</span> 
     </span>
     <span class='ocr_line' id='line_1_6' title="bbox 97 401 1551 456; baseline -0.005 -10"><span class='ocrx_word' id='word_1_26' title='bbox 97 407 162 446; x_wconf 89' lang='lat' dir='ltr'>uel</span> <span class='ocrx_word' id='word_1_27' title='bbox 196 409 389 445; x_wconf 86' lang='lat' dir='ltr'>ruinam</span> <span class='ocrx_word' id='word_1_28' title='bbox 424 419 616 455; x_wconf 93' lang='lat' dir='ltr'>rerum,</span> <span class='ocrx_word' id='word_1_29' title='bbox 648 404 887 456; x_wconf 73' lang='lat' dir='ltr'>particulam</span> <span class='ocrx_word' id='word_1_30' title='bbox 924 418 1017 442; x_wconf 85' lang='lat' dir='ltr'>non</span> <span class='ocrx_word' id='word_1_31' title='bbox 1062 409 1154 440; x_wconf 88' lang='lat' dir='ltr'>ante</span> <span class='ocrx_word' id='word_1_32' title='bbox 1197 404 1435 440; x_wconf 78' lang='lat' dir='ltr'>omnibus</span> <span class='ocrx_word' id='word_1_33' title='bbox 1477 401 1551 440; x_wconf 81' lang='lat' dir='ltr'>de-</span> 
     </span>
     <span class='ocr_line' id='line_1_7' title="bbox 96 460 1552 511; baseline -0.003 -9"><span class='ocrx_word' id='word_1_34' title='bbox 96 464 257 502; x_wconf 88' lang='lat' dir='ltr'>lendam</span> <span class='ocrx_word' id='word_1_35' title='bbox 293 476 386 499; x_wconf 80' lang='lat' dir='ltr'>esse</span> <span class='ocrx_word' id='word_1_36' title='bbox 420 462 535 500; x_wconf 63' lang='lat' dir='ltr'>dixit.</span> <span class='ocrx_word' id='word_1_37' title='bbox 597 462 770 510; x_wconf 81' lang='lat' dir='ltr'>Gzium,</span> <span class='ocrx_word' id='word_1_38' title='bbox 816 463 880 511; x_wconf 81' lang='lat' dir='ltr'>qui</span> <span class='ocrx_word' id='word_1_39' title='bbox 921 463 979 497; x_wconf 49' lang='lat' dir='ltr'>si«-</span> <span class='ocrx_word' id='word_1_40' title='bbox 1024 462 1315 510; x_wconf 75' lang='lat' dir='ltr'>iuterpretatus</span> <span class='ocrx_word' id='word_1_41' title='bbox 1358 466 1445 497; x_wconf 77' lang='lat' dir='ltr'>est:</span> <span class='ocrx_word' id='word_1_42' title='bbox 1484 460 1552 508; x_wconf 75' lang='lat' dir='ltr'>„si</span> 
     </span>
     <span class='ocr_line' id='line_1_8' title="bbox 98 516 1553 571; baseline -0.004 -13"><span class='ocrx_word' id='word_1_43' title='bbox 98 535 180 569; x_wconf 87' lang='lat' dir='ltr'>res,</span> <span class='ocrx_word' id='word_1_44' title='bbox 214 533 309 569; x_wconf 67' lang='lat' dir='ltr'>quas</span> <span class='ocrx_word' id='word_1_45' title='bbox 344 532 414 568; x_wconf 83' lang='lat' dir='ltr'>pru</span> <span class='ocrx_word' id='word_1_46' title='bbox 449 519 579 556; x_wconf 81' lang='lat' dir='ltr'>salute</span> <span class='ocrx_word' id='word_1_47' title='bbox 604 521 759 571; x_wconf 84' lang='lat' dir='ltr'>patriae</span> <span class='ocrx_word' id='word_1_48' title='bbox 783 519 907 568; x_wconf 63' lang='lat' dir='ltr'>gessi,</span> <span class='ocrx_word' id='word_1_49' title='bbox 941 531 1019 555; x_wconf 86' lang='lat' dir='ltr'>nou</span> <span class='ocrx_word' id='word_1_50' title='bbox 1054 531 1142 554; x_wconf 76' lang='lat' dir='ltr'>eum</span> <span class='ocrx_word' id='word_1_51' title='bbox 1172 522 1362 553; x_wconf 83' lang='lat' dir='ltr'>euentum</span> <span class='ocrx_word' id='word_1_52' title='bbox 1388 516 1553 553; x_wconf 68' lang='lat' dir='ltr'>hahuis-</span> 
     </span>
     <span class='ocr_line' id='line_1_9' title="bbox 98 573 1553 625; baseline -0.002 -12"><span class='ocrx_word' id='word_1_53' title='bbox 98 582 205 624; x_wconf 82' lang='lat' dir='ltr'>sent,</span> <span class='ocrx_word' id='word_1_54' title='bbox 241 588 356 625; x_wconf 84' lang='lat' dir='ltr'>quem</span> <span class='ocrx_word' id='word_1_55' title='bbox 393 589 534 612; x_wconf 79' lang='lat' dir='ltr'>omnes</span> <span class='ocrx_word' id='word_1_56' title='bbox 568 582 677 625; x_wconf 67' lang='lat' dir='ltr'>grata</span> <span class='ocrx_word' id='word_1_57' title='bbox 711 582 849 612; x_wconf 81' lang='lat' dir='ltr'>mente</span> <span class='ocrx_word' id='word_1_58' title='bbox 883 574 1211 623; x_wconf 76' lang='lat' dir='ltr'>agnose‹·reut“,</span> <span class='ocrx_word' id='word_1_59' title='bbox 1244 573 1348 612; x_wconf 65' lang='lat' dir='ltr'>sunit</span> <span class='ocrx_word' id='word_1_60' title='bbox 1381 585 1553 610; x_wconf 83' lang='lat' dir='ltr'>casum</span> 
     </span>
     <span class='ocr_line' id='line_1_10' title="bbox 98 627 1554 681; baseline -0.003 -11"><span class='ocrx_word' id='word_1_61' title='bbox 98 645 176 670; x_wconf 89' lang='lat' dir='ltr'>non</span> <span class='ocrx_word' id='word_1_62' title='bbox 203 644 295 667; x_wconf 82' lang='lat' dir='ltr'>esse</span> <span class='ocrx_word' id='word_1_63' title='bbox 320 639 584 669; x_wconf 85' lang='lat' dir='ltr'>euentum.</span> <span class='ocrx_word' id='word_1_64' title='bbox 640 633 840 669; x_wconf 71' lang='lat' dir='ltr'>Eut-ntum</span> <span class='ocrx_word' id='word_1_65' title='bbox 869 633 975 668; x_wconf 88' lang='lat' dir='ltr'>enim</span> <span class='ocrx_word' id='word_1_66' title='bbox 1001 631 1100 667; x_wconf 77' lang='lat' dir='ltr'>dixit</span> <span class='ocrx_word' id='word_1_67' title='bbox 1122 631 1270 667; x_wconf 87' lang='lat' dir='ltr'>exitum</span> <span class='ocrx_word' id='word_1_68' title='bbox 1297 627 1554 681; x_wconf 78' lang='lat' dir='ltr'>(Resultat),</span> 
     </span>
     <span class='ocr_line' id='line_1_11' title="bbox 98 686 1551 738; baseline -0.001 -13"><span class='ocrx_word' id='word_1_69' title='bbox 98 689 138 726; x_wconf 91' lang='lat' dir='ltr'>id</span> <span class='ocrx_word' id='word_1_70' title='bbox 181 687 288 738; x_wconf 81' lang='lat' dir='ltr'>quod</span> <span class='ocrx_word' id='word_1_71' title='bbox 331 686 466 724; x_wconf 73' lang='lat' dir='ltr'>elucet</span> <span class='ocrx_word' id='word_1_72' title='bbox 508 702 552 725; x_wconf 69' lang='lat' dir='ltr'>ex&#39;</span> <span class='ocrx_word' id='word_1_73' title='bbox 596 690 758 737; x_wconf 71' lang='lat' dir='ltr'>uerbis,</span> <span class='ocrx_word' id='word_1_74' title='bbox 801 700 902 738; x_wconf 85' lang='lat' dir='ltr'>quae</span> <span class='ocrx_word' id='word_1_75' title='bbox 941 687 1124 724; x_wconf 84' lang='lat' dir='ltr'>addidit:</span> <span class='ocrx_word' id='word_1_76' title='bbox 1173 686 1393 736; x_wconf 82' lang='lat' dir='ltr'>„homines</span> <span class='ocrx_word' id='word_1_77' title='bbox 1446 686 1551 723; x_wconf 89' lang='lat' dir='ltr'>enim</span> 
     </span>
     <span class='ocr_line' id='line_1_12' title="bbox 102 742 1552 795; baseline -0.003 -11"><span class='ocrx_word' id='word_1_78' title='bbox 102 744 220 795; x_wconf 77' lang='lat' dir='ltr'>uulgo</span> <span class='ocrx_word' id='word_1_79' title='bbox 255 757 331 781; x_wconf 91' lang='lat' dir='ltr'>non</span> <span class='ocrx_word' id='word_1_80' title='bbox 366 752 444 780; x_wconf 80' lang='lat' dir='ltr'>tam</span> <span class='ocrx_word' id='word_1_81' title='bbox 479 745 691 783; x_wconf 78' lang='lat' dir='ltr'>eonsilium</span> <span class='ocrx_word' id='word_1_82' title='bbox 726 747 763 782; x_wconf 92' lang='lat' dir='ltr'>in</span> <span class='ocrx_word' id='word_1_83' title='bbox 799 747 917 782; x_wconf 83' lang='lat' dir='ltr'>rebus</span> <span class='ocrx_word' id='word_1_84' title='bbox 951 743 1145 794; x_wconf 81' lang='lat' dir='ltr'>agendis,</span> <span class='ocrx_word' id='word_1_85' title='bbox 1179 742 1253 780; x_wconf 77' lang='lat' dir='ltr'>sed</span> <span class='ocrx_word' id='word_1_86' title='bbox 1285 754 1420 779; x_wconf 86' lang='lat' dir='ltr'>casum</span> <span class='ocrx_word' id='word_1_87' title='bbox 1456 743 1485 780; x_wconf 87' lang='lat' dir='ltr'>i.</span> <span class='ocrx_word' id='word_1_88' title='bbox 1517 753 1552 781; x_wconf 80' lang='lat' dir='ltr'>e.</span> 
     </span>
     <span class='ocr_line' id='line_1_13' title="bbox 100 803 995 853; baseline -0.001 -14"><span class='ocrx_word' id='word_1_89' title='bbox 100 804 246 839; x_wconf 71' lang='lat' dir='ltr'>exitum</span> <span class='ocrx_word' id='word_1_90' title='bbox 280 813 417 837; x_wconf 81' lang='lat' dir='ltr'>earum</span> <span class='ocrx_word' id='word_1_91' title='bbox 451 810 724 853; x_wconf 80' lang='lat' dir='ltr'>euentumque</span> <span class='ocrx_word' id='word_1_92' title='bbox 756 803 995 852; x_wconf 75' lang='lat' dir='ltr'>spe‹·tant“.</span> 
     </span>
    </p>

    <p class='ocr_par' dir='ltr' id='par_1_5' title="bbox 98 856 1578 2824">
     <span class='ocr_line' id='line_1_14' title="bbox 213 856 1558 906; baseline -0.002 -12"><span class='ocrx_word' id='word_1_93' title='bbox 213 862 262 894; x_wconf 90' lang='lat' dir='ltr'>et</span> <span class='ocrx_word' id='word_1_94' title='bbox 302 858 342 893; x_wconf 87' lang='lat' dir='ltr'>si</span> <span class='ocrx_word' id='word_1_95' title='bbox 385 870 478 894; x_wconf 90' lang='lat' dir='ltr'>nos</span> <span class='ocrx_word' id='word_1_96' title='bbox 521 858 666 896; x_wconf 90' lang='lat' dir='ltr'>mult.</span> <span class='ocrx_word' id='word_1_97' title='bbox 715 858 810 896; x_wconf 88' lang='lat' dir='ltr'>fur.</span> <span class='ocrx_word' id='word_1_98' title='bbox 852 857 1077 906; x_wconf 81' lang='lat' dir='ltr'>inuidia]</span> <span class='ocrx_word' id='word_1_99' title='bbox 1150 856 1275 893; x_wconf 79' lang='lat' dir='ltr'>Extra</span> <span class='ocrx_word' id='word_1_100' title='bbox 1316 859 1558 892; x_wconf 84' lang='lat' dir='ltr'>controuer-</span> 
     </span>
     <span class='ocr_line' id='line_1_15' title="bbox 101 914 1560 965; baseline -0.003 -12"><span class='ocrx_word' id='word_1_101' title='bbox 101 916 200 953; x_wconf 80' lang='lat' dir='ltr'>siam</span> <span class='ocrx_word' id='word_1_102' title='bbox 236 914 368 965; x_wconf 79' lang='lat' dir='ltr'>posita</span> <span class='ocrx_word' id='word_1_103' title='bbox 402 919 465 950; x_wconf 75' lang='lat' dir='ltr'>est</span> <span class='ocrx_word' id='word_1_104' title='bbox 499 914 695 964; x_wconf 69' lang='lat' dir='ltr'>particula</span> <span class='ocrx_word' id='word_1_105' title='bbox 731 921 801 963; x_wconf 75' lang='lat' dir='ltr'>et,</span> <span class='ocrx_word' id='word_1_106' title='bbox 840 927 940 964; x_wconf 81' lang='lat' dir='ltr'>quae</span> <span class='ocrx_word' id='word_1_107' title='bbox 971 916 1008 950; x_wconf 90' lang='lat' dir='ltr'>in</span> <span class='ocrx_word' id='word_1_108' title='bbox 1043 914 1315 950; x_wconf 77' lang='lat' dir='ltr'>affirmatione</span> <span class='ocrx_word' id='word_1_109' title='bbox 1338 924 1411 962; x_wconf 91' lang='lat' dir='ltr'>pro</span> <span class='ocrx_word' id='word_1_110' title='bbox 1434 923 1560 961; x_wconf 74' lang='lat' dir='ltr'>nega-</span> 
     </span>
     <span class='ocr_line' id='line_1_16' title="bbox 98 966 1560 1021; baseline -0.003 -13"><span class='ocrx_word' id='word_1_111' title='bbox 98 974 213 1009; x_wconf 84' lang='lat' dir='ltr'>tione</span> <span class='ocrx_word' id='word_1_112' title='bbox 263 970 550 1007; x_wconf 69' lang='lat' dir='ltr'>substituenda</span> <span class='ocrx_word' id='word_1_113' title='bbox 602 971 785 1020; x_wconf 68' lang='lat' dir='ltr'>legitima</span> <span class='ocrx_word' id='word_1_114' title='bbox 839 976 902 1008; x_wconf 77' lang='lat' dir='ltr'>est</span> <span class='ocrx_word' id='word_1_115' title='bbox 953 970 1031 1021; x_wconf 78' lang='lat' dir='ltr'>(cf.</span> <span class='ocrx_word' id='word_1_116' title='bbox 1078 966 1106 1007; x_wconf 91' lang='lat' dir='ltr'>l.</span> <span class='ocrx_word' id='word_1_117' title='bbox 1151 970 1184 1019; x_wconf 70' lang='lat'>§.</span> <span class='ocrx_word' id='word_1_118' title='bbox 1225 967 1309 1020; x_wconf 69' lang='lat'><em>18.)</em></span> <span class='ocrx_word' id='word_1_119' title='bbox 1360 979 1560 1018; x_wconf 86' lang='lat' dir='ltr'>quamque</span> 
     </span>
     <span class='ocr_line' id='line_1_17' title="bbox 101 1025 1560 1077; baseline -0.003 -12"><span class='ocrx_word' id='word_1_120' title='bbox 101 1027 312 1075; x_wconf 74' lang='lat' dir='ltr'>&#39;surm-bo,</span> <span class='ocrx_word' id='word_1_121' title='bbox 347 1026 546 1076; x_wconf 78' lang='lat' dir='ltr'>Manutio,</span> <span class='ocrx_word' id='word_1_122' title='bbox 581 1028 707 1065; x_wconf 82' lang='lat' dir='ltr'>Lbino</span> <span class='ocrx_word' id='word_1_123' title='bbox 742 1028 927 1077; x_wconf 81' lang='lat' dir='ltr'>exceptis</span> <span class='ocrx_word' id='word_1_124' title='bbox 960 1025 1104 1076; x_wconf 85' lang='lat' dir='ltr'>reliqui</span> <span class='ocrx_word' id='word_1_125' title='bbox 1147 1027 1396 1076; x_wconf 81' lang='lat' dir='ltr'>probarunt3</span> <span class='ocrx_word' id='word_1_126' title='bbox 1439 1026 1560 1062; x_wconf 86' lang='lat' dir='ltr'>item-</span> 
     </span>
     <span class='ocr_line' id='line_1_18' title="bbox 101 1083 1561 1134; baseline -0.003 -13"><span class='ocrx_word' id='word_1_127' title='bbox 101 1097 179 1134; x_wconf 87' lang='lat' dir='ltr'>que</span> <span class='ocrx_word' id='word_1_128' title='bbox 213 1097 317 1130; x_wconf 83' lang='lat' dir='ltr'>nos,</span> <span class='ocrx_word' id='word_1_129' title='bbox 348 1095 418 1133; x_wconf 88' lang='lat' dir='ltr'>pro</span> <span class='ocrx_word' id='word_1_130' title='bbox 453 1096 530 1132; x_wconf 87' lang='lat' dir='ltr'>quo</span> <span class='ocrx_word' id='word_1_131' title='bbox 563 1084 601 1121; x_wconf 92' lang='lat' dir='ltr'>in</span> <span class='ocrx_word' id='word_1_132' title='bbox 636 1083 736 1122; x_wconf 88' lang='lat' dir='ltr'>dett.</span> <span class='ocrx_word' id='word_1_133' title='bbox 772 1083 891 1122; x_wconf 82' lang='lat' dir='ltr'>codd.</span> <span class='ocrx_word' id='word_1_134' title='bbox 923 1090 987 1120; x_wconf 68' lang='lat' dir='ltr'>est</span> <span class='ocrx_word' id='word_1_135' title='bbox 1014 1083 1215 1119; x_wconf 74' lang='lat' dir='ltr'>eorrectio</span> <span class='ocrx_word' id='word_1_136' title='bbox 1249 1083 1296 1118; x_wconf 87' lang='lat' dir='ltr'>in</span> <span class='ocrx_word' id='word_1_137' title='bbox 1330 1093 1450 1130; x_wconf 74' lang='lat' dir='ltr'>nOS‚</span> <span class='ocrx_word' id='word_1_138' title='bbox 1484 1092 1561 1130; x_wconf 83' lang='lat' dir='ltr'>qua</span> 
     </span>
     <span class='ocr_line' id='line_1_19' title="bbox 101 1136 1558 1178; baseline -0.003 -1"><span class='ocrx_word' id='word_1_139' title='bbox 101 1141 250 1178; x_wconf 83' lang='lat' dir='ltr'>ductus</span> <span class='ocrx_word' id='word_1_140' title='bbox 294 1141 392 1177; x_wconf 83' lang='lat' dir='ltr'>Dau.</span> <span class='ocrx_word' id='word_1_141' title='bbox 437 1140 636 1176; x_wconf 83' lang='lat' dir='ltr'>coniecit:</span> <span class='ocrx_word' id='word_1_142' title='bbox 680 1144 726 1176; x_wconf 89' lang='lat' dir='ltr'>et</span> <span class='ocrx_word' id='word_1_143' title='bbox 766 1141 805 1175; x_wconf 85' lang='lat' dir='ltr'>si</span> <span class='ocrx_word' id='word_1_144' title='bbox 846 1141 894 1176; x_wconf 91' lang='lat' dir='ltr'>in</span> <span class='ocrx_word' id='word_1_145' title='bbox 938 1151 1029 1175; x_wconf 84' lang='lat' dir='ltr'>nos</span> <span class='ocrx_word' id='word_1_146' title='bbox 1063 1136 1438 1174; x_wconf 83' lang='lat' dir='ltr'>multitudinis</span> <span class='ocrx_word' id='word_1_147' title='bbox 1479 1138 1558 1174; x_wconf 81' lang='lat' dir='ltr'>uis</span> 
     </span>
     <span class='ocr_line' id='line_1_20' title="bbox 102 1193 1561 1244; baseline -0.003 -9"><span class='ocrx_word' id='word_1_148' title='bbox 102 1197 340 1235; x_wconf 78' lang='lat' dir='ltr'>furentis</span> <span class='ocrx_word' id='word_1_149' title='bbox 373 1193 700 1232; x_wconf 78' lang='lat' dir='ltr'>inflammata</span> <span class='ocrx_word' id='word_1_150' title='bbox 730 1195 934 1232; x_wconf 80' lang='lat' dir='ltr'>inuidia</span> <span class='ocrx_word' id='word_1_151' title='bbox 956 1196 1229 1244; x_wconf 73' lang='lat' dir='ltr'><strong>erupisset</strong></span> <span class='ocrx_word' id='word_1_152' title='bbox 1251 1193 1561 1242; x_wconf 80' lang='lat' dir='ltr'>tribunicia,</span> 
     </span>
     <span class='ocr_line' id='line_1_21' title="bbox 103 1248 1564 1303; baseline -0.002 -14"><span class='ocrx_word' id='word_1_153' title='bbox 103 1265 234 1303; x_wconf 86' lang='lat' dir='ltr'>quae</span> <span class='ocrx_word' id='word_1_154' title='bbox 276 1253 351 1288; x_wconf 88' lang='lat' dir='ltr'>sic</span> <span class='ocrx_word' id='word_1_155' title='bbox 390 1251 438 1286; x_wconf 91' lang='lat' dir='ltr'>in</span> <span class='ocrx_word' id='word_1_156' title='bbox 481 1263 555 1288; x_wconf 92' lang='lat' dir='ltr'>me</span> <span class='ocrx_word' id='word_1_157' title='bbox 593 1250 846 1302; x_wconf 90' lang='lat' dir='ltr'>populum</span> <span class='ocrx_word' id='word_1_158' title='bbox 890 1273 941 1278; x_wconf 88' lang='lat'>—</span> <span class='ocrx_word' id='word_1_159' title='bbox 980 1252 1282 1288; x_wconf 78' lang='lat' dir='ltr'>incitasset.</span> <span class='ocrx_word' id='word_1_160' title='bbox 1361 1248 1445 1287; x_wconf 86' lang='lat' dir='ltr'>Sed</span> <span class='ocrx_word' id='word_1_161' title='bbox 1486 1249 1564 1287; x_wconf 90' lang='lat' dir='ltr'>hoc</span> 
     </span>
     <span class='ocr_line' id='line_1_22' title="bbox 103 1304 1565 1359; baseline -0.001 -14"><span class='ocrx_word' id='word_1_162' title='bbox 103 1309 328 1359; x_wconf 83' lang='lat' dir='ltr'>quaeritur,</span> <span class='ocrx_word' id='word_1_163' title='bbox 359 1311 490 1343; x_wconf 83' lang='lat' dir='ltr'>utrum</span> <span class='ocrx_word' id='word_1_164' title='bbox 526 1321 614 1345; x_wconf 83' lang='lat' dir='ltr'>eum</span> <span class='ocrx_word' id='word_1_165' title='bbox 650 1308 930 1357; x_wconf 76' lang='lat' dir='ltr'>superioribus</span> <span class='ocrx_word' id='word_1_166' title='bbox 957 1306 1216 1345; x_wconf 84' lang='lat' dir='ltr'>scribendum</span> <span class='ocrx_word' id='word_1_167' title='bbox 1242 1307 1296 1343; x_wconf 81' lang='lat' dir='ltr'>sit</span> <span class='ocrx_word' id='word_1_168' title='bbox 1325 1304 1565 1344; x_wconf 84' lang='lat' dir='ltr'>multitu—</span> 
     </span>
     <span class='ocr_line' id='line_1_23' title="bbox 104 1362 1565 1412; baseline 0 -10"><span class='ocrx_word' id='word_1_169' title='bbox 104 1366 247 1402; x_wconf 88' lang='lat' dir='ltr'>dinis</span> <span class='ocrx_word' id='word_1_170' title='bbox 280 1365 353 1400; x_wconf 91' lang='lat' dir='ltr'>uis</span> <span class='ocrx_word' id='word_1_171' title='bbox 385 1363 618 1400; x_wconf 81' lang='lat' dir='ltr'>furentis</span> <span class='ocrx_word' id='word_1_172' title='bbox 653 1363 978 1401; x_wconf 79' lang='lat' dir='ltr'>inflammata</span> <span class='ocrx_word' id='word_1_173' title='bbox 1002 1363 1221 1412; x_wconf 82' lang='lat' dir='ltr'>inuidia,</span> <span class='ocrx_word' id='word_1_174' title='bbox 1256 1375 1303 1399; x_wconf 85' lang='lat' dir='ltr'>an</span> <span class='ocrx_word' id='word_1_175' title='bbox 1328 1376 1416 1399; x_wconf 82' lang='lat' dir='ltr'>cum</span> <span class='ocrx_word' id='word_1_176' title='bbox 1442 1362 1565 1402; x_wconf 86' lang='lat' dir='ltr'>Goer.</span> 
     </span>
     <span class='ocr_line' id='line_1_24' title="bbox 108 1418 1564 1459; baseline -0.001 -1"><span class='ocrx_word' id='word_1_177' title='bbox 108 1422 205 1459; x_wconf 74' lang='lat' dir='ltr'>sch.</span> <span class='ocrx_word' id='word_1_178' title='bbox 259 1420 366 1456; x_wconf 82' lang='lat' dir='ltr'>Mos.</span> <span class='ocrx_word' id='word_1_179' title='bbox 417 1420 485 1457; x_wconf 77' lang='lat' dir='ltr'>Or.</span> <span class='ocrx_word' id='word_1_180' title='bbox 540 1419 903 1456; x_wconf 78' lang='lat' dir='ltr'>multitudinis</span> <span class='ocrx_word' id='word_1_181' title='bbox 955 1418 1288 1456; x_wconf 83' lang='lat' dir='ltr'>inflammata</span> <span class='ocrx_word' id='word_1_182' title='bbox 1336 1419 1564 1457; x_wconf 86' lang='lat' dir='ltr'>inuidia.</span> 
     </span>
     <span class='ocr_line' id='line_1_25' title="bbox 104 1474 1563 1526; baseline 0.001 -13"><span class='ocrx_word' id='word_1_183' title='bbox 104 1476 160 1513; x_wconf 83' lang='lat' dir='ltr'>Et</span> <span class='ocrx_word' id='word_1_184' title='bbox 191 1475 334 1513; x_wconf 86' lang='lat' dir='ltr'>horum</span> <span class='ocrx_word' id='word_1_185' title='bbox 370 1474 530 1523; x_wconf 86' lang='lat' dir='ltr'>quidem</span> <span class='ocrx_word' id='word_1_186' title='bbox 564 1477 664 1513; x_wconf 88' lang='lat' dir='ltr'>ratio</span> <span class='ocrx_word' id='word_1_187' title='bbox 698 1477 869 1526; x_wconf 88' lang='lat' dir='ltr'>primum</span> <span class='ocrx_word' id='word_1_188' title='bbox 895 1477 1157 1512; x_wconf 79' lang='lat' dir='ltr'>confirmatur</span> <span class='ocrx_word' id='word_1_189' title='bbox 1179 1476 1420 1513; x_wconf 83' lang='lat' dir='ltr'>auctoritate</span> <span class='ocrx_word' id='word_1_190' title='bbox 1445 1475 1563 1515; x_wconf 87' lang='lat' dir='ltr'>codd.</span> 
     </span>
     <span class='ocr_line' id='line_1_26' title="bbox 107 1530 1568 1583; baseline 0 -14"><span class='ocrx_word' id='word_1_191' title='bbox 107 1530 338 1580; x_wconf 80' lang='lat' dir='ltr'>meliorum,</span> <span class='ocrx_word' id='word_1_192' title='bbox 373 1532 410 1566; x_wconf 92' lang='lat' dir='ltr'>in</span> <span class='ocrx_word' id='word_1_193' title='bbox 447 1533 588 1580; x_wconf 72' lang='lat' dir='ltr'>quibus</span> <span class='ocrx_word' id='word_1_194' title='bbox 625 1534 698 1569; x_wconf 77' lang='lat' dir='ltr'>uis</span> <span class='ocrx_word' id='word_1_195' title='bbox 732 1545 809 1568; x_wconf 87' lang='lat' dir='ltr'>non</span> <span class='ocrx_word' id='word_1_196' title='bbox 845 1538 998 1579; x_wconf 80' lang='lat' dir='ltr'>exstat3</span> <span class='ocrx_word' id='word_1_197' title='bbox 1040 1531 1188 1569; x_wconf 91' lang='lat' dir='ltr'>deinde</span> <span class='ocrx_word' id='word_1_198' title='bbox 1216 1538 1259 1569; x_wconf 88' lang='lat' dir='ltr'>ut</span> <span class='ocrx_word' id='word_1_199' title='bbox 1291 1545 1377 1569; x_wconf 83' lang='lat' dir='ltr'>eam</span> <span class='ocrx_word' id='word_1_200' title='bbox 1418 1533 1568 1583; x_wconf 91' lang='lat' dir='ltr'>probe-</span> 
     </span>
     <span class='ocr_line' id='line_1_27' title="bbox 108 1587 1569 1639; baseline 0.001 -14"><span class='ocrx_word' id='word_1_201' title='bbox 108 1601 224 1636; x_wconf 81' lang='lat' dir='ltr'>mus,</span> <span class='ocrx_word' id='word_1_202' title='bbox 273 1588 371 1625; x_wconf 72' lang='lat' dir='ltr'>facit</span> <span class='ocrx_word' id='word_1_203' title='bbox 414 1587 569 1637; x_wconf 72' lang='lat' dir='ltr'>ingrata</span> <span class='ocrx_word' id='word_1_204' title='bbox 609 1589 791 1625; x_wconf 69' lang='lat' dir='ltr'>eiusdem</span> <span class='ocrx_word' id='word_1_205' title='bbox 838 1588 1021 1625; x_wconf 67' lang='lat' dir='ltr'>uotabuli</span> <span class='ocrx_word' id='word_1_206' title='bbox 1062 1589 1101 1625; x_wconf 93' lang='lat' dir='ltr'>in</span> <span class='ocrx_word' id='word_1_207' title='bbox 1145 1590 1326 1639; x_wconf 83' lang='lat' dir='ltr'>proxima</span> <span class='ocrx_word' id='word_1_208' title='bbox 1363 1590 1569 1626; x_wconf 80' lang='lat' dir='ltr'>sententia</span> 
     </span>
     <span class='ocr_line' id='line_1_28' title="bbox 107 1645 1568 1695; baseline 0 -13"><span class='ocrx_word' id='word_1_209' title='bbox 107 1646 294 1692; x_wconf 81' lang='lat' dir='ltr'>iterati03</span> <span class='ocrx_word' id='word_1_210' title='bbox 328 1650 410 1681; x_wconf 85' lang='lat' dir='ltr'>tum</span> <span class='ocrx_word' id='word_1_211' title='bbox 446 1645 683 1695; x_wconf 73' lang='lat' dir='ltr'>metaphora</span> <span class='ocrx_word' id='word_1_212' title='bbox 718 1645 963 1682; x_wconf 86' lang='lat' dir='ltr'>insolentius</span> <span class='ocrx_word' id='word_1_213' title='bbox 1003 1647 1158 1695; x_wconf 70' lang='lat' dir='ltr'>positae</span> <span class='ocrx_word' id='word_1_214' title='bbox 1203 1647 1358 1682; x_wconf 82' lang='lat' dir='ltr'>animus</span> <span class='ocrx_word' id='word_1_215' title='bbox 1398 1647 1568 1695; x_wconf 81' lang='lat' dir='ltr'>eiusque</span> 
     </span>
     <span class='ocr_line' id='line_1_29' title="bbox 108 1700 1567 1749; baseline 0 -10"><span class='ocrx_word' id='word_1_216' title='bbox 108 1708 242 1739; x_wconf 87' lang='lat' dir='ltr'>motus</span> <span class='ocrx_word' id='word_1_217' title='bbox 277 1706 317 1738; x_wconf 89' lang='lat' dir='ltr'>et</span> <span class='ocrx_word' id='word_1_218' title='bbox 350 1700 596 1749; x_wconf 72' lang='lat' dir='ltr'>cupiditates</span> <span class='ocrx_word' id='word_1_219' title='bbox 629 1702 944 1749; x_wconf 81' lang='lat' dir='ltr'>inflammantur,</span> <span class='ocrx_word' id='word_1_220' title='bbox 977 1714 1054 1738; x_wconf 93' lang='lat' dir='ltr'>non</span> <span class='ocrx_word' id='word_1_221' title='bbox 1089 1703 1164 1739; x_wconf 86' lang='lat' dir='ltr'>uis.</span> <span class='ocrx_word' id='word_1_222' title='bbox 1221 1703 1436 1739; x_wconf 71' lang='lat' dir='ltr'>Sententia</span> <span class='ocrx_word' id='word_1_223' title='bbox 1470 1715 1567 1739; x_wconf 88' lang='lat' dir='ltr'>uero</span> 
     </span>
     <span class='ocr_line' id='line_1_30' title="bbox 108 1755 1568 1809; baseline 0 -13"><span class='ocrx_word' id='word_1_224' title='bbox 108 1759 230 1796; x_wconf 86' lang='lat' dir='ltr'>huius</span> <span class='ocrx_word' id='word_1_225' title='bbox 266 1758 495 1806; x_wconf 82' lang='lat' dir='ltr'>scripturae</span> <span class='ocrx_word' id='word_1_226' title='bbox 526 1758 630 1795; x_wconf 84' lang='lat' dir='ltr'>haee</span> <span class='ocrx_word' id='word_1_227' title='bbox 662 1763 750 1798; x_wconf 79' lang='lat' dir='ltr'>est:</span> <span class='ocrx_word' id='word_1_228' title='bbox 792 1759 823 1795; x_wconf 90' lang='lat' dir='ltr'>si</span> <span class='ocrx_word' id='word_1_229' title='bbox 863 1755 1085 1796; x_wconf 89' lang='lat' dir='ltr'>multitudo</span> <span class='ocrx_word' id='word_1_230' title='bbox 1126 1763 1195 1795; x_wconf 80' lang='lat' dir='ltr'>aut</span> <span class='ocrx_word' id='word_1_231' title='bbox 1231 1760 1356 1808; x_wconf 59' lang='lat' dir='ltr'>ipsius</span> <span class='ocrx_word' id='word_1_232' title='bbox 1395 1757 1568 1809; x_wconf 59' lang='lat' dir='ltr'>inuidia,</span> 
     </span>
     <span class='ocr_line' id='line_1_31' title="bbox 109 1812 1569 1868; baseline 0.001 -16"><span class='ocrx_word' id='word_1_233' title='bbox 109 1821 227 1852; x_wconf 80' lang='lat' dir='ltr'>aucta</span> <span class='ocrx_word' id='word_1_234' title='bbox 261 1817 381 1851; x_wconf 85' lang='lat' dir='ltr'>etiam</span> <span class='ocrx_word' id='word_1_235' title='bbox 415 1825 489 1863; x_wconf 91' lang='lat' dir='ltr'>per</span> <span class='ocrx_word' id='word_1_236' title='bbox 520 1816 720 1864; x_wconf 77' lang='lat' dir='ltr'>tribunos,</span> <span class='ocrx_word' id='word_1_237' title='bbox 755 1822 821 1852; x_wconf 89' lang='lat' dir='ltr'>aut</span> <span class='ocrx_word' id='word_1_238' title='bbox 853 1813 985 1852; x_wconf 87' lang='lat' dir='ltr'>aliena</span> <span class='ocrx_word' id='word_1_239' title='bbox 1018 1817 1056 1852; x_wconf 92' lang='lat' dir='ltr'>ui</span> <span class='ocrx_word' id='word_1_240' title='bbox 1099 1812 1183 1867; x_wconf 85' lang='lat' dir='ltr'>(sc.</span> <span class='ocrx_word' id='word_1_241' title='bbox 1225 1813 1465 1868; x_wconf 74' lang='lat' dir='ltr'>tnibunicin)</span> <span class='ocrx_word' id='word_1_242' title='bbox 1505 1817 1569 1853; x_wconf 92' lang='lat' dir='ltr'>in-</span> 
     </span>
     <span class='ocr_line' id='line_1_32' title="bbox 110 1869 1570 1921; baseline 0 -12"><span class='ocrx_word' id='word_1_243' title='bbox 110 1873 233 1910; x_wconf 84' lang='lat' dir='ltr'>citata</span> <span class='ocrx_word' id='word_1_244' title='bbox 278 1883 352 1908; x_wconf 90' lang='lat' dir='ltr'>nos</span> <span class='ocrx_word' id='word_1_245' title='bbox 394 1869 625 1921; x_wconf 68' lang='lat' dir='ltr'>pepulisset</span> <span class='ocrx_word' id='word_1_246' title='bbox 661 1878 739 1911; x_wconf 84' lang='lat' dir='ltr'>eet.</span> <span class='ocrx_word' id='word_1_247' title='bbox 804 1872 1022 1921; x_wconf 82' lang='lat' dir='ltr'>Utriusque</span> <span class='ocrx_word' id='word_1_248' title='bbox 1074 1873 1199 1921; x_wconf 75' lang='lat' dir='ltr'>igitur</span> <span class='ocrx_word' id='word_1_249' title='bbox 1246 1872 1424 1908; x_wconf 83' lang='lat' dir='ltr'>notionis</span> <span class='ocrx_word' id='word_1_250' title='bbox 1471 1885 1570 1910; x_wconf 87' lang='lat' dir='ltr'>con-</span> 
     </span>
     <span class='ocr_line' id='line_1_33' title="bbox 111 1926 1570 1978; baseline -0.001 -12"><span class='ocrx_word' id='word_1_251' title='bbox 111 1930 236 1966; x_wconf 87' lang='lat' dir='ltr'>traria</span> <span class='ocrx_word' id='word_1_252' title='bbox 270 1928 374 1964; x_wconf 83' lang='lat' dir='ltr'>ratio</span> <span class='ocrx_word' id='word_1_253' title='bbox 408 1932 450 1963; x_wconf 86' lang='lat' dir='ltr'>ut</span> <span class='ocrx_word' id='word_1_254' title='bbox 482 1929 610 1977; x_wconf 60' lang='lat' dir='ltr'>magis</span> <span class='ocrx_word' id='word_1_255' title='bbox 644 1927 845 1977; x_wconf 79' lang='lat' dir='ltr'>eluceret,</span> <span class='ocrx_word' id='word_1_256' title='bbox 878 1928 956 1965; x_wconf 79' lang='lat' dir='ltr'>dici</span> <span class='ocrx_word' id='word_1_257' title='bbox 991 1929 1170 1978; x_wconf 86' lang='lat' dir='ltr'>oportuit</span> <span class='ocrx_word' id='word_1_258' title='bbox 1200 1928 1243 1964; x_wconf 89' lang='lat' dir='ltr'>si</span> <span class='ocrx_word' id='word_1_259' title='bbox 1273 1926 1570 1966; x_wconf 86' lang='lat' dir='ltr'>multitudi-</span> 
     </span>
     <span class='ocr_line' id='line_1_34' title="bbox 111 1982 1573 2036; baseline 0.001 -15"><span class='ocrx_word' id='word_1_260' title='bbox 111 1987 194 2022; x_wconf 88' lang='lat' dir='ltr'>nis</span> <span class='ocrx_word' id='word_1_261' title='bbox 227 1982 462 2032; x_wconf 76' lang='lat' dir='ltr'>inuidia,</span> <span class='ocrx_word' id='word_1_262' title='bbox 507 1997 585 2021; x_wconf 91' lang='lat' dir='ltr'>non</span> <span class='ocrx_word' id='word_1_263' title='bbox 620 1983 986 2022; x_wconf 87' lang='lat' dir='ltr'>multitudinis</span> <span class='ocrx_word' id='word_1_264' title='bbox 1020 1987 1096 2021; x_wconf 86' lang='lat' dir='ltr'>uis</span> <span class='ocrx_word' id='word_1_265' title='bbox 1128 1997 1217 2022; x_wconf 92' lang='lat' dir='ltr'>nos</span> <span class='ocrx_word' id='word_1_266' title='bbox 1249 1982 1573 2036; x_wconf 83' lang='lat' dir='ltr'>pepulisset.</span> 
     </span>
     <span class='ocr_line' id='line_1_35' title="bbox 114 2038 1574 2093; baseline 0.001 -15"><span class='ocrx_word' id='word_1_267' title='bbox 114 2041 321 2078; x_wconf 91' lang='lat' dir='ltr'>lnuidia</span> <span class='ocrx_word' id='word_1_268' title='bbox 348 2038 676 2079; x_wconf 86' lang='lat' dir='ltr'>inflammata</span> <span class='ocrx_word' id='word_1_269' title='bbox 706 2047 819 2079; x_wconf 84' lang='lat' dir='ltr'>recte</span> <span class='ocrx_word' id='word_1_270' title='bbox 849 2040 1000 2077; x_wconf 78' lang='lat' dir='ltr'>dieitur</span> <span class='ocrx_word' id='word_1_271' title='bbox 1027 2041 1180 2078; x_wconf 81' lang='lat' dir='ltr'>inuidia</span> <span class='ocrx_word' id='word_1_272' title='bbox 1200 2041 1478 2079; x_wconf 86' lang='lat' dir='ltr'>multitudinis</span> <span class='ocrx_word' id='word_1_273' title='bbox 1499 2054 1574 2093; x_wconf 84' lang='lat' dir='ltr'>per</span> 
     </span>
     <span class='ocr_line' id='line_1_36' title="bbox 111 2093 1573 2147; baseline 0 -13"><span class='ocrx_word' id='word_1_274' title='bbox 111 2098 299 2134; x_wconf 84' lang='lat' dir='ltr'>tribunos</span> <span class='ocrx_word' id='word_1_275' title='bbox 339 2096 461 2132; x_wconf 88' lang='lat' dir='ltr'>etiam</span> <span class='ocrx_word' id='word_1_276' title='bbox 503 2103 632 2135; x_wconf 88' lang='lat' dir='ltr'>aucta.</span> <span class='ocrx_word' id='word_1_277' title='bbox 698 2097 761 2136; x_wconf 76' lang='lat' dir='ltr'>Cf.</span> <span class='ocrx_word' id='word_1_278' title='bbox 813 2109 914 2146; x_wconf 80' lang='lat' dir='ltr'>quae</span> <span class='ocrx_word' id='word_1_279' title='bbox 962 2096 1041 2133; x_wconf 84' lang='lat' dir='ltr'>dixi</span> <span class='ocrx_word' id='word_1_280' title='bbox 1085 2093 1161 2137; x_wconf 87' lang='lat' dir='ltr'>Ill.</span> <span class='ocrx_word' id='word_1_281' title='bbox 1206 2098 1238 2147; x_wconf 56' lang='grc' dir='ltr'>ὁ.</span> <span class='ocrx_word' id='word_1_282' title='bbox 1279 2098 1348 2137; x_wconf 77' lang='grc'>22.</span> <span class='ocrx_word' id='word_1_283' title='bbox 1425 2097 1573 2135; x_wconf 84' lang='lat' dir='ltr'>Parum</span> 
     </span>
     <span class='ocr_line' id='line_1_37' title="bbox 111 2152 1572 2204; baseline 0 -13"><span class='ocrx_word' id='word_1_284' title='bbox 111 2153 381 2204; x_wconf 82' lang='lat' dir='ltr'>probabiliter</span> <span class='ocrx_word' id='word_1_285' title='bbox 410 2152 534 2202; x_wconf 72' lang='lat' dir='ltr'>igitur</span> <span class='ocrx_word' id='word_1_286' title='bbox 565 2153 711 2191; x_wconf 76' lang='lat' dir='ltr'>Bakius</span> <span class='ocrx_word' id='word_1_287' title='bbox 747 2154 948 2191; x_wconf 84' lang='lat' dir='ltr'>coniecit:</span> <span class='ocrx_word' id='word_1_288' title='bbox 987 2159 1039 2190; x_wconf 91' lang='lat' dir='ltr'>et</span> <span class='ocrx_word' id='word_1_289' title='bbox 1069 2154 1109 2190; x_wconf 90' lang='lat' dir='ltr'>si</span> <span class='ocrx_word' id='word_1_290' title='bbox 1138 2166 1226 2191; x_wconf 88' lang='lat' dir='ltr'>nos</span> <span class='ocrx_word' id='word_1_291' title='bbox 1269 2152 1572 2191; x_wconf 88' lang='lat' dir='ltr'>multitudi-</span> 
     </span>
     <span class='ocr_line' id='line_1_38' title="bbox 112 2207 1572 2261; baseline 0.001 -15"><span class='ocrx_word' id='word_1_292' title='bbox 112 2211 199 2247; x_wconf 87' lang='lat' dir='ltr'>nis</span> <span class='ocrx_word' id='word_1_293' title='bbox 232 2211 312 2248; x_wconf 88' lang='lat' dir='ltr'>uis</span> <span class='ocrx_word' id='word_1_294' title='bbox 353 2207 613 2259; x_wconf 79' lang='lat' dir='ltr'>furentis,</span> <span class='ocrx_word' id='word_1_295' title='bbox 655 2211 696 2247; x_wconf 87' lang='lat' dir='ltr'>si</span> <span class='ocrx_word' id='word_1_296' title='bbox 736 2209 945 2247; x_wconf 81' lang='lat' dir='ltr'>flamma</span> <span class='ocrx_word' id='word_1_297' title='bbox 984 2209 1215 2247; x_wconf 87' lang='lat' dir='ltr'>inuidiae</span> <span class='ocrx_word' id='word_1_298' title='bbox 1253 2208 1572 2261; x_wconf 81' lang='lat' dir='ltr'>pepulisset.</span> 
     </span>
     <span class='ocr_line' id='line_1_39' title="bbox 114 2265 1572 2318; baseline 0.001 -16"><span class='ocrx_word' id='word_1_299' title='bbox 114 2266 216 2302; x_wconf 83' lang='lat' dir='ltr'>Sine</span> <span class='ocrx_word' id='word_1_300' title='bbox 249 2277 371 2302; x_wconf 86' lang='lat' dir='ltr'>causa</span> <span class='ocrx_word' id='word_1_301' title='bbox 401 2266 524 2302; x_wconf 84' lang='lat' dir='ltr'>etiam</span> <span class='ocrx_word' id='word_1_302' title='bbox 558 2266 712 2303; x_wconf 88' lang='lat' dir='ltr'>Lbinus</span> <span class='ocrx_word' id='word_1_303' title='bbox 744 2280 816 2318; x_wconf 92' lang='lat' dir='ltr'>pro</span> <span class='ocrx_word' id='word_1_304' title='bbox 850 2265 1153 2317; x_wconf 88' lang='lat' dir='ltr'>pepulisset</span> <span class='ocrx_word' id='word_1_305' title='bbox 1185 2268 1359 2304; x_wconf 73' lang='lat' dir='ltr'>coniecit</span> <span class='ocrx_word' id='word_1_306' title='bbox 1383 2280 1572 2317; x_wconf 85' lang='lat' dir='ltr'>pereu-</span> 
     </span>
     <span class='ocr_line' id='line_1_40' title="bbox 114 2319 1574 2374; baseline 0.001 -17"><span class='ocrx_word' id='word_1_307' title='bbox 114 2319 306 2370; x_wconf 86' lang='lat' dir='ltr'>lisset,</span> <span class='ocrx_word' id='word_1_308' title='bbox 338 2320 512 2358; x_wconf 87' lang='lat' dir='ltr'>Rathius</span> <span class='ocrx_word' id='word_1_309' title='bbox 545 2323 672 2359; x_wconf 89' lang='lat' dir='ltr'>urbe</span> <span class='ocrx_word' id='word_1_310' title='bbox 704 2321 1029 2373; x_wconf 88' lang='lat' dir='ltr'>pepulisset,</span> <span class='ocrx_word' id='word_1_311' title='bbox 1063 2335 1168 2372; x_wconf 81' lang='lat' dir='ltr'>cum,</span> <span class='ocrx_word' id='word_1_312' title='bbox 1203 2323 1308 2360; x_wconf 87' lang='lat' dir='ltr'>unde</span> <span class='ocrx_word' id='word_1_313' title='bbox 1332 2322 1472 2374; x_wconf 71' lang='lat' dir='ltr'>pulsus</span> <span class='ocrx_word' id='word_1_314' title='bbox 1503 2325 1574 2372; x_wconf 83' lang='lat' dir='ltr'>sit,</span> 
     </span>
     <span class='ocr_line' id='line_1_41' title="bbox 115 2376 1573 2429; baseline 0.001 -14"><span class='ocrx_word' id='word_1_315' title='bbox 115 2376 293 2415; x_wconf 83' lang='lat' dir='ltr'>dubitari</span> <span class='ocrx_word' id='word_1_316' title='bbox 332 2381 522 2425; x_wconf 86' lang='lat' dir='ltr'>nequeat.</span> <span class='ocrx_word' id='word_1_317' title='bbox 575 2377 638 2416; x_wconf 87' lang='lat' dir='ltr'>Cf.</span> <span class='ocrx_word' id='word_1_318' title='bbox 672 2378 759 2415; x_wconf 83' lang='lat' dir='ltr'>Cic.</span> <span class='ocrx_word' id='word_1_319' title='bbox 796 2391 870 2428; x_wconf 90' lang='lat' dir='ltr'>pro</span> <span class='ocrx_word' id='word_1_320' title='bbox 912 2378 1034 2416; x_wconf 78' lang='lat' dir='ltr'>caeo.</span> <span class='ocrx_word' id='word_1_321' title='bbox 1071 2381 1135 2429; x_wconf 85' lang='lat'>11,</span> <span class='ocrx_word' id='word_1_322' title='bbox 1168 2379 1234 2419; x_wconf 88' lang='grc'>31.</span> <span class='ocrx_word' id='word_1_323' title='bbox 1268 2380 1357 2417; x_wconf 87' lang='lat' dir='ltr'>Liu.</span> <span class='ocrx_word' id='word_1_324' title='bbox 1389 2379 1573 2429; x_wconf 72' lang='lat' dir='ltr'>XXMV,</span> 
     </span>
     <span class='ocr_line' id='line_1_42' title="bbox 116 2429 1574 2485; baseline 0.001 -12"><span class='ocrx_word' id='word_1_325' title='bbox 116 2433 184 2474; x_wconf 84' lang='lat'>26.</span> <span class='ocrx_word' id='word_1_326' title='bbox 219 2432 313 2471; x_wconf 88' lang='lat' dir='ltr'>Ual.</span> <span class='ocrx_word' id='word_1_327' title='bbox 344 2432 450 2471; x_wconf 82' lang='lat' dir='ltr'>Max.</span> <span class='ocrx_word' id='word_1_328' title='bbox 487 2429 519 2483; x_wconf 86' lang='lat' dir='ltr'>l,</span> <span class='ocrx_word' id='word_1_329' title='bbox 554 2434 594 2472; x_wconf 75' lang='lat'>7.</span> <span class='ocrx_word' id='word_1_330' title='bbox 627 2440 730 2472; x_wconf 79' lang='lat' dir='ltr'>extr.</span> <span class='ocrx_word' id='word_1_331' title='bbox 791 2431 938 2485; x_wconf 85' lang='lat' dir='ltr'>Inepte</span> <span class='ocrx_word' id='word_1_332' title='bbox 966 2435 1091 2473; x_wconf 86' lang='lat' dir='ltr'>Gzius</span> <span class='ocrx_word' id='word_1_333' title='bbox 1124 2435 1264 2474; x_wconf 86' lang='lat' dir='ltr'>laudat</span> <span class='ocrx_word' id='word_1_334' title='bbox 1287 2435 1370 2475; x_wconf 86' lang='lat' dir='ltr'>Cic.</span> <span class='ocrx_word' id='word_1_335' title='bbox 1392 2434 1442 2473; x_wconf 87' lang='lat' dir='ltr'>ad</span> <span class='ocrx_word' id='word_1_336' title='bbox 1460 2436 1574 2476; x_wconf 80' lang='lat' dir='ltr'>Fam.</span> 
     </span>
     <span class='ocr_line' id='line_1_43' title="bbox 115 2489 1574 2544; baseline 0.001 -16"><span class='ocrx_word' id='word_1_337' title='bbox 115 2490 189 2541; x_wconf 84' lang='lat' dir='ltr'>lv,</span> <span class='ocrx_word' id='word_1_338' title='bbox 226 2489 290 2530; x_wconf 75' lang='lat'>13.</span> <span class='ocrx_word' id='word_1_339' title='bbox 325 2502 620 2540; x_wconf 81' lang='lat' dir='ltr'>quamquam</span> <span class='ocrx_word' id='word_1_340' title='bbox 654 2491 790 2528; x_wconf 91' lang='lat' dir='ltr'>enim</span> <span class='ocrx_word' id='word_1_341' title='bbox 823 2490 963 2529; x_wconf 81' lang='lat' dir='ltr'>nulla</span> <span class='ocrx_word' id='word_1_342' title='bbox 993 2505 1069 2529; x_wconf 87' lang='lat' dir='ltr'>me</span> <span class='ocrx_word' id='word_1_343' title='bbox 1109 2494 1273 2544; x_wconf 89' lang='lat' dir='ltr'>ipsum</span> <span class='ocrx_word' id='word_1_344' title='bbox 1311 2494 1574 2544; x_wconf 75' lang='lat' dir='ltr'>priuatum</span> 
     </span>
     <span class='ocr_line' id='line_1_44' title="bbox 116 2546 1575 2601; baseline 0.001 -16"><span class='ocrx_word' id='word_1_345' title='bbox 116 2546 336 2599; x_wconf 89' lang='lat' dir='ltr'>pepulit</span> <span class='ocrx_word' id='word_1_346' title='bbox 367 2547 602 2597; x_wconf 75' lang='lat' dir='ltr'>insignis</span> <span class='ocrx_word' id='word_1_347' title='bbox 640 2548 858 2597; x_wconf 83' lang='lat' dir='ltr'>iniuria,</span> <span class='ocrx_word' id='word_1_348' title='bbox 904 2548 970 2585; x_wconf 91' lang='lat' dir='ltr'>ubi</span> <span class='ocrx_word' id='word_1_349' title='bbox 1009 2549 1221 2601; x_wconf 87' lang='lat' dir='ltr'>pepulit</span> <span class='ocrx_word' id='word_1_350' title='bbox 1261 2555 1327 2588; x_wconf 88' lang='lat' dir='ltr'>est</span> <span class='ocrx_word' id='word_1_351' title='bbox 1372 2551 1575 2599; x_wconf 80' lang='lat' dir='ltr'>attigit.</span> 
     </span>
     <span class='ocr_line' id='line_1_45' title="bbox 119 2603 1577 2656; baseline 0.001 -14"><span class='ocrx_word' id='word_1_352' title='bbox 119 2603 282 2642; x_wconf 86' lang='lat' dir='ltr'>Deinde</span> <span class='ocrx_word' id='word_1_353' title='bbox 313 2603 405 2640; x_wconf 89' lang='lat' dir='ltr'>Gzii</span> <span class='ocrx_word' id='word_1_354' title='bbox 437 2604 671 2641; x_wconf 84' lang='lat' dir='ltr'>coniectura</span> <span class='ocrx_word' id='word_1_355' title='bbox 703 2604 1106 2656; x_wconf 85' lang='lat' dir='ltr'>tribuniciaque</span> <span class='ocrx_word' id='word_1_356' title='bbox 1138 2607 1241 2656; x_wconf 88' lang='lat' dir='ltr'>uis,</span> <span class='ocrx_word' id='word_1_357' title='bbox 1280 2618 1302 2643; x_wconf 86' lang='lat' dir='ltr'>a</span> <span class='ocrx_word' id='word_1_358' title='bbox 1342 2606 1438 2644; x_wconf 87' lang='lat' dir='ltr'><strong>Sch.</strong></span> <span class='ocrx_word' id='word_1_359' title='bbox 1470 2606 1577 2646; x_wconf 78' lang='lat' dir='ltr'>Mos.</span> 
     </span>
     <span class='ocr_line' id='line_1_46' title="bbox 119 2659 1577 2713; baseline 0.001 -15"><span class='ocrx_word' id='word_1_360' title='bbox 119 2660 194 2698; x_wconf 86' lang='lat' dir='ltr'>Or.</span> <span class='ocrx_word' id='word_1_361' title='bbox 228 2661 399 2711; x_wconf 87' lang='lat' dir='ltr'>probata</span> <span class='ocrx_word' id='word_1_362' title='bbox 433 2659 690 2713; x_wconf 81' lang='lat' dir='ltr'>(superiores</span> <span class='ocrx_word' id='word_1_363' title='bbox 723 2660 905 2698; x_wconf 89' lang='lat' dir='ltr'>Turnebi</span> <span class='ocrx_word' id='word_1_364' title='bbox 948 2665 1222 2700; x_wconf 75' lang='lat' dir='ltr'>coniecturam</span> <span class='ocrx_word' id='word_1_365' title='bbox 1263 2664 1393 2702; x_wconf 84' lang='lat' dir='ltr'>secuti</span> <span class='ocrx_word' id='word_1_366' title='bbox 1431 2661 1577 2700; x_wconf 84' lang='lat' dir='ltr'>edide-</span> 
     </span>
     <span class='ocr_line' id='line_1_47' title="bbox 117 2715 1577 2770; baseline 0.003 -17"><span class='ocrx_word' id='word_1_367' title='bbox 117 2720 216 2754; x_wconf 81' lang='lat' dir='ltr'>rant</span> <span class='ocrx_word' id='word_1_368' title='bbox 246 2718 287 2754; x_wconf 88' lang='lat' dir='ltr'>si</span> <span class='ocrx_word' id='word_1_369' title='bbox 321 2718 575 2755; x_wconf 84' lang='lat' dir='ltr'>tribunus</span> <span class='ocrx_word' id='word_1_370' title='bbox 605 2715 826 2766; x_wconf 85' lang='lat' dir='ltr'>aliquis,</span> <span class='ocrx_word' id='word_1_371' title='bbox 858 2717 1012 2756; x_wconf 77' lang='lat' dir='ltr'>Lbinus</span> <span class='ocrx_word' id='word_1_372' title='bbox 1044 2721 1084 2755; x_wconf 87' lang='lat' dir='ltr'>si</span> <span class='ocrx_word' id='word_1_373' title='bbox 1118 2720 1367 2756; x_wconf 78' lang='lat' dir='ltr'>tribunus</span> <span class='ocrx_word' id='word_1_374' title='bbox 1399 2718 1577 2770; x_wconf 83' lang='lat' dir='ltr'>plebis</span> 
     </span>
     <span class='ocr_line' id='line_1_48' title="bbox 120 2770 1578 2824; baseline 0.002 -14"><span class='ocrx_word' id='word_1_375' title='bbox 120 2774 167 2810; x_wconf 86' lang='lat' dir='ltr'>al</span> <span class='ocrx_word' id='word_1_376' title='bbox 185 2774 194 2809; x_wconf 89' lang='lat' dir='ltr'>i</span> <span class='ocrx_word' id='word_1_377' title='bbox 212 2770 351 2823; x_wconf 89' lang='lat' dir='ltr'>quis)</span> <span class='ocrx_word' id='word_1_378' title='bbox 376 2781 417 2811; x_wconf 86' lang='lat' dir='ltr'>et</span> <span class='ocrx_word' id='word_1_379' title='bbox 441 2773 591 2811; x_wconf 75' lang='lat' dir='ltr'>mendo</span> <span class='ocrx_word' id='word_1_380' title='bbox 616 2772 733 2813; x_wconf 89' lang='lat' dir='ltr'>codd.</span> <span class='ocrx_word' id='word_1_381' title='bbox 757 2773 973 2813; x_wconf 88' lang='lat' dir='ltr'>meliorum</span> <span class='ocrx_word' id='word_1_382' title='bbox 997 2781 1039 2813; x_wconf 87' lang='lat' dir='ltr'>et</span> <span class='ocrx_word' id='word_1_383' title='bbox 1063 2777 1268 2814; x_wconf 84' lang='lat' dir='ltr'>sententia</span> <span class='ocrx_word' id='word_1_384' title='bbox 1292 2777 1578 2824; x_wconf 77' lang='lat' dir='ltr'>confirmatur-3</span> 
     </span>
    </p>
   </div>
   <div class='ocr_carea' id='block_1_5' title="bbox 1334 2847 1357 2867">
    <p class='ocr_par' dir='ltr' id='par_1_6' title="bbox 1334 2847 1357 2867">
     <span class='ocr_line' id='line_1_49' title="bbox 1334 2847 1357 2867; baseline 0 0"><span class='ocrx_word' id='word_1_385' title='bbox 1334 2847 1357 2867; x_wconf 64' lang='grc' dir='ltr'>-Χν</span> 
     </span>
    </p>
   </div>
  </div>
 </body>
</html>
