1781 3192
235 193 323 232 ¹62
800 193 871 234 DE
902 195 1134 237 LEGIBUS

245 315 358 353 riae
399 305 596 346 modum
643 310 1041 347 constituunto:
1083 308 1390 361 popularem
1444 308 1706 351 laetitiam

249 371 402 410 cantu
426 358 473 413 ᾖ)
496 366 573 400 cet.
596 362 868 413 Wytt.=lud.
894 365 1174 415 publ.siue
1199 365 1466 405 curriculo
1492 370 1543 403 et
1564 379 1707 407 exer-

249 423 509 465 citatione
546 432 853 470 corporum,
903 420 1091 461 hocin
1125 426 1284 461 cantu
1324 428 1376 462 et
1414 420 1620 460 fidibus
1660 429 1709 463 et

247 480 403 520 tibiis
432 476 747 526 popularem
779 477 1044 516 laetitiam
1087 480 1399 518 moderante
1444 475 1526 529 (sc.
1568 491 1707 517 sacer-

248 531 407 587 dotes),
438 543 644 582 eamque
677 533 944 571 laetitiam
977 547 1082 573 cum
1115 537 1207 574 diu.
1237 542 1313 574 cet.
1374 534 1543 572 Bakius:
1575 536 1709 585 quod

249 595 365 631 siue
399 600 532 627 eurr.
568 595 619 628 et
648 591 961 628 certatione
993 605 1128 642 corp.
1169 595 1281 630 siue
1314 595 1470 630 cantu
1505 594 1556 627 et
1586 591 1709 630 fidi-

248 651 338 688 bus
369 651 417 685 et
439 645 598 683 tibiis
623 647 738 696 fiat,
765 645 1063 699 popularem
1091 649 1358 687 laetitiam
1383 645 1708 687 moderante.

363 712 555 752 idaeae
587 716 775 752 matris
807 714 1036 753 famulos
1067 718 1096 755 i.
1132 728 1170 754 e.
1203 716 1439 754 sacerdotes
1471 713 1664 764 Cybelae.

362 794 508 820 sacro
542 782 958 821 commendatum
992 784 1018 823 i.
1052 796 1089 822 e.
1129 783 1234 833 quod
1277 785 1316 821 in
1349 783 1503 834 templo
1539 781 1707 838 deposi-

247 843 331 878 tum
372 841 448 875 est.
494 837 559 876 Cf.
593 837 640 877 ll.
685 839 717 889 ᾗ.
757 837 825 880 41.
865 839 958 892 Ulp.
999 841 1090 891 Dig.
1134 836 1177 891 Ι,
1226 839 1287 881 16.
1328 839 1410 891 leg.
1455 840 1545 883 186.
1587 856 1707 894 quem

242 896 344 935 Dau.
376 893 573 932 laudauit.

361 950 476 1003 clep
492 951 613 1002 erit]
675 953 845 992 Retinui
884 952 990 1003 quod
1032 966 1079 991 ex
1119 952 1357 992 melioribus
1399 954 1517 996 codd.
1556 954 1655 994 inde
1686 970 1709 994 a

245 1009 414 1047 Dauisio
466 1007 686 1047 ediderunt
732 1008 974 1060 cleperit.
1043 1012 1292 1061 Quamquam
1344 1013 1549 1049 assentior
1587 1012 1708 1051 Mad-

244 1067 352 1115 uigio
385 1064 437 1103 de
471 1065 561 1104 Fin.
593 1079 633 1117 p.
667 1065 764 1106 747.
797 1068 886 1104 ueri
918 1065 1055 1105 simile
1087 1079 1179 1104 esse
1210 1069 1375 1116 neganti
1399 1066 1565 1106 alterius
1591 1070 1707 1107 uerbi

246 1122 418 1161 formam
471 1124 773 1173 antiquiorem,
826 1121 994 1161 alterius
1039 1125 1313 1162 recentiorem
1363 1138 1382 1162 a
1425 1122 1565 1162 Tullio
1613 1137 1708 1163 esse

245 1182 477 1230 usurpatam
553 1180 691 1230 Itaque
727 1180 855 1229 magis
897 1181 1024 1231 probo
1064 1179 1284 1231 clepsit,
1334 1178 1438 1229 quod
1483 1179 1579 1218 olim
1626 1182 1706 1218 iam

247 1235 363 1274 Man.
400 1239 441 1272 et
469 1234 612 1274 Lamb.
646 1235 736 1286 (hic
768 1236 969 1287 clepsit
1000 1237 1202 1286 rapsitu
1217 1233 1263 1285 e)
1295 1235 1538 1284 ediderunt3
1573 1235 1708 1274 idem-

249 1304 327 1342 que
356 1292 397 1329 in
431 1295 575 1330 uetere
607 1296 819 1342 rogatione
851 1297 916 1330 est
960 1306 1024 1342 ap.
1053 1293 1142 1331 Liu.
1175 1291 1300 1343 Xxu,
1349 1292 1409 1332 10.
1439 1290 1708 1343 clepserit

245 1349 355 1388 Uict.
389 1347 540 1398 Steph.
568 1349 712 1388 Herm.
744 1350 895 1400 Opusc.
929 1345 1010 1388 III.
1040 1362 1079 1400 p.
1115 1345 1205 1388 119.

358 1414 656 1466 parricida,
690 1428 808 1465 quem
840 1415 956 1453 Fest.
989 1428 1024 1453 s.
1056 1428 1098 1453 u.
1132 1417 1329 1466 parrici
1370 1417 1425 1453 ait
1463 1428 1542 1453 non
1572 1412 1706 1454 solum

251 1484 342 1510 eum
376 1483 485 1519 esse,
519 1472 585 1521 qui
618 1476 794 1522 patrem,
826 1471 899 1509 sed
932 1472 998 1521 qui
1029 1469 1351 1523 qualemcunque
1390 1472 1595 1509 hominem
1635 1485 1705 1510 oc-

250 1527 415 1576 ciderit,
447 1525 570 1565 latius
604 1528 724 1565 etiam
757 1532 873 1579 patet
903 1539 993 1565 eum
1026 1529 1280 1579 significans,
1314 1528 1381 1578 qui
1413 1526 1585 1578 quoduis
1611 1541 1705 1566 sce-

247 1583 313 1622 lus
355 1584 612 1621 commiserit
652 1597 732 1622 non
776 1585 910 1622 minus
950 1588 1088 1635 atrox,
1134 1598 1249 1635 quam
1293 1583 1401 1636 quod
1443 1590 1507 1621 est
1545 1589 1703 1635 patrem

246 1638 474 1689 occidisse,
513 1641 605 1678 siue
644 1645 787 1679 contra
817 1653 903 1678 rem
937 1639 1049 1690 publ.
1082 1643 1334 1692 patrauerit,
1378 1641 1466 1678 siue
1506 1640 1703 1679 aduersus

244 1695 702 1746 deorumreligionem.
750 1697 865 1734 Kritz
897 1695 948 1734 ad
968 1696 1070 1736 Sall.
1098 1697 1185 1736 cat.
1214 1695 1285 1747 31,
1316 1696 1355 1738 8.
1388 1696 1457 1746 51,
1490 1696 1555 1736 25.
1599 1697 1703 1735 Geib

243 1765 370 1791 roem.
401 1751 663 1802 Criminalpr.
696 1766 737 1802 p.
772 1751 840 1793 57.

360 1807 628 1858 quocirca]
702 1809 838 1846 Uerba
880 1820 1051 1859 poena
1091 1809 1225 1846 iuris
1266 1807 1455 1845 uiolati
1496 1812 1611 1845 esto
1654 1807 1706 1846 ad

244 1866 305 1903 ius
339 1863 522 1902 diuinum
553 1865 703 1903 referri
733 1866 822 1915 ipsa
854 1865 976 1902 huius
1008 1862 1111 1915 legis
1137 1861 1354 1914 explicatio
1374 1861 1554 1901 declarat
1578 1863 1612 1914 ᾗ.
1635 1861 1704 1904 41.

244 1921 333 1959 Jam
366 1934 456 1959 cum
487 1923 576 1959 iure
608 1920 747 1959 diuino
777 1926 888 1960 terra
918 1921 1095 1959 omnium
1122 1920 1290 1958 deorum
1317 1931 1429 1958 sacra
1453 1921 1505 1957 sit
1530 1917 1704 1970 (§.41.)‚

243 1977 365 2026 hinc,
403 1989 457 2015 ne
499 1979 587 2028 quis
629 1990 768 2028 agrum
814 1981 1054 2026 consecret,
1095 1974 1343 2016 concludere
1381 1979 1532 2027 potest.
1593 1977 1704 2025 Qua-

246 2038 417 2084 propter
446 2034 610 2084 iniuria,
644 2047 739 2072 num
772 2047 913 2072 uerum
948 2037 1059 2071 esset
1086 2033 1338 2084 quocirca
1367 2037 1533 2083 praeter
1555 2032 1703 2084 Steph.

243 2090 358 2128 Man.
390 2090 582 2139 Lbinum,
616 2091 682 2141 qui
715 2092 958 2138 omiserunt,
991 2088 1227 2127 dubitarunt
1260 2087 1345 2125 Dau
1380 2088 1517 2128 Madu,
1551 2095 1705 2140 (progr.

244 2159 286 2196 p.
316 2144 377 2192 4.)
408 2146 581 2195 Bakius3
613 2150 655 2184 et
686 2145 754 2184 hic
785 2145 947 2197 quidem
981 2143 1179 2183 coniecit:
1210 2143 1332 2182 doni
1364 2156 1503 2195 ergo.

355 2224 435 2249 sos
467 2210 520 2249 de
552 2212 628 2249 uiri
663 2211 771 2250 docti
804 2213 845 2249 in
883 2211 1003 2249 Misc.
1046 2212 1220 2249 Obseru.
1252 2211 1319 2260 Ill,
1357 2211 1392 2251 1.
1425 2225 1462 2262 p.
1497 2210 1565 2252 76.
1598 2213 1702 2250 coni.

242 2267 393 2316 Gzius,
433 2267 581 2317 reliqui
623 2272 665 2305 et
700 2268 882 2306 codicum
924 2266 1086 2305 mendis
1124 2274 1166 2306 et
1205 2269 1386 2305 sermoni
1425 2266 1562 2317 legum
1603 2281 1703 2306 con-

242 2325 477 2363 uenienter.
540 2323 681 2362 Prisce
723 2328 856 2362 autem
903 2337 988 2361 sos
1020 2323 1171 2362 dictum
1209 2336 1302 2361 esse
1334 2337 1407 2375 pro
1439 2336 1554 2361 suos
1585 2324 1700 2364 Fest.

241 2393 274 2418 s-
307 2394 343 2419 u.
376 2393 461 2419 sos
494 2379 632 2429 docet,
665 2384 710 2418 ut
741 2394 823 2418 sas
856 2393 928 2431 pro
962 2393 1093 2418 suas.
1164 2381 1352 2419 Dauisius
1393 2393 1538 2429 suos3
1579 2393 1702 2430 supe-

240 2438 373 2475 riores
417 2435 540 2488 hos,
590 2436 697 2486 quod
737 2438 864 2475 miror
902 2434 1107 2488 placuisse
1149 2437 1198 2475 A.
1242 2436 1292 2474 G.
1334 2437 1550 2487 Zumptio,
1589 2436 1701 2476 Man.

239 2492 496 2532 homines.
567 2492 632 2531 Cf.
677 2506 796 2544 quem
837 2493 936 2532 Dau.
975 2491 1158 2531 laudauit
1193 2493 1379 2531 Seruium
1421 2491 1472 2530 ad
1510 2494 1608 2532 Aen.
1649 2491 1700 2541 V,

240 2546 310 2587 47.
345 2548 480 2599 apud
510 2548 773 2588 Romanos
805 2548 1048 2588 defuncti
1080 2553 1338 2602 parentes
1371 2548 1454 2587 dei
1495 2561 1517 2586 a
1554 2546 1699 2585 filiis

239 2606 590 2645 uocabantur.

330 2750 358 2790 ’)
385 2749 671 2794 Praepositionis
699 2751 894 2792 delendae„
935 2762 1042 2795 quam
1074 2752 1209 2796 Wagn.
1245 2760 1384 2794 quoquc
1424 2749 1542 2783 uoluit
1573 2748 1698 2790 deleri,

235 2804 343 2828 causa
371 2796 472 2830 nulla
497 2800 564 2829 est.

1777 1899 1781 1991 i

1776 1995 1781 2043 Ξ

1774 2070 1778 2101 J
