1781 3192
172 171 263 212 559.
747 167 816 205 DE
849 166 1083 205 LEGIBUS

179 284 333 323 dariam
366 282 542 321 reddere
573 278 751 317 solemus
785 276 1006 331 (want-end
1048 280 1120 317 wir
1151 280 1252 317 iiber
1293 278 1366 316 das
1395 279 1645 318 Naturrecht

180 352 330 380 unsere
362 341 540 389 eigenen
572 335 798 373 Gedanken
832 334 1027 386 dal-legen
1059 335 1226 374 miissen
1259 356 1315 363 --
1345 335 1398 376 cf,
1432 348 1535 385 quae
1565 334 1646 374 dixi

181 397 250 436 ΙΙΙ.
280 397 315 446 §.
349 396 386 434 7.
419 392 525 431 adde
559 392 646 431 Cic.
679 391 732 430 de
763 391 844 431 Off.
864 392 895 441 1,
933 392 966 433 1.
999 391 1038 432 2.
1067 392 1129 430 de
1157 393 1316 430 rebus
1339 393 1476 444 ipsis
1498 395 1649 430 utere

183 460 270 491 tuo
303 446 543 502 iudicio)
577 447 696 488 alteri
741 461 790 486 ex
829 461 956 499 aequo
988 450 1239 500 praeposuit.
1303 447 1484 487 Dissolui
1515 452 1651 487 autem

182 520 302 548 unam
335 508 595 545 coniunctam
629 507 840 543 notionem
874 503 1050 559 (unsere
1083 506 1257 556 eigenen
1292 504 1521 543 Gedanken
1553 516 1649 542 aus-

184 559 393 618 driicken)
425 563 466 600 in
499 561 617 613 duas,
650 566 694 600 ut
726 566 895 612 utraque
922 563 1010 614 pari
1042 563 1096 599 sit
1137 561 1364 612 dignitate,
1407 560 1516 600 nihil
1555 561 1652 599 noui

183 621 323 659 habet.
384 619 589 658 peruerse
621 623 663 657 et
694 618 869 656 Lbinus:
910 622 959 656 at
989 618 1050 657 de
1094 619 1211 656 iure
1249 622 1467 656 naturae
1510 618 1652 668 cogi-

183 678 405 717 tabimus
437 688 525 726 per
556 688 675 726 nos,
718 687 847 725 quae
888 674 1076 714 dicere
1115 674 1404 713 debeamus
1447 677 1490 712 et
1525 674 1654 712 Daui-

185 735 295 772 sius:
327 737 380 770 at
410 731 471 769 de
504 733 616 770 iure
644 736 863 770 naturae
893 733 1136 782 cogitare
1160 744 1253 781 per
1275 743 1368 768 nos
1394 735 1490 780 est,
1523 741 1654 781 quae

185 790 373 828 dicere
406 788 699 827 debeamus.
762 787 996 826 Naturae
1029 786 1269 826 uocabulum
1303 789 1393 825 sine
1423 799 1544 826 causa
1586 799 1656 825 su-

188 850 375 900 spectum
408 844 487 884 fuit
516 845 712 885 Ernestio
740 845 781 882 in
814 843 927 884 Clau.
962 844 1045 886 cic.
1079 857 1111 884 s,
1146 858 1182 885 ιι,
1215 845 1275 883 Ju
1290 845 1425 882 nius.
