1781 3192
243 194 305 233 86
810 198 881 237 DF:
911 199 1144 240 LEGIBUS

245 305 437 347 dicuntur
467 307 667 362 (Tagend
699 308 780 347 und
814 309 997 365 Laster).
1057 313 1274 351 Ernestius
1304 317 1439 352 autem
1470 316 1573 354 haec
1603 330 1701 355 con-

243 365 366 402 iecit:
399 366 670 415 probatur.
731 366 832 404 Nos
864 368 1074 418 ingenia
1104 371 1346 407 iuuenum
1372 369 1429 407 ad
1458 373 1699 421 ingenim

244 433 345 458 non
378 421 499 458 item
532 426 717 459 natura
749 424 979 462 uirtutes
1021 431 1069 462 et
1109 426 1260 474 uitia,
1303 439 1432 476 quae
1469 429 1702 466 existunt

243 478 299 514 ab
331 477 594 527 ingeniiS,
626 478 1036 518 iudicabuntur?
1069 495 1127 519 an
1162 494 1218 519 ea
1249 495 1347 519 non
1381 481 1572 521 aliter?
1615 484 1700 522 ho-

241 537 396 570 nesta
428 539 506 571 cet.
567 534 817 573 Lambinus:
848 537 1111 587 probatur.
1181 538 1284 575 Nos
1318 539 1529 588 ingenia
1559 541 1700 578 iuue-

240 601 353 626 num
390 602 489 627 non
531 591 806 641 opinione,
851 592 942 630 sed
982 599 1169 631 natura
1213 594 1532 634 indicamus.
1603 595 1702 633 Cur

242 658 341 683 non
380 646 510 684 item
552 648 606 684 ab
656 648 901 697 ingenita
947 654 1130 688 natura
1179 651 1409 688 uirtutes
1458 657 1509 689 et
1554 652 1699 700 uitia,

242 714 366 753 quae
408 704 650 741 existunt
688 706 744 741 ab
786 706 1044 756 ingeniis,
1087 704 1474 744 iudicabimus?
1523 709 1589 745 An
1642 719 1700 745 ea

239 758 425 808 aliter,
459 773 596 810 quam
630 760 858 798 honesta
896 767 976 800 cet.
1050 763 1107 800 De
1146 763 1305 800 Pearcii
1345 764 1450 801 coni.
1495 762 1698 802 Lallem.:

238 816 508 867 probatur.
578 817 679 853 Nos
718 818 933 867 ingenia
975 819 1220 856 iuuenum
1270 824 1457 856 natura
1502 819 1700 857 iudica-

239 884 502 919 mus;.non
534 874 660 910 item
693 875 923 911 uirtutes
957 879 1005 912 et
1037 877 1178 925 uitia,
1213 888 1335 925 quae
1368 877 1611 914 existunt
1643 877 1698 912 ab

237 930 503 978 ingeniis,
539 928 942 979 iudicabuntur3
985 944 1044 969 an
1083 945 1140 969 ea
1169 945 1268 969 non
1301 928 1499 969 aliter?
1542 932 1700 970 hone—

239 989 319 1023 sta
351 991 431 1023 cet.
467 990 509 1037 et
540 986 598 1023 sic
628 986 718 1023 fere
742 986 941 1037 Orellius,
974 989 1052 1025 nisi
1078 988 1185 1038 quod
1207 991 1380 1039 primum
1405 988 1456 1026 de
1480 988 1699 1026 Goerenzii

238 1041 345 1080 coni.
388 1043 556 1093 scripsit
593 1044 929 1093 probabitur,
971 1044 1125 1082 deinde
1163 1058 1254 1082 cum
1287 1043 1427 1082 Madu.
1468 1046 1509 1082 in
1542 1044 1700 1082 Emen-

240 1098 343 1135 datt.
366 1111 416 1149 .p.
451 1098 521 1138 23.
554 1099 720 1137 inuerso
753 1100 897 1138 ordine
925 1100 1226 1139 iudicamus
1258 1107 1470 1150 natura,
1521 1100 1698 1151 denique

238 1168 328 1192 cum
375 1155 607 1193 Goerenzio
654 1168 712 1192 an
762 1168 817 1194 ea
866 1155 1044 1195 aliter.
1122 1157 1374 1207 Wagner-us:
1423 1157 1695 1207 probatur.

236 1211 343 1249 Nos
374 1212 591 1261 ingenia
622 1212 867 1250 iuuenum
901 1225 1072 1250 nonne
1104 1215 1435 1251 confitemur
1466 1213 1523 1249 ab
1555 1213 1699 1261 inge-

237 1269 343 1306 nita
380 1273 601 1305 naturae
642 1269 692 1306 ui
732 1266 880 1306 esse?
930 1269 1179 1307 Uirtutes
1222 1274 1388 1307 autem
1441 1273 1494 1306 et
1543 1268 1696 1316 uitia,

238 1336 371 1375 quae
403 1326 639 1361 existunt
669 1326 722 1362 ab
756 1326 1009 1374 ingeniis,
1042 1325 1492 1364 iudicabunturne
1521 1336 1575 1361 ea
1607 1322 1697 1360 ali-

235 1378 352 1419 ter?
383 1380 609 1418 honesta
641 1382 809 1430 igitur
839 1385 889 1417 et
920 1383 1093 1432 turpia
1126 1382 1184 1419 ad
1217 1386 1455 1420 naturam
1494 1379 1696 1417 referri

234 1448 454 1475 necesse
494 1437 613 1473 erit.
684 1437 953 1474 Schuetzius:
993 1439 1263 1488 probatur.
1336 1438 1440 1475 Nos
1479 1436 1697 1486 ingenia

233 1495 478 1531 iuuenum
510 1496 724 1541 natura,
757 1494 995 1531 uirtutes
1028 1499 1079 1531 et
1111 1495 1269 1544 uitia,
1303 1494 1699 1544 quaeexistunt

235 1551 290 1588 ab
321 1550 580 1598 ingeniis,
611 1548 773 1587 aliter
802 1549 1215 1589 iudicabuntur?
1248 1552 1327 1589 sin
1364 1562 1420 1587 ea
1460 1561 1559 1586 non
1599 1547 1696 1586 ali-

233 1612 342 1656 ter,
384 1605 608 1643 honesta
649 1610 728 1645 cet.
800 1606 1078 1657 Goerenzius,
1121 1609 1233 1646 cuius
1269 1608 1472 1645 rationem
1508 1606 1699 1657 probauit

233 1664 442 1712 Mosen-us,
473 1661 687 1700 meliorum
730 1662 1067 1714 deteriorumque
1107 1665 1227 1702 codd.
1269 1664 1483 1714 scripturis
1524 1659 1697 1711 conglu-

232 1720 748 1770 tinatis2p1·obabitur.
795 1713 1696 1770 Nosingeniaiuuenumnonitem?

234 1784 286 1816 at
323 1776 532 1826 ingenia
572 1781 779 1825 natura,
824 1778 1059 1814 uirtutes
1102 1782 1151 1814 et
1190 1777 1349 1825 uitia,
1391 1788 1518 1825 quae
1560 1774 1695 1810 exsi-

233 1837 381 1871 stunt
432 1833 489 1869 ab
534 1834 794 1882 ingeniiS,
847 1831 1008 1871 aliter
1052 1828 1471 1871 indicabuntur?
1521 1829 1592 1867 An
1640 1840 1697 1866 ea

234 1888 425 1937 aliter,
468 1901 610 1939 quam
649 1889 874 1927 honesta
914 1895 962 1927 et
992 1891 1193 1940 turpia,
1235 1901 1335 1926 non
1367 1888 1426 1925 ad
1454 1891 1694 1924 naturam

232 1946 432 1984 referri
464 1958 692 1983 necesse
731 1943 869 1984 erit?
913 1946 1115 1984 Rathius:
1155 1947 1258 1984 Nos
1300 1945 1517 1995 ingenia
1558 1944 1696 1980 iuue-

232 2015 339 2041 num
372 2015 467 2040 non
501 2001 681 2039 eadem
714 2000 956 2040 ratione?
988 2008 1038 2040 at
1062 2004 1275 2053 ingenia
1298 2006 1495 2049 natura,
1526 2000 1694 2037 uirtu-

232 2065 312 2097 tes
354 2063 402 2096 et
443 2059 602 2107 uitia,
641 2072 768 2109 quae
807 2060 1085 2097 exsistunt
1124 2061 1182 2098 ab
1226 2058 1483 2108 ingeniis,
1532 2054 1695 2092 aliter

231 2112 561 2153 iudicamus?
591 2127 645 2152 an
680 2128 735 2152 ea
766 2114 959 2164 aliter,
993 2128 1133 2166 qnam
1166 2115 1388 2153 honesta
1416 2117 1466 2150 et
1489 2106 1691 2162 turpia?

233 2173 344 2209 Non
386 2170 443 2207 ad
482 2175 720 2207 naturam
765 2171 965 2208 referri
1004 2184 1228 2209 necesse
1275 2166 1412 2208 erit?
1451 2169 1691 2219 Zumptius:

231 2229 335 2266 Nos
369 2228 579 2276 ingenia
611 2226 906 2264 iudicamus
938 2232 1137 2264 natura.
1198 2229 1306 2265 Non
1339 2227 1492 2274 item,
1537 2228 1588 2262 ut
1617 2225 1692 2261 in-

233 2285 410 2335 genia,
444 2289 632 2320 natura
666 2284 903 2320 uirtutes
935 2288 989 2321 et
1020 2285 1180 2333 uitia,
1213 2296 1337 2334 quae
1371 2283 1610 2337 existunt
1637 2280 1693 2316 ab

232 2341 492 2389 ingeniis,
525 2337 944 2377 iudicabuntur?
985 2342 1058 2378 An
1093 2353 1168 2389 ea,
1209 2353 1306 2377 non
1348 2336 1516 2376 aliter
1548 2348 1694 2387 quam

232 2399 457 2435 honesta
504 2400 556 2433 et
596 2398 797 2446 turpia,
841 2396 901 2433 ad
939 2402 1172 2434 naturam
1223 2395 1426 2433 referri
1466 2403 1694 2431 necesse

233 2451 364 2491 erit?
396 2452 546 2490 Bakius
586 2452 763 2502 deniquo
809 2454 970 2490 omissis
1002 2455 1140 2491 uerbis
1179 2466 1272 2491 nos
1309 2451 1515 2501 ingenia
1545 2451 1692 2486 iuue-

233 2523 345 2547 num
378 2510 480 2547 haec
512 2510 715 2546 tentauit:
745 2511 1064 2560 probabitur.
1124 2510 1192 2548 An
1234 2508 1454 2558 ingenia
1484 2510 1689 2551 natura,

231 2579 331 2604 non
362 2567 488 2603 item
521 2566 752 2603 uirtutes
793 2572 844 2603 et
881 2567 1039 2616 uitia,
1081 2578 1210 2616 quae
1249 2566 1490 2603 existunt
1529 2562 1582 2597 in
1619 2560 1692 2596 in-

231 2622 434 2674 geniiS,
462 2619 879 2660 iudicabuntur?
921 2635 977 2660 an
1011 2635 1068 2661 ea
1097 2636 1194 2660 non
1237 2621 1424 2668 aliter,
1468 2617 1693 2655 honesta

232 2684 287 2718 et
316 2680 494 2730 turpia
525 2692 621 2716 non
656 2678 714 2716 ad
747 2683 978 2717 naturam
1011 2680 1203 2718 referri
1234 2686 1458 2715 necesse
1491 2669 1627 2710 erit?

346 2735 477 2786 quod
507 2734 786 2773 laudabile.
824 2735 1029 2786 bonum]
1091 2736 1235 2774 Cicero
1274 2733 1383 2771 idem
1426 2730 1620 2779 (honesta
1653 2733 1697 2766 et

233 2793 367 2844 turpia
399 2792 440 2829 in
473 2796 615 2831 natura
642 2805 737 2831 csse
767 2790 924 2846 posita)
956 2792 1035 2830 alio
1076 2790 1249 2843 quodam
1294 2789 1414 2827 modo
1453 2787 1694 2838 comproba-
