1781 3192
476 164 633 202 ruffin
666 164 927 203 TERTIUS.
978 166 1079 203 Car.
1114 163 1199 202 Mt.
1487 161 1573 199 501

114 279 248 328 deque
288 276 327 314 ld
360 278 603 315 beneficium
644 274 784 327 populi
828 289 930 314 rom.
971 289 992 313 a
1024 276 1108 315 Cic.
1147 277 1186 313 in
1228 273 1348 313 Verr.
1391 271 1467 322 lv,
1509 271 1575 312 11.

113 335 183 375 ⁶25.
225 333 422 385 appellari
463 333 573 373 (licit.
636 335 765 371 Antea
805 338 1017 370 senatores
1055 331 1136 383 legi
1177 343 1270 370 esse
1311 327 1456 369 solitos
1501 340 1576 380 per

120 404 314 429 censores
346 392 445 428 satis
475 393 650 427 constat.

229 447 373 496 uitii]
438 447 588 483 Uitium
643 446 720 483 hoc
767 443 867 482 dicit
918 443 1210 495 descriptionis
1258 444 1318 480 rei
1368 439 1574 493 publicae,

115 505 208 554 quia
236 503 375 554 populi
408 509 592 554 potestas
627 504 704 539 isto
737 501 855 538 modo
890 502 1059 538 mirilice
1093 502 1230 551 augeri
1265 500 1442 536 uidetur.

229 559 260 609 Q.
295 560 362 598 225.
425 561 534 595 eius
569 559 788 596 decreta
817 566 930 594 rata
963 558 1137 607 sunto]
1199 556 1401 604 llaclege
1435 566 1578 590 omnes

117 619 160 653 et
190 616 336 666 priuati
370 620 411 651 et
454 617 715 665 magistratus
758 622 799 652 et
840 615 929 664 ipse
969 614 1143 665 populus
1187 618 1353 650 senatus
1398 610 1578 648 decretis

116 672 250 710 teneri
283 672 469 720 iubetur3
504 684 627 721 saepe
661 672 767 709 enim
806 670 1006 708 accidisse
1040 675 1215 718 constat,
1251 675 1293 706 ut
1316 667 1432 719 plebs
1459 679 1578 703 sena-

118 734 183 767 tus
205 729 487 766 auctoritatem
512 729 548 764 in
571 727 728 777 legibus
753 726 977 764 sciscendis
999 726 1245 777 negligeret.
1300 723 1410 763 Male
1433 722 1576 759 nakius

119 787 239 823 etiam
280 784 357 821 hoc
397 784 471 821 hac
510 782 603 834 lege
644 784 771 820 uetari
823 783 1043 832 iudicauit,
1093 796 1144 820 ne
1196 786 1364 819 senatus
1411 780 1579 817 decreta

119 840 202 880 ulla
234 842 532 878 intercessione
565 842 679 878 irrita
715 841 877 879 tierent.
941 836 1287 877 Intercessionem
1328 850 1407 875 non
1451 835 1580 873 uetari

119 897 344 936 ostendunt
390 909 436 934 ea
461 925 473 947 ,
522 909 624 947 quae
666 898 705 934 in
734 898 838 947 ·ipsa
877 895 971 946 lege
1011 896 1045 946 Q.
1086 896 1148 935 10.
1191 894 1329 933 addita
1371 898 1489 931 sunt:
1531 896 1582 928 at

118 959 361 1006 potestas
394 955 783 1005 —perscripta
816 958 1084 992 seruante.
1145 954 1230 1002 Qua
1263 950 1369 988 sacta
1398 963 1476 987 non
1504 949 1580 986 iam

120 1011 303 1058 decreta,
335 1009 407 1047 sed
443 1011 707 1060 auctoritates
743 1014 875 1059 erant,
909 1022 1011 1058 quae
1043 1014 1155 1047 ratae
1190 1021 1269 1045 non
1302 1011 1434 1044 erant.

235 1064 506 1118 praeclara
554 1078 674 1103 uero
720 1065 822 1114 cet.]
895 1063 1089 1102 Uoculam
1137 1069 1238 1114 est,
1285 1076 1402 1114 quam
1452 1061 1582 1098 Turn.

120 1129 214 1176 post
244 1123 329 1160 lex
361 1136 409 1160 ex
445 1122 566 1160 codd.
600 1134 645 1159 se
677 1123 889 1172 recepisse
929 1122 985 1157 ait
1024 1133 1223 1170 quamque
1263 1134 1285 1157 a
1319 1120 1447 1156 Lbino
1487 1115 1584 1155 inde

121 1181 268 1231 reliqui
304 1183 614 1229 expresserunt,
656 1190 742 1213 cum
786 1177 908 1213 Baldo
951 1176 1101 1227 expuli.
1165 1177 1252 1213 Non
1296 1188 1398 1226 opus
1437 1178 1501 1211 est
1539 1184 1585 1209 ea

120 1239 161 1274 in
191 1237 266 1273 hac
296 1235 609 1272 asseueratione
643 1238 686 1271 et
716 1233 1005 1282 admiratione,
1036 1234 1279 1284 praesertim
1314 1230 1453 1269 addita
1485 1242 1584 1267 con-

122 1290 312 1331 firmandi
345 1296 452 1341 part.
485 1302 626 1328 uero„

236 1346 325 1387 sed
357 1351 405 1384 et
435 1346 545 1385 late
576 1349 726 1397 patet
758 1345 861 1396 cet.]
924 1344 1064 1383 Mendi
1105 1345 1212 1395 quod
1252 1346 1293 1382 in
1336 1342 1427 1382 cod.
1471 1341 1584 1379 arch.

123 1406 203 1443 fuit
244 1402 332 1440 sed
375 1407 425 1440 et
462 1402 661 1440 laterat
705 1406 754 1439 et
791 1407 842 1439 ut
888 1415 1013 1452 praua
1053 1407 1116 1439 est
1153 1403 1253 1439 haec
1297 1400 1497 1439 correctio
1545 1400 1584 1435 in

125 1459 241 1498 codd.
279 1458 409 1496 deth:
453 1458 547 1496 sed
578 1457 750 1495 altera
784 1463 834 1495 ut
867 1465 941 1508 et,
973 1472 1116 1508 quam,
1149 1472 1236 1496 cum
1269 1456 1460 1495 similiter
1492 1461 1587 1491 ante

124 1517 233 1554 Uict.
274 1520 315 1552 et
345 1515 491 1566 Steph.
535 1513 628 1553 scd
660 1518 710 1551 et
741 1513 934 1564 altera,
969 1520 1023 1552 ut
1054 1521 1103 1552 et
1135 1516 1425 1566 scripsissent,
1460 1512 1586 1548 Gzius

123 1573 324 1626 probauit.
387 1571 600 1609 Ueriorem
645 1573 944 1609 correctionem
975 1585 995 1609 a
1027 1571 1222 1609 Turnebo
1256 1573 1314 1610 sic
1356 1569 1587 1608 inchoatam

126 1627 241 1681 [sed]
276 1633 327 1665 et
356 1626 464 1666 late
496 1632 667 1679 patet,
702 1633 755 1665 ut
788 1626 982 1680 (eandem
1015 1628 1154 1668 Lamb.
1180 1628 1279 1665 Ern.
1312 1628 1454 1677 Wagn.
1481 1625 1587 1662 Mos.

125 1681 374 1738 tenuerunt)
417 1686 582 1735 egregie
624 1685 729 1721 Man.
762 1697 838 1736 ope
870 1684 1052 1722 codicum
1089 1687 1141 1722 ita
1173 1684 1372 1733 absoluit,
1414 1689 1457 1720 ut
1494 1686 1588 1718 ten-

126 1747 212 1781 tata
251 1743 329 1778 iam
373 1747 437 1778 est
476 1743 514 1778 in
556 1740 678 1778 codd.
711 1741 745 1794 β
779 1747 818 1778 et
849 1753 904 1792 y:
946 1741 1034 1779 sed
1074 1746 1125 1778 et
1154 1739 1263 1778 late
1296 1745 1469 1792 patet,
1512 1743 1587 1783 ut3

126 1810 295 1848 eamque
344 1798 490 1834 merito
530 1810 698 1834 assensu
740 1797 919 1835 Orellius
967 1799 1261 1850 comprohauit.
1332 1794 1588 1835 Praeclaram

124 1857 248 1906 igitur
280 1854 454 1902 Quintus
488 1860 612 1891 totam
649 1853 757 1891 illam
794 1854 924 1903 legem
959 1854 1082 1904 dicit,
1126 1854 1201 1892 sed
1232 1855 1407 1905 priorem
1451 1858 1587 1889 tamen

127 1915 214 1950 eius
247 1916 405 1962 partem
439 1909 650 1948 latioribus
683 1911 829 1948 finibus
863 1912 1063 1948 contineri
1105 1910 1227 1963 (sehr
1266 1909 1482 1960 allgemein
1516 1919 1590 1957 ge-

125 1969 265 2007 halten
298 1965 383 2020 sei)
425 1980 553 2017 eoque
585 1980 795 2005 censorem
828 1968 1097 2018 interpretem
1133 1980 1329 2018 quaerere
1357 1966 1480 2014 dicit,
1523 1963 1590 2014 qui

127 2027 302 2074 ubique,
353 2036 446 2061 num
492 2024 588 2061 uitio
632 2025 718 2073 quis
759 2029 991 2061 senatorum
1030 2025 1262 2074 inquinatus
1300 2025 1376 2072 sit,
1422 2021 1588 2060 indicet.

126 2083 214 2120 Non
257 2088 371 2118 recte
410 2081 508 2117 mihi
551 2079 716 2117 uidetur
753 2079 938 2118 Halmius
981 2082 1020 2117 in
1060 2081 1169 2118 Phil.
1211 2094 1247 2131 p.
1287 2080 1378 2120 178.
1425 2083 1591 2130 praeter

127 2139 383 2177 uerissimam
418 2137 588 2174 Manutii
619 2138 917 2174 correctionem
952 2138 1074 2174 etiam
1107 2136 1297 2174 mendum
1333 2136 1450 2174 codd.
1483 2133 1588 2170 dett.

128 2193 294 2233 altera
326 2195 515 2244 probare,
546 2194 639 2243 quia
670 2206 778 2230 nunc
809 2193 861 2231 de
893 2192 1020 2230 altera
1052 2192 1156 2244 legis
1189 2198 1321 2244 parte,
1355 2192 1405 2230 de
1437 2189 1588 2229 altera:

130 2251 332 2287 ceteris
383 2250 652 2299 specimen
707 2255 818 2287 esto
869 2249 1030 2286 demum
1073 2251 1103 2300 Q.
1142 2250 1207 2289 30.
1245 2249 1438 2287 disserat.
1507 2247 1588 2284 Le(

128 2310 194 2342 est
228 2317 304 2342 una
345 2304 563 2354 quaedam3
613 2305 662 2343 ad
703 2306 808 2342 hanc
854 2307 977 2355 igitur
1016 2305 1190 2343 altera
1232 2307 1377 2343 referri
1417 2314 1589 2342 necesse

129 2367 264 2410 esset,
307 2359 356 2397 ad
398 2368 618 2412 partem,
661 2375 762 2412 quae
803 2363 1008 2401 nominata
1048 2375 1128 2400 non
1168 2368 1256 2411 est,
1304 2362 1449 2399 referri
1491 2372 1587 2411 pro·
1637 2396 1643 2401 ,

127 2419 236 2456 fecto
271 2430 351 2454 non
386 2421 534 2468 potest.
597 2418 681 2455 Nec
713 2430 809 2455 uero
842 2431 941 2469 opus
973 2423 1038 2455 est
1069 2425 1264 2469 partem
1304 2420 1473 2469 insuper
1521 2418 1584 2453 in-

130 2475 282 2523 dicari,
323 2487 411 2510 cum
455 2476 542 2524 ipsa
582 2473 686 2523 legis
732 2487 849 2524 pars,
902 2488 1022 2524 quam
1064 2477 1239 2524 Quintus
1289 2471 1587 2526 quodammodo

128 2530 400 2583 reprehendit
458 2529 663 2582 (alteram
710 2530 812 2568 nihil
864 2529 1040 2584 curat),
1089 2534 1286 2570 recitetur
1330 2530 1407 2580 (ut
1453 2530 1588 2568 uitio

131 2594 308 2626 careat
339 2586 507 2639 ordo).
575 2588 737 2625 Marcus
779 2589 891 2638 ipse,
930 2601 1022 2625 cum
1059 2590 1235 2639 priorem
1278 2587 1380 2639 legis
1428 2591 1586 2639 partem

131 2646 283 2694 Quinto
325 2650 490 2682 auctore
528 2643 764 2693 singillatim
810 2644 1100 2695 explicuisset,
1137 2645 1307 2683 alteram
1334 2644 1489 2683 deinde
1519 2655 1587 2680 se-

132 2702 304 2753 paratim
350 2702 657 2753 interpretatur.
737 2701 976 2739 Temeraria
1023 2707 1087 2739 est
1134 2702 1288 2740 Dauisii
1334 2702 1588 2740 coniectura:

132 2756 415 2810 praeclara
449 2771 594 2808 uero,
626 2758 820 2810 frater,
859 2759 961 2796 ista
999 2756 1078 2797 lex
1118 2759 1161 2797 si
1202 2771 1331 2811 qnae
1370 2757 1498 2809 alia,
1537 2759 1589 2793 ut
