1781 3192
353 191 509 229 mmm
544 188 843 228 SECUNDUS.
894 188 992 227 CM».
1031 187 1191 227 XXVI!-
1414 186 1502 224 247

42 305 131 345 Diu
167 304 216 353 n,
250 303 318 343 60.
357 303 432 342 125
483 315 572 339 nec
607 301 806 338 trustra
840 306 928 338 aut
968 302 1083 338 sine
1123 311 1275 338 causa
1314 297 1501 337 saon-e

42 359 166 413 quid
198 360 405 410 (lignum
446 360 540 396 deo
573 362 668 395 est.
710 356 763 394 de
791 358 884 394 hin.
923 358 977 406 V,
1024 359 1086 396 12.
1125 356 1191 396 35.
1232 354 1279 393 ad
1323 356 1404 395 Att
1452 357 1500 403 V,

46 419 108 459 11.
143 417 183 457 5·
217 416 267 454 de
299 416 378 454 Off.
405 411 482 464 ΙΙΙ,
507 414 547 455 6.
571 415 640 454 30.
705 414 794 451 lloc
817 419 950 451 autem
976 413 1064 451 loco
1090 427 1167 451 non
1192 411 1358 463 ahquid
1388 415 1501 463 quie-

46 473 141 525 quid
173 474 243 520 sit,
279 472 353 509 sed
384 443 487 509 nihil
519 484 641 522 super
672 474 808 508 terrae
841 470 1036 508 tunulum
1064 470 1214 507 ‹lic-itur
1237 470 1469 507 statuendu
1476 484 1498 508 n

45 543 162 578 ense,
206 533 250 566 ut
288 529 464 577 negandi
505 529 564 565 uis
608 527 673 565 uel
713 526 760 563 ad
807 540 1033 578 pronomen
1065 529 1286 578 pertineat.
1347 526 1500 564 Merito

43 588 167 638 igitur
209 583 349 622 Madu.
391 584 442 622 de
483 584 575 622 Fin.
615 596 655 634 p.
696 581 793 622 471.
844 590 887 621 et
927 583 1072 621 Bakius
1121 585 1342 634 probarunt
1383 583 1499 621 Lhini

40 643 320 681 coniecturam
354 642 506 691 quicq
523 653 629 677 uam
706 640 765 676 Ex
798 641 911 677 einins
945 647 1054 689 nota,
1087 641 1330 690 praesertim
1351 641 1500 676 maius-

39 696 143 735 culis
174 695 327 734 litteris
359 698 528 748 scripta,
561 709 639 733 non
674 696 856 733 difficilis
890 696 1029 734 mendi
1063 696 1197 746 quod
1230 699 1343 732 ortus
1377 695 1468 733 suit.

153 766 365 790 mensas
420 751 608 804 sepulcro
660 754 873 803 impositas
921 766 1075 790 ararum
1128 752 1329 803 quoddam
1371 765 1501 801 genus

40 809 169 847 fuisse
201 810 404 847 conii‹ere
436 808 535 846 licet
565 822 612 846 ex
644 808 771 846 Festo
804 822 837 847 s.
874 823 913 847 u.
945 821 1121 846 mensa
1156 822 1194 859 p.
1227 806 1298 848 173
1330 814 1371 846 et
1406 808 1500 847 171.

38 864 304 903 Labellum
340 879 408 903 uas
437 864 600 916 planum
633 878 677 902 ac
709 865 891 916 patulum
926 879 947 903 a
985 864 1254 903 similitudine
1293 862 1498 903 labrorum

36 922 303 959 humanorum
337 921 502 961 dictum
539 921 669 971 wytt.

152 977 267 1015 huic
288 977 672 1028 procurationi]
726 977 812 1015 Non
839 990 984 1015 nouum
1012 982 1077 1014 aut
1099 975 1343 1028 peculiarem
1368 978 1499 1028 magi-

36 1037 207 1072 stratum
240 1034 333 1071 huic
366 1035 638 1085 procurationi
671 1035 944 1084 praefecerat,
978 1034 1067 1083 sed,
1102 1040 1145 1071 ut
1178 1034 1354 1083 uidetur,
1394 1034 1500 1073 hauc

37 1103 175 1128 curam
206 1090 472 1127 mandauerat
497 1091 738 1139 astynomis.
801 1090 1042 1126 Demochari
1068 1095 1181 1126 certe
1213 1090 1393 1128 officium
1417 1104 1497 1128 non

35 1146 114 1183 nisi
147 1145 197 1183 ad
230 1159 297 1183 eas
330 1159 470 1183 causas
503 1146 752 1195 pertinuisse
783 1144 961 1193 uidetur,
995 1158 1097 1195 quae
1127 1152 1501 1184 commemorantur

35 1201 141 1254 apud
172 1203 287 1239 Dem.
320 1202 412 1240 adu.
446 1201 616 1238 Macart.
649 1213 692 1251 p.
729 1198 849 1239 1069.
884 1200 979 1240 Bak.

145 1266 394 1313 ΧΧΨἸῙ.
466 1266 499 1318 §-
533 1266 599 1307 67.
672 1266 968 1318 uideamus]
1038 1267 1303 1306 Temen-ariae
1344 1269 1498 1307 Dauisii

35 1323 346 1373 (audiamus)
381 1328 422 1361 et
454 1324 591 1362 Rathii
626 1323 913 1369 (ueniamus
959 1322 1020 1362 ad
1062 1323 1339 1363 Platonem
1377 1339 1498 1376 quo-

33 1384 147 1432 que)
179 1380 442 1418 coniecturae
473 1381 572 1417 satis
600 1380 791 1432 explosae
825 1385 935 1418 sunt.
997 1379 1130 1417 Locus
1154 1377 1338 1418 Platonis
1362 1386 1426 1418 est
1457 1384 1495 1419 in

34 1438 162 1487 Legg.
199 1435 287 1484 xil,
321 1450 357 1474 c.
390 1434 429 1475 9.
462 1448 502 1486 p.
535 1434 632 1475 958.

147 1503 475 1553 interpretes
500 1501 832 1552 religionum]
901 1485 1193 1551 'Eiqyryrctg
1228 1516 1298 1541 eos
1322 1503 1495 1542 Athenis

35 1572 128 1597 esse
162 1558 393 1610 appellatos
426 1558 555 1608 tht.
602 1557 916 1607 animaduertit3
967 1559 1019 1596 de
1069 1562 1214 1611 quibus
1263 1559 1496 1598 Creuzerus

32 1614 176 1653 laudat
209 1614 366 1654 Ruhnk.
400 1614 450 1652 ad
479 1615 638 1652 Timaei
671 1614 764 1654 Lex.
799 1613 902 1653 Plat.
935 1629 974 1666 p.
1015 1617 1102 1656 111.

147 1681 277 1720 quae
309 1676 496 1707 natura
530 1671 662 1721 agri]
723 1670 748 1707 i.
785 1682 822 1708 e.
855 1682 901 1707 ea
933 1685 1025 1722 pars
1060 1674 1160 1723 agri,
1188 1683 1298 1738 ‘quae
1326 1677 1498 1723 propter

34 1731 216 1765 naturam
258 1738 369 1764 suam
413 1725 514 1764 nihil
560 1726 669 1764 aliud
707 1728 837 1777 possit
879 1726 1068 1778 efficere,
1121 1729 1198 1766 nisi
1242 1732 1285 1765 ut
1322 1741 1458 1779 corpo
1462 1742 1494 1766 a

33 1784 222 1839 excipiat.
297 1783 434 1821 Uertit
480 1784 582 1823 haec
629 1795 775 1833 graeca
827 1781 1012 1823 Platonis
1031 1783 1341 1853 (Legg.X1[
1381 1797 1417 1822 c.
1457 1784 1493 1824 9.

29 1864 70 1902 p.
97 1848 240 1918 958.)
289 1852 442 1889 umba:
492 1834 524 1884 ἂ
573 1839 626 1884 δὲ
675 1834 706 1899 ἡ
751 1834 899 1898 χώρα
948 1838 1075 1902 πρὸς
1129 1842 1282 1887 τοῦτο
1323 1836 1496 1902 μόνον

32 1903 203 1966 φύόῖν
246 1924 387 1966 δχεῑ,
421 1920 461 1956 in
499 1920 641 1969 quibus
691 1917 797 1956 male
839 1920 976 1958 Astius
1022 1921 1205 1957 correxit
1249 1901 1280 1968 ἢ
1328 1908 1384 1953 δὲ
1431 1905 1496 1968 δὴ

28 1971 194 2035 χώρα.
253 1985 467 2036 Significat
499 1991 633 2023 autem
668 1991 805 2024 terrae
848 1992 1005 2037 partem
1047 1988 1309 2036 interiorem,
1351 2000 1496 2038 super-

29 2044 162 2081 ficiem
203 2042 480 2094 agriculturae
506 2042 702 2080 destinat.
764 2042 872 2080 Male
900 2044 1087 2081 Moserus
1111 2045 1222 2093 agri
1257 2048 1494 2080 naturam

29 2113 103 2150 pro
137 2112 257 2149 agro
290 2098 370 2136 diei
401 2099 650 2136 existimauit
681 2098 888 2136 aduocatis
911 2100 1122 2137 Ciceronis
1155 2100 1290 2136 uerbis
1318 2098 1370 2136 de
1398 2100 1495 2137 Mt.

31 2156 154 2194 Deor.
198 2151 268 2205 II,
311 2152 378 2194 54.
424 2153 526 2202 1363
565 2167 734 2205 quorum
785 2154 950 2205 quidem
1001 2156 1207 2192 sententia
1254 2155 1357 2192 haec
1405 2160 1494 2191 est:

32 2212 211 2260 aluus,
253 2223 379 2261 quae
422 2215 502 2248 est
547 2212 660 2248 eius
707 2215 923 2261 natura,
965 2209 1366 2263 receptaculum
1412 2217 1497 2248 est

33 2268 141 2304 cibi
174 2272 226 2304 et
255 2267 509 2317 potionis,
554 2274 597 2304 ut
628 2265 734 2304 male
778 2267 925 2305 Bakius
966 2273 1034 2305 aut
1071 2265 1359 2319 expellendum
1401 2279 1497 2304 esse

32 2326 247 2371 natura,
280 2326 349 2358 aut
380 2321 488 2360 aliud
519 2323 616 2372 quid
645 2323 685 2359 in
719 2335 767 2360 eo
794 2321 924 2361 latere
948 2323 1110 2362 dixerit.
1173 2324 1231 2361 De
1254 2324 1496 2374 pronomine
1530 2366 1533 2369 ¹

34 2374 140 2430 (ea)
170 2377 219 2415 ad
251 2378 509 2415 coniunctam
542 2379 752 2416 notionem
784 2381 896 2430 agri
927 2384 1108 2418 natura
1141 2378 1272 2418 relato
1304 2378 1359 2418 cf.
1393 2391 1496 2430 quae

34 2429 185 2473 dixil.
218 2434 252 2484 ξ.
286 2432 353 2474 26.

147 2494 198 2527 ut
228 2487 575 2540 compleatur]
638 2502 695 2528 sc.
729 2491 854 2528 iubet.
918 2492 976 2530 De
1016 2491 1336 2530 affirmandi
1368 2492 1496 2530 uerbo
1539 2531 1543 2535 ,

32 2559 81 2585 ex
112 2546 379 2598 praecedenti
413 2546 538 2583 uerbo
570 2546 798 2596 negandi
832 2546 1033 2587 audiendo
1062 2549 1143 2587 dixi
1177 2544 1233 2586 ΙΙ.
1268 2548 1303 2599 §.
1341 2547 1406 2588 15.
1536 2539 1542 2546 ⁰

146 2603 180 2653 ᾗ.
213 2602 281 2643 68.
345 2603 571 2652 quinque
604 2603 865 2653 homines]
937 2605 1118 2643 'rurnebi
1159 2605 1262 2642 haec
1300 2609 1366 2643 est
1403 2617 1496 2642 cor-

31 2661 162 2698 rectio
204 2661 438 2698 necessaria
477 2672 497 2696 a
540 2657 746 2710 plerisque
786 2661 955 2710 probata
992 2666 1035 2699 et
1084 2662 1321 2699 confirmata
1371 2662 1496 2698 etiam

32 2717 170 2754 uerbis
192 2715 394 2754 Platonis.
453 2715 652 2753 Nimirum
681 2719 879 2767 temporis
913 2717 1140 2769 descriptio
1172 2730 1253 2756 non
1283 2719 1382 2756 item
1420 2716 1494 2754 de-

32 2773 198 2825 scriptis
247 2773 385 2825 operis
432 2784 514 2810 non
566 2772 666 2810 satis
722 2771 832 2810 ualet
886 2773 937 2812 ad
983 2773 1263 2826 sepulcrorum
1316 2778 1491 2811 sumtum
